ISA*00*          *00*          *09*006985290EFT   *12*6154525825     *120127*2303*U*00400*001000302*0*P*>
GS*RA*006985290EFT*6154525825*20120127*2303*1000302*X*004010
ST*820*0001
BPR*I*217.76*C*ACH*CCP*01*061209756*DA*2079900567397*9008965873**01*064102601*DA*3000289*20120131*VEN
TRN*3*771908966*9008965873
DTM*097*20120127
N1*PR*SEARS HOLDINGS MANAGEMENT CORP.*1*008965873
N1*PE*YOUNGS FARMS*92*00069099588
N1*SE*YOUNGS FARMS*92*00069099588
ENT*1
RMR*IK*306320120104*PI*2.05*2.05*0
REF*PO*0020120104
REF*ST*03063
REF*DP*043
DTM*999*20120103
RMR*IK*314320111230*PI*2.05*2.05*0
REF*PO*0020111230
REF*ST*03143
REF*DP*043
DTM*999*20111229
RMR*IK*328920111230*PI*4.1*4.1*0
REF*PO*0020111230
REF*ST*03289
REF*DP*043
DTM*999*20111229
RMR*IK*368520111230*PI*22.55*22.55*0
REF*PO*0020111230
REF*ST*03685
REF*DP*043
DTM*999*20111229
RMR*IK*371320111231*PI*2.05*2.05*0
REF*PO*0020111231
REF*ST*03713
REF*DP*043
DTM*999*20111230
RMR*IK*394120120101*PI*8.2*8.2*0
REF*PO*0020120101
REF*ST*03941
REF*DP*043
DTM*999*20111231
RMR*IK*394120120103*PI*2.05*2.05*0
REF*PO*0020120103
REF*ST*03941
REF*DP*043
DTM*999*20120102
RMR*IK*431220111230*PI*4.1*4.1*0
REF*PO*0020111230
REF*ST*04312
REF*DP*043
DTM*999*20111229
RMR*IK*431220120101*PI*4.1*4.1*0
REF*PO*0020120101
REF*ST*04312
REF*DP*043
DTM*999*20111231
RMR*IK*431220120105*PI*4.1*4.1*0
REF*PO*0020120105
REF*ST*04312
REF*DP*043
DTM*999*20120104
RMR*IK*476020111230*PI*2.05*2.05*0
REF*PO*0020111230
REF*ST*04760
REF*DP*043
DTM*999*20111229
RMR*IK*476020111231*PI*3.5*3.5*0
REF*PO*0020111231
REF*ST*04760
REF*DP*043
DTM*999*20111230
RMR*IK*476020120101*PI*4.1*4.1*0
REF*PO*0020120101
REF*ST*04760
REF*DP*043
DTM*999*20111231
RMR*IK*476020120102*PI*9.65*9.65*0
REF*PO*0020120102
REF*ST*04760
REF*DP*043
DTM*999*20120101
RMR*IK*476020120103*PI*14.35*14.35*0
REF*PO*0020120103
REF*ST*04760
REF*DP*043
DTM*999*20120102
RMR*IK*497020111230*PI*8.2*8.2*0
REF*PO*0020111230
REF*ST*04970
REF*DP*043
DTM*999*20111229
RMR*IK*497020111231*PI*10.25*10.25*0
REF*PO*0020111231
REF*ST*04970
REF*DP*043
DTM*999*20111230
RMR*IK*497020120102*PI*2.05*2.05*0
REF*PO*0020120102
REF*ST*04970
REF*DP*043
DTM*999*20120101
RMR*IK*704520111230*PI*2.05*2.05*0
REF*PO*0020111230
REF*ST*07045
REF*DP*043
DTM*999*20111229
RMR*IK*704520111231*PI*2.05*2.05*0
REF*PO*0020111231
REF*ST*07045
REF*DP*043
DTM*999*20111230
RMR*IK*704520120102*PI*6.15*6.15*0
REF*PO*0020120102
REF*ST*07045
REF*DP*043
DTM*999*20120101
RMR*IK*704520120103*PI*2.05*2.05*0
REF*PO*0020120103
REF*ST*07045
REF*DP*043
DTM*999*20120102
RMR*IK*706320111230*PI*8.2*8.2*0
REF*PO*0020111230
REF*ST*07063
REF*DP*043
DTM*999*20111229
RMR*IK*706320111231*PI*4.1*4.1*0
REF*PO*0020111231
REF*ST*07063
REF*DP*043
DTM*999*20111230
RMR*IK*706420111230*PI*7*7*0
REF*PO*0020111230
REF*ST*07064
REF*DP*043
DTM*999*20111229
RMR*IK*706420111231*PI*4.1*4.1*0
REF*PO*0020111231
REF*ST*07064
REF*DP*043
DTM*999*20111230
RMR*IK*706420120104*PI*7.6*7.6*0
REF*PO*0020120104
REF*ST*07064
REF*DP*043
DTM*999*20120103
RMR*IK*706420120105*PI*3.5*3.5*0
REF*PO*0020120105
REF*ST*07064
REF*DP*043
DTM*999*20120104
RMR*IK*706620111230*PI*4.1*4.1*0
REF*PO*0020111230
REF*ST*07066
REF*DP*043
DTM*999*20111229
RMR*IK*714620111231*PI*4.3*4.3*0
REF*PO*0020111231
REF*ST*07146
REF*DP*043
DTM*999*20111230
RMR*IK*714620120103*PI*4.3*4.3*0
REF*PO*0020120103
REF*ST*07146
REF*DP*043
DTM*999*20120102
RMR*IK*725520120101*PI*2.05*2.05*0
REF*PO*0020120101
REF*ST*07255
REF*DP*043
DTM*999*20111231
RMR*IK*743720111230*PI*2.05*2.05*0
REF*PO*0020111230
REF*ST*07437
REF*DP*043
DTM*999*20111229
RMR*IK*743720111231*PI*4.1*4.1*0
REF*PO*0020111231
REF*ST*07437
REF*DP*043
DTM*999*20111230
RMR*IK*912920120101*PI*4.1*4.1*0
REF*PO*0020120101
REF*ST*09129
REF*DP*043
DTM*999*20111231
RMR*IK*957120111230*PI*6.15*6.15*0
REF*PO*0020111230
REF*ST*09571
REF*DP*043
DTM*999*20111229
RMR*IK*957120111231*PI*2.05*2.05*0
REF*PO*0020111231
REF*ST*09571
REF*DP*043
DTM*999*20111230
RMR*IK*962120111230*PI*4.1*4.1*0
REF*PO*0020111230
REF*ST*09621
REF*DP*043
DTM*999*20111229
RMR*IK*963320111230*PI*2.05*2.05*0
REF*PO*0020111230
REF*ST*09633
REF*DP*043
DTM*999*20111229
RMR*IK*964820111230*PI*2.05*2.05*0
REF*PO*0020111230
REF*ST*09648
REF*DP*043
DTM*999*20111229
RMR*IK*964820120101*PI*2.05*2.05*0
REF*PO*0020120101
REF*ST*09648
REF*DP*043
DTM*999*20111231
RMR*IK*964820120102*PI*2.05*2.05*0
REF*PO*0020120102
REF*ST*09648
REF*DP*043
DTM*999*20120101
RMR*IK*964820120104*PI*2.05*2.05*0
REF*PO*0020120104
REF*ST*09648
REF*DP*043
DTM*999*20120103
RMR*IK*972820111230*PI*9.81*9.81*0
REF*PO*0020111230
REF*ST*09728
REF*DP*043
DTM*999*20111229
RMR*IK*972820120102*PI*4.1*4.1*0
REF*PO*0020120102
REF*ST*09728
REF*DP*043
DTM*999*20120101
SE*234*0001
GE*1*1000302
IEA*1*001000302
ISA*00*          *00*          *08*6120930000     *12*6154525825     *120130*2000*U*00401*000000009*0*P*>
GS*PO*6120930000*6154525825*20120130*2000*9*X*004010
ST*850*90001
BEG*00*SA*1011529687**20120130
REF*IA*506769
CSH*N
ITD*05******60*****Net 60
DTM*001*20120416
DTM*010*20120409
N1*BY*TSC*92*0100
PO1*10*100*EA*6.3**IN*1016017*VN*10 HB PREM*UP*831664000453
CTT*1
SE*11*90001
ST*850*90002
BEG*00*SA*1011529688**20120130
REF*IA*506769
CSH*N
ITD*05******60*****Net 60
DTM*001*20120416
DTM*010*20120409
N1*BY*TSC*92*1103
PO1*10*100*EA*6.3**IN*1016017*VN*10 HB PREM*UP*831664000453
CTT*1
SE*11*90002
ST*850*90003
BEG*00*SA*1011529689**20120130
REF*IA*506769
CSH*N
ITD*05******60*****Net 60
DTM*001*20120416
DTM*010*20120409
N1*BY*TSC*92*1112
PO1*10*100*EA*6.3**IN*1016017*VN*10 HB PREM*UP*831664000453
CTT*1
SE*11*90003
ST*850*90004
BEG*00*SA*1011529690**20120130
REF*IA*506769
CSH*N
ITD*05******60*****Net 60
DTM*001*20120416
DTM*010*20120409
N1*BY*TSC*92*1128
PO1*10*100*EA*6.3**IN*1016017*VN*10 HB PREM*UP*831664000453
CTT*1
SE*11*90004
ST*850*90005
BEG*00*SA*1011529691**20120130
REF*IA*506769
CSH*N
ITD*05******60*****Net 60
DTM*001*20120416
DTM*010*20120409
N1*BY*TSC*92*1157
PO1*10*100*EA*6.3**IN*1016017*VN*10 HB PREM*UP*831664000453
CTT*1
SE*11*90005
ST*850*90006
BEG*00*SA*1011529692**20120130
REF*IA*506769
CSH*N
ITD*05******60*****Net 60
DTM*001*20120416
DTM*010*20120409
N1*BY*TSC*92*0117
PO1*10*100*EA*6.3**IN*1016017*VN*10 HB PREM*UP*831664000453
CTT*1
SE*11*90006
ST*850*90007
BEG*00*SA*1011529693**20120130
REF*IA*506769
CSH*N
ITD*05******60*****Net 60
DTM*001*20120416
DTM*010*20120409
N1*BY*TSC*92*1176
PO1*10*100*EA*6.3**IN*1016017*VN*10 HB PREM*UP*831664000453
CTT*1
SE*11*90007
ST*850*90008
BEG*00*SA*1011529694**20120130
REF*IA*506769
CSH*N
ITD*05******60*****Net 60
DTM*001*20120416
DTM*010*20120409
N1*BY*TSC*92*1182
PO1*10*100*EA*6.3**IN*1016017*VN*10 HB PREM*UP*831664000453
CTT*1
SE*11*90008
ST*850*90009
BEG*00*SA*1011529695**20120130
REF*IA*506769
CSH*N
ITD*05******60*****Net 60
DTM*001*20120416
DTM*010*20120409
N1*BY*TSC*92*1212
PO1*10*100*EA*6.3**IN*1016017*VN*10 HB PREM*UP*831664000453
CTT*1
SE*11*90009
ST*850*90010
BEG*00*SA*1011529696**20120130
REF*IA*506769
CSH*N
ITD*05******60*****Net 60
DTM*001*20120416
DTM*010*20120409
N1*BY*TSC*92*1226
PO1*10*100*EA*6.3**IN*1016017*VN*10 HB PREM*UP*831664000453
CTT*1
SE*11*90010
ST*850*90011
BEG*00*SA*1011529697**20120130
REF*IA*506769
CSH*N
ITD*05******60*****Net 60
DTM*001*20120416
DTM*010*20120409
N1*BY*TSC*92*1228
PO1*10*100*EA*6.3**IN*1016017*VN*10 HB PREM*UP*831664000453
CTT*1
SE*11*90011
ST*850*90012
BEG*00*SA*1011529698**20120130
REF*IA*506769
CSH*N
ITD*05******60*****Net 60
DTM*001*20120416
DTM*010*20120409
N1*BY*TSC*92*1243
PO1*10*100*EA*6.3**IN*1016017*VN*10 HB PREM*UP*831664000453
CTT*1
SE*11*90012
ST*850*90013
BEG*00*SA*1011529699**20120130
REF*IA*506769
CSH*N
ITD*05******60*****Net 60
DTM*001*20120416
DTM*010*20120409
N1*BY*TSC*92*1265
PO1*10*100*EA*6.3**IN*1016017*VN*10 HB PREM*UP*831664000453
CTT*1
SE*11*90013
ST*850*90014
BEG*00*SA*1011529700**20120130
REF*IA*506769
CSH*N
ITD*05******60*****Net 60
DTM*001*20120416
DTM*010*20120409
N1*BY*TSC*92*1266
PO1*10*100*EA*6.3**IN*1016017*VN*10 HB PREM*UP*831664000453
CTT*1
SE*11*90014
ST*850*90015
BEG*00*SA*1011529701**20120130
REF*IA*506769
CSH*N
ITD*05******60*****Net 60
DTM*001*20120416
DTM*010*20120409
N1*BY*TSC*92*1271
PO1*10*100*EA*6.3**IN*1016017*VN*10 HB PREM*UP*831664000453
CTT*1
SE*11*90015
ST*850*90016
BEG*00*SA*1011529702**20120130
REF*IA*506769
CSH*N
ITD*05******60*****Net 60
DTM*001*20120416
DTM*010*20120409
N1*BY*TSC*92*0128
PO1*10*100*EA*6.3**IN*1016017*VN*10 HB PREM*UP*831664000453
CTT*1
SE*11*90016
ST*850*90017
BEG*00*SA*1011529703**20120130
REF*IA*506769
CSH*N
ITD*05******60*****Net 60
DTM*001*20120416
DTM*010*20120409
N1*BY*TSC*92*1290
PO1*10*100*EA*6.3**IN*1016017*VN*10 HB PREM*UP*831664000453
CTT*1
SE*11*90017
ST*850*90018
BEG*00*SA*1011529704**20120130
REF*IA*506769
CSH*N
ITD*05******60*****Net 60
DTM*001*20120416
DTM*010*20120409
N1*BY*TSC*92*1296
PO1*10*100*EA*6.3**IN*1016017*VN*10 HB PREM*UP*831664000453
CTT*1
SE*11*90018
ST*850*90019
BEG*00*SA*1011529705**20120130
REF*IA*506769
CSH*N
ITD*05******60*****Net 60
DTM*001*20120416
DTM*010*20120409
N1*BY*TSC*92*1298
PO1*10*100*EA*6.3**IN*1016017*VN*10 HB PREM*UP*831664000453
CTT*1
SE*11*90019
ST*850*90020
BEG*00*SA*1011529706**20120130
REF*IA*506769
CSH*N
ITD*05******60*****Net 60
DTM*001*20120416
DTM*010*20120409
N1*BY*TSC*92*1301
PO1*10*100*EA*6.3**IN*1016017*VN*10 HB PREM*UP*831664000453
CTT*1
SE*11*90020
ST*850*90021
BEG*00*SA*1011529707**20120130
REF*IA*506769
CSH*N
ITD*05******60*****Net 60
DTM*001*20120416
DTM*010*20120409
N1*BY*TSC*92*0132
PO1*10*100*EA*6.3**IN*1016017*VN*10 HB PREM*UP*831664000453
CTT*1
SE*11*90021
ST*850*90022
BEG*00*SA*1011529708**20120130
REF*IA*506769
CSH*N
ITD*05******60*****Net 60
DTM*001*20120416
DTM*010*20120409
N1*BY*TSC*92*1320
PO1*10*100*EA*6.3**IN*1016017*VN*10 HB PREM*UP*831664000453
CTT*1
SE*11*90022
ST*850*90023
BEG*00*SA*1011529709**20120130
REF*IA*506769
CSH*N
ITD*05******60*****Net 60
DTM*001*20120416
DTM*010*20120409
N1*BY*TSC*92*1321
PO1*10*100*EA*6.3**IN*1016017*VN*10 HB PREM*UP*831664000453
CTT*1
SE*11*90023
ST*850*90024
BEG*00*SA*1011529710**20120130
REF*IA*506769
CSH*N
ITD*05******60*****Net 60
DTM*001*20120416
DTM*010*20120409
N1*BY*TSC*92*1337
PO1*10*100*EA*6.3**IN*1016017*VN*10 HB PREM*UP*831664000453
CTT*1
SE*11*90024
ST*850*90025
BEG*00*SA*1011529711**20120130
REF*IA*506769
CSH*N
ITD*05******60*****Net 60
DTM*001*20120416
DTM*010*20120409
N1*BY*TSC*92*1346
PO1*10*100*EA*6.3**IN*1016017*VN*10 HB PREM*UP*831664000453
CTT*1
SE*11*90025
ST*850*90026
BEG*00*SA*1011529712**20120130
REF*IA*506769
CSH*N
ITD*05******60*****Net 60
DTM*001*20120416
DTM*010*20120409
N1*BY*TSC*92*0135
PO1*10*100*EA*6.3**IN*1016017*VN*10 HB PREM*UP*831664000453
CTT*1
SE*11*90026
ST*850*90027
BEG*00*SA*1011529713**20120130
REF*IA*506769
CSH*N
ITD*05******60*****Net 60
DTM*001*20120416
DTM*010*20120409
N1*BY*TSC*92*1368
PO1*10*100*EA*6.3**IN*1016017*VN*10 HB PREM*UP*831664000453
CTT*1
SE*11*90027
ST*850*90028
BEG*00*SA*1011529714**20120130
REF*IA*506769
CSH*N
ITD*05******60*****Net 60
DTM*001*20120416
DTM*010*20120409
N1*BY*TSC*92*1371
PO1*10*100*EA*6.3**IN*1016017*VN*10 HB PREM*UP*831664000453
CTT*1
SE*11*90028
ST*850*90029
BEG*00*SA*1011529715**20120130
REF*IA*506769
CSH*N
ITD*05******60*****Net 60
DTM*001*20120416
DTM*010*20120409
N1*BY*TSC*92*0138
PO1*10*100*EA*6.3**IN*1016017*VN*10 HB PREM*UP*831664000453
CTT*1
SE*11*90029
ST*850*90030
BEG*00*SA*1011529716**20120130
REF*IA*506769
CSH*N
ITD*05******60*****Net 60
DTM*001*20120416
DTM*010*20120409
N1*BY*TSC*92*1387
PO1*10*100*EA*6.3**IN*1016017*VN*10 HB PREM*UP*831664000453
CTT*1
SE*11*90030
ST*850*90031
BEG*00*SA*1011529717**20120130
REF*IA*506769
CSH*N
ITD*05******60*****Net 60
DTM*001*20120416
DTM*010*20120409
N1*BY*TSC*92*1392
PO1*10*100*EA*6.3**IN*1016017*VN*10 HB PREM*UP*831664000453
CTT*1
SE*11*90031
ST*850*90032
BEG*00*SA*1011529718**20120130
REF*IA*506769
CSH*N
ITD*05******60*****Net 60
DTM*001*20120416
DTM*010*20120409
N1*BY*TSC*92*1396
PO1*10*100*EA*6.3**IN*1016017*VN*10 HB PREM*UP*831664000453
CTT*1
SE*11*90032
ST*850*90033
BEG*00*SA*1011529719**20120130
REF*IA*506769
CSH*N
ITD*05******60*****Net 60
DTM*001*20120416
DTM*010*20120409
N1*BY*TSC*92*1429
PO1*10*100*EA*6.3**IN*1016017*VN*10 HB PREM*UP*831664000453
CTT*1
SE*11*90033
ST*850*90034
BEG*00*SA*1011529720**20120130
REF*IA*506769
CSH*N
ITD*05******60*****Net 60
DTM*001*20120416
DTM*010*20120409
N1*BY*TSC*92*1430
PO1*10*100*EA*6.3**IN*1016017*VN*10 HB PREM*UP*831664000453
CTT*1
SE*11*90034
ST*850*90035
BEG*00*SA*1011529721**20120130
REF*IA*506769
CSH*N
ITD*05******60*****Net 60
DTM*001*20120416
DTM*010*20120409
N1*BY*TSC*92*1442
PO1*10*100*EA*6.3**IN*1016017*VN*10 HB PREM*UP*831664000453
CTT*1
SE*11*90035
ST*850*90036
BEG*00*SA*1011529722**20120130
REF*IA*506769
CSH*N
ITD*05******60*****Net 60
DTM*001*20120416
DTM*010*20120409
N1*BY*TSC*92*1460
PO1*10*100*EA*6.3**IN*1016017*VN*10 HB PREM*UP*831664000453
CTT*1
SE*11*90036
ST*850*90037
BEG*00*SA*1011530723**20120130
REF*IA*506769
CSH*N
ITD*05******60*****Net 60
DTM*001*20120416
DTM*010*20120409
N1*BY*TSC*92*1462
PO1*10*100*EA*6.3**IN*1016017*VN*10 HB PREM*UP*831664000453
CTT*1
SE*11*90037
ST*850*90038
BEG*00*SA*1011530724**20120130
REF*IA*506769
CSH*N
ITD*05******60*****Net 60
DTM*001*20120416
DTM*010*20120409
N1*BY*TSC*92*1470
PO1*10*100*EA*6.3**IN*1016017*VN*10 HB PREM*UP*831664000453
CTT*1
SE*11*90038
ST*850*90039
BEG*00*SA*1011530725**20120130
REF*IA*506769
CSH*N
ITD*05******60*****Net 60
DTM*001*20120416
DTM*010*20120409
N1*BY*TSC*92*1492
PO1*10*100*EA*6.3**IN*1016017*VN*10 HB PREM*UP*831664000453
CTT*1
SE*11*90039
ST*850*90040
BEG*00*SA*1011530726**20120130
REF*IA*506769
CSH*N
ITD*05******60*****Net 60
DTM*001*20120416
DTM*010*20120409
N1*BY*TSC*92*1511
PO1*10*100*EA*6.3**IN*1016017*VN*10 HB PREM*UP*831664000453
CTT*1
SE*11*90040
ST*850*90041
BEG*00*SA*1011530727**20120130
REF*IA*506769
CSH*N
ITD*05******60*****Net 60
DTM*001*20120416
DTM*010*20120409
N1*BY*TSC*92*1514
PO1*10*100*EA*6.3**IN*1016017*VN*10 HB PREM*UP*831664000453
CTT*1
SE*11*90041
ST*850*90042
BEG*00*SA*1011530728**20120130
REF*IA*506769
CSH*N
ITD*05******60*****Net 60
DTM*001*20120416
DTM*010*20120409
N1*BY*TSC*92*1516
PO1*10*100*EA*6.3**IN*1016017*VN*10 HB PREM*UP*831664000453
CTT*1
SE*11*90042
ST*850*90043
BEG*00*SA*1011530729**20120130
REF*IA*506769
CSH*N
ITD*05******60*****Net 60
DTM*001*20120416
DTM*010*20120409
N1*BY*TSC*92*1519
PO1*10*100*EA*6.3**IN*1016017*VN*10 HB PREM*UP*831664000453
CTT*1
SE*11*90043
ST*850*90044
BEG*00*SA*1011530730**20120130
REF*IA*506769
CSH*N
ITD*05******60*****Net 60
DTM*001*20120416
DTM*010*20120409
N1*BY*TSC*92*1522
PO1*10*100*EA*6.3**IN*1016017*VN*10 HB PREM*UP*831664000453
CTT*1
SE*11*90044
ST*850*90045
BEG*00*SA*1011530731**20120130
REF*IA*506769
CSH*N
ITD*05******60*****Net 60
DTM*001*20120416
DTM*010*20120409
N1*BY*TSC*92*1523
PO1*10*100*EA*6.3**IN*1016017*VN*10 HB PREM*UP*831664000453
CTT*1
SE*11*90045
ST*850*90046
BEG*00*SA*1011530732**20120130
REF*IA*506769
CSH*N
ITD*05******60*****Net 60
DTM*001*20120416
DTM*010*20120409
N1*BY*TSC*92*0153
PO1*10*100*EA*6.3**IN*1016017*VN*10 HB PREM*UP*831664000453
CTT*1
SE*11*90046
ST*850*90047
BEG*00*SA*1011530733**20120130
REF*IA*506769
CSH*N
ITD*05******60*****Net 60
DTM*001*20120416
DTM*010*20120409
N1*BY*TSC*92*1531
PO1*10*100*EA*6.3**IN*1016017*VN*10 HB PREM*UP*831664000453
CTT*1
SE*11*90047
ST*850*90048
BEG*00*SA*1011530734**20120130
REF*IA*506769
CSH*N
ITD*05******60*****Net 60
DTM*001*20120416
DTM*010*20120409
N1*BY*TSC*92*1556
PO1*10*100*EA*6.3**IN*1016017*VN*10 HB PREM*UP*831664000453
CTT*1
SE*11*90048
ST*850*90049
BEG*00*SA*1011530735**20120130
REF*IA*506769
CSH*N
ITD*05******60*****Net 60
DTM*001*20120416
DTM*010*20120409
N1*BY*TSC*92*1557
PO1*10*100*EA*6.3**IN*1016017*VN*10 HB PREM*UP*831664000453
CTT*1
SE*11*90049
ST*850*90050
BEG*00*SA*1011530736**20120130
REF*IA*506769
CSH*N
ITD*05******60*****Net 60
DTM*001*20120416
DTM*010*20120409
N1*BY*TSC*92*1561
PO1*10*100*EA*6.3**IN*1016017*VN*10 HB PREM*UP*831664000453
CTT*1
SE*11*90050
ST*850*90051
BEG*00*SA*1011530737**20120130
REF*IA*506769
CSH*N
ITD*05******60*****Net 60
DTM*001*20120416
DTM*010*20120409
N1*BY*TSC*92*1565
PO1*10*100*EA*6.3**IN*1016017*VN*10 HB PREM*UP*831664000453
CTT*1
SE*11*90051
ST*850*90052
BEG*00*SA*1011530738**20120130
REF*IA*506769
CSH*N
ITD*05******60*****Net 60
DTM*001*20120416
DTM*010*20120409
N1*BY*TSC*92*1569
PO1*10*100*EA*6.3**IN*1016017*VN*10 HB PREM*UP*831664000453
CTT*1
SE*11*90052
ST*850*90053
BEG*00*SA*1011530739**20120130
REF*IA*506769
CSH*N
ITD*05******60*****Net 60
DTM*001*20120416
DTM*010*20120409
N1*BY*TSC*92*1577
PO1*10*100*EA*6.3**IN*1016017*VN*10 HB PREM*UP*831664000453
CTT*1
SE*11*90053
ST*850*90054
BEG*00*SA*1011530740**20120130
REF*IA*506769
CSH*N
ITD*05******60*****Net 60
DTM*001*20120416
DTM*010*20120409
N1*BY*TSC*92*1589
PO1*10*100*EA*6.3**IN*1016017*VN*10 HB PREM*UP*831664000453
CTT*1
SE*11*90054
ST*850*90055
BEG*00*SA*1011530741**20120130
REF*IA*506769
CSH*N
ITD*05******60*****Net 60
DTM*001*20120416
DTM*010*20120409
N1*BY*TSC*92*1591
PO1*10*100*EA*6.3**IN*1016017*VN*10 HB PREM*UP*831664000453
CTT*1
SE*11*90055
ST*850*90056
BEG*00*SA*1011530742**20120130
REF*IA*506769
CSH*N
ITD*05******60*****Net 60
DTM*001*20120416
DTM*010*20120409
N1*BY*TSC*92*1604
PO1*10*100*EA*6.3**IN*1016017*VN*10 HB PREM*UP*831664000453
CTT*1
SE*11*90056
ST*850*90057
BEG*00*SA*1011530743**20120130
REF*IA*506769
CSH*N
ITD*05******60*****Net 60
DTM*001*20120416
DTM*010*20120409
N1*BY*TSC*92*0173
PO1*10*100*EA*6.3**IN*1016017*VN*10 HB PREM*UP*831664000453
CTT*1
SE*11*90057
ST*850*90058
BEG*00*SA*1011530744**20120130
REF*IA*506769
CSH*N
ITD*05******60*****Net 60
DTM*001*20120416
DTM*010*20120409
N1*BY*TSC*92*0176
PO1*10*100*EA*6.3**IN*1016017*VN*10 HB PREM*UP*831664000453
CTT*1
SE*11*90058
ST*850*90059
BEG*00*SA*1011530745**20120130
REF*IA*506769
CSH*N
ITD*05******60*****Net 60
DTM*001*20120416
DTM*010*20120409
N1*BY*TSC*92*0180
PO1*10*100*EA*6.3**IN*1016017*VN*10 HB PREM*UP*831664000453
CTT*1
SE*11*90059
ST*850*90060
BEG*00*SA*1011530746**20120130
REF*IA*506769
CSH*N
ITD*05******60*****Net 60
DTM*001*20120416
DTM*010*20120409
N1*BY*TSC*92*0184
PO1*10*100*EA*6.3**IN*1016017*VN*10 HB PREM*UP*831664000453
CTT*1
SE*11*90060
ST*850*90061
BEG*00*SA*1011530747**20120130
REF*IA*506769
CSH*N
ITD*05******60*****Net 60
DTM*001*20120416
DTM*010*20120409
N1*BY*TSC*92*0185
PO1*10*100*EA*6.3**IN*1016017*VN*10 HB PREM*UP*831664000453
CTT*1
SE*11*90061
ST*850*90062
BEG*00*SA*1011530748**20120130
REF*IA*506769
CSH*N
ITD*05******60*****Net 60
DTM*001*20120416
DTM*010*20120409
N1*BY*TSC*92*0191
PO1*10*100*EA*6.3**IN*1016017*VN*10 HB PREM*UP*831664000453
CTT*1
SE*11*90062
ST*850*90063
BEG*00*SA*1011530749**20120130
REF*IA*506769
CSH*N
ITD*05******60*****Net 60
DTM*001*20120416
DTM*010*20120409
N1*BY*TSC*92*0201
PO1*10*100*EA*6.3**IN*1016017*VN*10 HB PREM*UP*831664000453
CTT*1
SE*11*90063
ST*850*90064
BEG*00*SA*1011530750**20120130
REF*IA*506769
CSH*N
ITD*05******60*****Net 60
DTM*001*20120416
DTM*010*20120409
N1*BY*TSC*92*0224
PO1*10*100*EA*6.3**IN*1016017*VN*10 HB PREM*UP*831664000453
CTT*1
SE*11*90064
ST*850*90065
BEG*00*SA*1011530751**20120130
REF*IA*506769
CSH*N
ITD*05******60*****Net 60
DTM*001*20120416
DTM*010*20120409
N1*BY*TSC*92*0225
PO1*10*100*EA*6.3**IN*1016017*VN*10 HB PREM*UP*831664000453
CTT*1
SE*11*90065
ST*850*90066
BEG*00*SA*1011530752**20120130
REF*IA*506769
CSH*N
ITD*05******60*****Net 60
DTM*001*20120416
DTM*010*20120409
N1*BY*TSC*92*0243
PO1*10*100*EA*6.3**IN*1016017*VN*10 HB PREM*UP*831664000453
CTT*1
SE*11*90066
ST*850*90067
BEG*00*SA*1011530753**20120130
REF*IA*506769
CSH*N
ITD*05******60*****Net 60
DTM*001*20120416
DTM*010*20120409
N1*BY*TSC*92*0247
PO1*10*100*EA*6.3**IN*1016017*VN*10 HB PREM*UP*831664000453
CTT*1
SE*11*90067
ST*850*90068
BEG*00*SA*1011530754**20120130
REF*IA*506769
CSH*N
ITD*05******60*****Net 60
DTM*001*20120416
DTM*010*20120409
N1*BY*TSC*92*0248
PO1*10*100*EA*6.3**IN*1016017*VN*10 HB PREM*UP*831664000453
CTT*1
SE*11*90068
ST*850*90069
BEG*00*SA*1011530755**20120130
REF*IA*506769
CSH*N
ITD*05******60*****Net 60
DTM*001*20120416
DTM*010*20120409
N1*BY*TSC*92*0263
PO1*10*100*EA*6.3**IN*1016017*VN*10 HB PREM*UP*831664000453
CTT*1
SE*11*90069
ST*850*90070
BEG*00*SA*1011530756**20120130
REF*IA*506769
CSH*N
ITD*05******60*****Net 60
DTM*001*20120416
DTM*010*20120409
N1*BY*TSC*92*0275
PO1*10*100*EA*6.3**IN*1016017*VN*10 HB PREM*UP*831664000453
CTT*1
SE*11*90070
ST*850*90071
BEG*00*SA*1011530757**20120130
REF*IA*506769
CSH*N
ITD*05******60*****Net 60
DTM*001*20120416
DTM*010*20120409
N1*BY*TSC*92*0293
PO1*10*100*EA*6.3**IN*1016017*VN*10 HB PREM*UP*831664000453
CTT*1
SE*11*90071
ST*850*90072
BEG*00*SA*1011530758**20120130
REF*IA*506769
CSH*N
ITD*05******60*****Net 60
DTM*001*20120416
DTM*010*20120409
N1*BY*TSC*92*0294
PO1*10*100*EA*6.3**IN*1016017*VN*10 HB PREM*UP*831664000453
CTT*1
SE*11*90072
ST*850*90073
BEG*00*SA*1011530759**20120130
REF*IA*506769
CSH*N
ITD*05******60*****Net 60
DTM*001*20120416
DTM*010*20120409
N1*BY*TSC*92*0318
PO1*10*100*EA*6.3**IN*1016017*VN*10 HB PREM*UP*831664000453
CTT*1
SE*11*90073
ST*850*90074
BEG*00*SA*1011530760**20120130
REF*IA*506769
CSH*N
ITD*05******60*****Net 60
DTM*001*20120416
DTM*010*20120409
N1*BY*TSC*92*0356
PO1*10*100*EA*6.3**IN*1016017*VN*10 HB PREM*UP*831664000453
CTT*1
SE*11*90074
ST*850*90075
BEG*00*SA*1011530761**20120130
REF*IA*506769
CSH*N
ITD*05******60*****Net 60
DTM*001*20120416
DTM*010*20120409
N1*BY*TSC*92*0358
PO1*10*100*EA*6.3**IN*1016017*VN*10 HB PREM*UP*831664000453
CTT*1
SE*11*90075
ST*850*90076
BEG*00*SA*1011530762**20120130
REF*IA*506769
CSH*N
ITD*05******60*****Net 60
DTM*001*20120416
DTM*010*20120409
N1*BY*TSC*92*0359
PO1*10*100*EA*6.3**IN*1016017*VN*10 HB PREM*UP*831664000453
CTT*1
SE*11*90076
ST*850*90077
BEG*00*SA*1011530763**20120130
REF*IA*506769
CSH*N
ITD*05******60*****Net 60
DTM*001*20120416
DTM*010*20120409
N1*BY*TSC*92*0360
PO1*10*100*EA*6.3**IN*1016017*VN*10 HB PREM*UP*831664000453
CTT*1
SE*11*90077
ST*850*90078
BEG*00*SA*1011530764**20120130
REF*IA*506769
CSH*N
ITD*05******60*****Net 60
DTM*001*20120416
DTM*010*20120409
N1*BY*TSC*92*0361
PO1*10*100*EA*6.3**IN*1016017*VN*10 HB PREM*UP*831664000453
CTT*1
SE*11*90078
ST*850*90079
BEG*00*SA*1011530765**20120130
REF*IA*506769
CSH*N
ITD*05******60*****Net 60
DTM*001*20120416
DTM*010*20120409
N1*BY*TSC*92*0368
PO1*10*100*EA*6.3**IN*1016017*VN*10 HB PREM*UP*831664000453
CTT*1
SE*11*90079
ST*850*90080
BEG*00*SA*1011530766**20120130
REF*IA*506769
CSH*N
ITD*05******60*****Net 60
DTM*001*20120416
DTM*010*20120409
N1*BY*TSC*92*0378
PO1*10*100*EA*6.3**IN*1016017*VN*10 HB PREM*UP*831664000453
CTT*1
SE*11*90080
ST*850*90081
BEG*00*SA*1011530767**20120130
REF*IA*506769
CSH*N
ITD*05******60*****Net 60
DTM*001*20120416
DTM*010*20120409
N1*BY*TSC*92*0380
PO1*10*100*EA*6.3**IN*1016017*VN*10 HB PREM*UP*831664000453
CTT*1
SE*11*90081
ST*850*90082
BEG*00*SA*1011530768**20120130
REF*IA*506769
CSH*N
ITD*05******60*****Net 60
DTM*001*20120416
DTM*010*20120409
N1*BY*TSC*92*0388
PO1*10*100*EA*6.3**IN*1016017*VN*10 HB PREM*UP*831664000453
CTT*1
SE*11*90082
ST*850*90083
BEG*00*SA*1011530769**20120130
REF*IA*506769
CSH*N
ITD*05******60*****Net 60
DTM*001*20120416
DTM*010*20120409
N1*BY*TSC*92*0394
PO1*10*100*EA*6.3**IN*1016017*VN*10 HB PREM*UP*831664000453
CTT*1
SE*11*90083
ST*850*90084
BEG*00*SA*1011530770**20120130
REF*IA*506769
CSH*N
ITD*05******60*****Net 60
DTM*001*20120416
DTM*010*20120409
N1*BY*TSC*92*0402
PO1*10*100*EA*6.3**IN*1016017*VN*10 HB PREM*UP*831664000453
CTT*1
SE*11*90084
ST*850*90085
BEG*00*SA*1011530771**20120130
REF*IA*506769
CSH*N
ITD*05******60*****Net 60
DTM*001*20120416
DTM*010*20120409
N1*BY*TSC*92*0403
PO1*10*100*EA*6.3**IN*1016017*VN*10 HB PREM*UP*831664000453
CTT*1
SE*11*90085
ST*850*90086
BEG*00*SA*1011530772**20120130
REF*IA*506769
CSH*N
ITD*05******60*****Net 60
DTM*001*20120416
DTM*010*20120409
N1*BY*TSC*92*0405
PO1*10*100*EA*6.3**IN*1016017*VN*10 HB PREM*UP*831664000453
CTT*1
SE*11*90086
ST*850*90087
BEG*00*SA*1011530773**20120130
REF*IA*506769
CSH*N
ITD*05******60*****Net 60
DTM*001*20120416
DTM*010*20120409
N1*BY*TSC*92*0415
PO1*10*100*EA*6.3**IN*1016017*VN*10 HB PREM*UP*831664000453
CTT*1
SE*11*90087
ST*850*90088
BEG*00*SA*1011530774**20120130
REF*IA*506769
CSH*N
ITD*05******60*****Net 60
DTM*001*20120416
DTM*010*20120409
N1*BY*TSC*92*0416
PO1*10*100*EA*6.3**IN*1016017*VN*10 HB PREM*UP*831664000453
CTT*1
SE*11*90088
ST*850*90089
BEG*00*SA*1011530775**20120130
REF*IA*506769
CSH*N
ITD*05******60*****Net 60
DTM*001*20120416
DTM*010*20120409
N1*BY*TSC*92*0421
PO1*10*100*EA*6.3**IN*1016017*VN*10 HB PREM*UP*831664000453
CTT*1
SE*11*90089
ST*850*90090
BEG*00*SA*1011530776**20120130
REF*IA*506769
CSH*N
ITD*05******60*****Net 60
DTM*001*20120416
DTM*010*20120409
N1*BY*TSC*92*0425
PO1*10*100*EA*6.3**IN*1016017*VN*10 HB PREM*UP*831664000453
CTT*1
SE*11*90090
ST*850*90091
BEG*00*SA*1011530777**20120130
REF*IA*506769
CSH*N
ITD*05******60*****Net 60
DTM*001*20120416
DTM*010*20120409
N1*BY*TSC*92*0426
PO1*10*100*EA*6.3**IN*1016017*VN*10 HB PREM*UP*831664000453
CTT*1
SE*11*90091
ST*850*90092
BEG*00*SA*1011530778**20120130
REF*IA*506769
CSH*N
ITD*05******60*****Net 60
DTM*001*20120416
DTM*010*20120409
N1*BY*TSC*92*0428
PO1*10*100*EA*6.3**IN*1016017*VN*10 HB PREM*UP*831664000453
CTT*1
SE*11*90092
ST*850*90093
BEG*00*SA*1011530779**20120130
REF*IA*506769
CSH*N
ITD*05******60*****Net 60
DTM*001*20120416
DTM*010*20120409
N1*BY*TSC*92*0434
PO1*10*100*EA*6.3**IN*1016017*VN*10 HB PREM*UP*831664000453
CTT*1
SE*11*90093
ST*850*90094
BEG*00*SA*1011530780**20120130
REF*IA*506769
CSH*N
ITD*05******60*****Net 60
DTM*001*20120416
DTM*010*20120409
N1*BY*TSC*92*0438
PO1*10*100*EA*6.3**IN*1016017*VN*10 HB PREM*UP*831664000453
CTT*1
SE*11*90094
ST*850*90095
BEG*00*SA*1011530781**20120130
REF*IA*506769
CSH*N
ITD*05******60*****Net 60
DTM*001*20120416
DTM*010*20120409
N1*BY*TSC*92*0451
PO1*10*100*EA*6.3**IN*1016017*VN*10 HB PREM*UP*831664000453
CTT*1
SE*11*90095
ST*850*90096
BEG*00*SA*1011530782**20120130
REF*IA*506769
CSH*N
ITD*05******60*****Net 60
DTM*001*20120416
DTM*010*20120409
N1*BY*TSC*92*0454
PO1*10*100*EA*6.3**IN*1016017*VN*10 HB PREM*UP*831664000453
CTT*1
SE*11*90096
ST*850*90097
BEG*00*SA*1011530783**20120130
REF*IA*506769
CSH*N
ITD*05******60*****Net 60
DTM*001*20120416
DTM*010*20120409
N1*BY*TSC*92*0476
PO1*10*100*EA*6.3**IN*1016017*VN*10 HB PREM*UP*831664000453
CTT*1
SE*11*90097
ST*850*90098
BEG*00*SA*1011530784**20120130
REF*IA*506769
CSH*N
ITD*05******60*****Net 60
DTM*001*20120416
DTM*010*20120409
N1*BY*TSC*92*0478
PO1*10*100*EA*6.3**IN*1016017*VN*10 HB PREM*UP*831664000453
CTT*1
SE*11*90098
ST*850*90099
BEG*00*SA*1011530785**20120130
REF*IA*506769
CSH*N
ITD*05******60*****Net 60
DTM*001*20120416
DTM*010*20120409
N1*BY*TSC*92*0479
PO1*10*100*EA*6.3**IN*1016017*VN*10 HB PREM*UP*831664000453
CTT*1
SE*11*90099
ST*850*90100
BEG*00*SA*1011530786**20120130
REF*IA*506769
CSH*N
ITD*05******60*****Net 60
DTM*001*20120416
DTM*010*20120409
N1*BY*TSC*92*0489
PO1*10*100*EA*6.3**IN*1016017*VN*10 HB PREM*UP*831664000453
CTT*1
SE*11*90100
ST*850*90101
BEG*00*SA*1011530787**20120130
REF*IA*506769
CSH*N
ITD*05******60*****Net 60
DTM*001*20120416
DTM*010*20120409
N1*BY*TSC*92*0495
PO1*10*100*EA*6.3**IN*1016017*VN*10 HB PREM*UP*831664000453
CTT*1
SE*11*90101
ST*850*90102
BEG*00*SA*1011530788**20120130
REF*IA*506769
CSH*N
ITD*05******60*****Net 60
DTM*001*20120416
DTM*010*20120409
N1*BY*TSC*92*0500
PO1*10*100*EA*6.3**IN*1016017*VN*10 HB PREM*UP*831664000453
CTT*1
SE*11*90102
ST*850*90103
BEG*00*SA*1011530789**20120130
REF*IA*506769
CSH*N
ITD*05******60*****Net 60
DTM*001*20120416
DTM*010*20120409
N1*BY*TSC*92*0516
PO1*10*100*EA*6.3**IN*1016017*VN*10 HB PREM*UP*831664000453
CTT*1
SE*11*90103
ST*850*90104
BEG*00*SA*1011530790**20120130
REF*IA*506769
CSH*N
ITD*05******60*****Net 60
DTM*001*20120416
DTM*010*20120409
N1*BY*TSC*92*0520
PO1*10*100*EA*6.3**IN*1016017*VN*10 HB PREM*UP*831664000453
CTT*1
SE*11*90104
ST*850*90105
BEG*00*SA*1011530791**20120130
REF*IA*506769
CSH*N
ITD*05******60*****Net 60
DTM*001*20120416
DTM*010*20120409
N1*BY*TSC*92*0523
PO1*10*100*EA*6.3**IN*1016017*VN*10 HB PREM*UP*831664000453
CTT*1
SE*11*90105
ST*850*90106
BEG*00*SA*1011530792**20120130
REF*IA*506769
CSH*N
ITD*05******60*****Net 60
DTM*001*20120416
DTM*010*20120409
N1*BY*TSC*92*0529
PO1*10*100*EA*6.3**IN*1016017*VN*10 HB PREM*UP*831664000453
CTT*1
SE*11*90106
ST*850*90107
BEG*00*SA*1011530793**20120130
REF*IA*506769
CSH*N
ITD*05******60*****Net 60
DTM*001*20120416
DTM*010*20120409
N1*BY*TSC*92*0536
PO1*10*100*EA*6.3**IN*1016017*VN*10 HB PREM*UP*831664000453
CTT*1
SE*11*90107
ST*850*90108
BEG*00*SA*1011530794**20120130
REF*IA*506769
CSH*N
ITD*05******60*****Net 60
DTM*001*20120416
DTM*010*20120409
N1*BY*TSC*92*0546
PO1*10*100*EA*6.3**IN*1016017*VN*10 HB PREM*UP*831664000453
CTT*1
SE*11*90108
ST*850*90109
BEG*00*SA*1011530795**20120130
REF*IA*506769
CSH*N
ITD*05******60*****Net 60
DTM*001*20120416
DTM*010*20120409
N1*BY*TSC*92*0551
PO1*10*100*EA*6.3**IN*1016017*VN*10 HB PREM*UP*831664000453
CTT*1
SE*11*90109
ST*850*90110
BEG*00*SA*1011530796**20120130
REF*IA*506769
CSH*N
ITD*05******60*****Net 60
DTM*001*20120416
DTM*010*20120409
N1*BY*TSC*92*0556
PO1*10*100*EA*6.3**IN*1016017*VN*10 HB PREM*UP*831664000453
CTT*1
SE*11*90110
ST*850*90111
BEG*00*SA*1011530797**20120130
REF*IA*506769
CSH*N
ITD*05******60*****Net 60
DTM*001*20120416
DTM*010*20120409
N1*BY*TSC*92*0593
PO1*10*100*EA*6.3**IN*1016017*VN*10 HB PREM*UP*831664000453
CTT*1
SE*11*90111
ST*850*90112
BEG*00*SA*1011530798**20120130
REF*IA*506769
CSH*N
ITD*05******60*****Net 60
DTM*001*20120416
DTM*010*20120409
N1*BY*TSC*92*0600
PO1*10*100*EA*6.3**IN*1016017*VN*10 HB PREM*UP*831664000453
CTT*1
SE*11*90112
ST*850*90113
BEG*00*SA*1011530799**20120130
REF*IA*506769
CSH*N
ITD*05******60*****Net 60
DTM*001*20120416
DTM*010*20120409
N1*BY*TSC*92*0601
PO1*10*100*EA*6.3**IN*1016017*VN*10 HB PREM*UP*831664000453
CTT*1
SE*11*90113
ST*850*90114
BEG*00*SA*1011530800**20120130
REF*IA*506769
CSH*N
ITD*05******60*****Net 60
DTM*001*20120416
DTM*010*20120409
N1*BY*TSC*92*0602
PO1*10*100*EA*6.3**IN*1016017*VN*10 HB PREM*UP*831664000453
CTT*1
SE*11*90114
ST*850*90115
BEG*00*SA*1011530801**20120130
REF*IA*506769
CSH*N
ITD*05******60*****Net 60
DTM*001*20120416
DTM*010*20120409
N1*BY*TSC*92*0613
PO1*10*100*EA*6.3**IN*1016017*VN*10 HB PREM*UP*831664000453
CTT*1
SE*11*90115
ST*850*90116
BEG*00*SA*1011530802**20120130
REF*IA*506769
CSH*N
ITD*05******60*****Net 60
DTM*001*20120416
DTM*010*20120409
N1*BY*TSC*92*0626
PO1*10*100*EA*6.3**IN*1016017*VN*10 HB PREM*UP*831664000453
CTT*1
SE*11*90116
ST*850*90117
BEG*00*SA*1011530803**20120130
REF*IA*506769
CSH*N
ITD*05******60*****Net 60
DTM*001*20120416
DTM*010*20120409
N1*BY*TSC*92*0627
PO1*10*100*EA*6.3**IN*1016017*VN*10 HB PREM*UP*831664000453
CTT*1
SE*11*90117
ST*850*90118
BEG*00*SA*1011530804**20120130
REF*IA*506769
CSH*N
ITD*05******60*****Net 60
DTM*001*20120416
DTM*010*20120409
N1*BY*TSC*92*0628
PO1*10*100*EA*6.3**IN*1016017*VN*10 HB PREM*UP*831664000453
CTT*1
SE*11*90118
ST*850*90119
BEG*00*SA*1011530805**20120130
REF*IA*506769
CSH*N
ITD*05******60*****Net 60
DTM*001*20120416
DTM*010*20120409
N1*BY*TSC*92*0705
PO1*10*100*EA*6.3**IN*1016017*VN*10 HB PREM*UP*831664000453
CTT*1
SE*11*90119
ST*850*90120
BEG*00*SA*1011530806**20120130
REF*IA*506769
CSH*N
ITD*05******60*****Net 60
DTM*001*20120416
DTM*010*20120409
N1*BY*TSC*92*0706
PO1*10*100*EA*6.3**IN*1016017*VN*10 HB PREM*UP*831664000453
CTT*1
SE*11*90120
ST*850*90121
BEG*00*SA*1011530807**20120130
REF*IA*506769
CSH*N
ITD*05******60*****Net 60
DTM*001*20120416
DTM*010*20120409
N1*BY*TSC*92*0713
PO1*10*100*EA*6.3**IN*1016017*VN*10 HB PREM*UP*831664000453
CTT*1
SE*11*90121
ST*850*90122
BEG*00*SA*1011530808**20120130
REF*IA*506769
CSH*N
ITD*05******60*****Net 60
DTM*001*20120416
DTM*010*20120409
N1*BY*TSC*92*0717
PO1*10*100*EA*6.3**IN*1016017*VN*10 HB PREM*UP*831664000453
CTT*1
SE*11*90122
ST*850*90123
BEG*00*SA*1011530809**20120130
REF*IA*506769
CSH*N
ITD*05******60*****Net 60
DTM*001*20120416
DTM*010*20120409
N1*BY*TSC*92*0719
PO1*10*100*EA*6.3**IN*1016017*VN*10 HB PREM*UP*831664000453
CTT*1
SE*11*90123
ST*850*90124
BEG*00*SA*1011530810**20120130
REF*IA*506769
CSH*N
ITD*05******60*****Net 60
DTM*001*20120416
DTM*010*20120409
N1*BY*TSC*92*0749
PO1*10*100*EA*6.3**IN*1016017*VN*10 HB PREM*UP*831664000453
CTT*1
SE*11*90124
ST*850*90125
BEG*00*SA*1011530811**20120130
REF*IA*506769
CSH*N
ITD*05******60*****Net 60
DTM*001*20120416
DTM*010*20120409
N1*BY*TSC*92*0772
PO1*10*100*EA*6.3**IN*1016017*VN*10 HB PREM*UP*831664000453
CTT*1
SE*11*90125
ST*850*90126
BEG*00*SA*1011530812**20120130
REF*IA*506769
CSH*N
ITD*05******60*****Net 60
DTM*001*20120416
DTM*010*20120409
N1*BY*TSC*92*0773
PO1*10*100*EA*6.3**IN*1016017*VN*10 HB PREM*UP*831664000453
CTT*1
SE*11*90126
ST*850*90127
BEG*00*SA*1011530813**20120130
REF*IA*506769
CSH*N
ITD*05******60*****Net 60
DTM*001*20120416
DTM*010*20120409
N1*BY*TSC*92*0774
PO1*10*100*EA*6.3**IN*1016017*VN*10 HB PREM*UP*831664000453
CTT*1
SE*11*90127
ST*850*90128
BEG*00*SA*1011530814**20120130
REF*IA*506769
CSH*N
ITD*05******60*****Net 60
DTM*001*20120416
DTM*010*20120409
N1*BY*TSC*92*0782
PO1*10*100*EA*6.3**IN*1016017*VN*10 HB PREM*UP*831664000453
CTT*1
SE*11*90128
ST*850*90129
BEG*00*SA*1011530815**20120130
REF*IA*506769
CSH*N
ITD*05******60*****Net 60
DTM*001*20120416
DTM*010*20120409
N1*BY*TSC*92*0795
PO1*10*100*EA*6.3**IN*1016017*VN*10 HB PREM*UP*831664000453
CTT*1
SE*11*90129
ST*850*90130
BEG*00*SA*1011530816**20120130
REF*IA*506769
CSH*N
ITD*05******60*****Net 60
DTM*001*20120416
DTM*010*20120409
N1*BY*TSC*92*0798
PO1*10*100*EA*6.3**IN*1016017*VN*10 HB PREM*UP*831664000453
CTT*1
SE*11*90130
GE*130*9
IEA*1*000000009
