ISA*00*          *00*          *09*006985290AC    *12*6154525825     *061030*1321*U*00400*001000296*0*P*>
GS*PD*006985290AC*6154525825*20061030*1321*1000296*X*004010
ST*852*0001
XQ*H*20061030
N9*AD*T00000040
LIN**CB*029044112*ZZ*43*UP*831664001160*****DG*1*VS*00000
ZA*QS***006*20061029
CTP**UCP*1.1
SDQ*EA*ZZ*3103*7*3408*5*3602*1*3646*18*3685*12*3701*10*3715*2*3848*8*3905*2*3941*15
SDQ*EA*ZZ*3978*4*3994*4*3996*6*4093*6*4103*2*4122*2*4244*14*4717*5*4719*10*4723*1
SDQ*EA*ZZ*4739*13*4898*3*4970*5*7059*2*7066*8*7132*7*7184*9*7354*3*7358*30*7360*1
SDQ*EA*ZZ*7607*1*7610*15*7718*36*9620*2*9629*19*9633*5*9648*40*9674*4*9714*1
LIN**CB*029044112*ZZ*43*UP*831664001160*****DG*4*VS*00000
ZA*QS***006*20061029
CTP**UCP*1.1
SDQ*EA*ZZ*4489*1*7354*4
LIN**CB*029044112*ZZ*43*UP*831664001160*****DG*8*VS*00000
ZA*QS***006*20061029
CTP**UCP*1.1
SDQ*EA*ZZ*7607*1
CTT*3
SE*20*0001
ST*852*0002
XQ*H*20061030
N9*AD*T00000040
LIN**CB*029166113*ZZ*43*UP*831664001184*****DG*1*VS*00000
ZA*QS***006*20061029
CTP**UCP*3.2
SDQ*EA*ZZ*4244*10*7460*3*9629*2*9648*2
CTT*1
SE*9*0002
ST*852*0003
XQ*H*20061030
N9*AD*T00000040
LIN**CB*596469114*ZZ*43*UP*831664001177*****DG*1*VS*00000
ZA*QS***006*20061029
CTP**UCP*4.25
SDQ*EA*ZZ*7358*1
CTT*1
SE*9*0003
ST*852*0004
XQ*H*20061030
N9*AD*T00000040
LIN**CB*970657110*ZZ*43*UP*831664000842*****DG*1*VS*00000
ZA*QS***006*20061029
CTP**UCP*5
SDQ*EA*ZZ*3143*1
CTT*1
SE*9*0004
ST*852*0005
XQ*H*20061030
N9*AD*T00000040
LIN**CB*970956116*ZZ*43*UP*831664000019*****DG*1*VS*00000
ZA*QS***006*20061029
CTP**UCP*1.1
SDQ*EA*ZZ*3701*6*3978*3*4723*1*4970*9*7360*1*9714*9
CTT*1
SE*9*0005
ST*852*0006
XQ*H*20061030
N9*AD*T00000040
LIN**CB*970957114*ZZ*43*UP*831664000255*****DG*1*VS*00000
ZA*QS***006*20061029
CTP**UCP*.82
SDQ*EA*ZZ*3836*2*4719*2*7069*6*7184*3*7718*4*9629*4*9674*4
CTT*1
SE*9*0006
ST*852*0007
XQ*H*20061030
N9*AD*T00000040
LIN**CB*970961116*ZZ*43*UP*831664000330*****DG*1*VS*00000
ZA*QS***006*20061029
CTP**UCP*.95
SDQ*EA*ZZ*7388*2
CTT*1
SE*9*0007
ST*852*0008
XQ*H*20061030
N9*AD*T00000040
LIN**CB*970964110*ZZ*43*UP*831664000453*****DG*8*VS*00000
ZA*QS***006*20061029
CTP**UCP*3
SDQ*EA*ZZ*3715*2
CTT*1
SE*9*0008
ST*852*0009
XQ*H*20061030
N9*AD*T00000040
LIN**CB*970965117*ZZ*43*UP*831664000460*****DG*1*VS*00000
ZA*QS***006*20061029
CTP**UCP*3
SDQ*EA*ZZ*4093*2
CTT*1
SE*9*0009
ST*852*0010
XQ*H*20061030
N9*AD*T00000040
LIN**CB*970976114*ZZ*43*UP*831664000514*****DG*1*VS*00000
ZA*QS***006*20061029
CTP**UCP*.75
SDQ*EA*ZZ*3143*2*3348*10*3644*7*3646*3*3703*5*3713*7*3715*1*3939*4*3996*25*4071*2
SDQ*EA*ZZ*4093*11*4103*2*4122*1*4719*2*4739*4*4753*1*7066*4*7132*2*7358*20*7461*11
SDQ*EA*ZZ*7607*19*7610*18*7637*7*9620*5*9633*3*9728*5
LIN**CB*970976114*ZZ*43*UP*831664000514*****DG*5*VS*00000
ZA*QS***006*20061029
CTP**UCP*.75
SDQ*EA*ZZ*4244*1
LIN**CB*970976114*ZZ*43*UP*831664000514*****DG*9*VS*00000
ZA*QS***006*20061029
CTP**UCP*.75
SDQ*EA*ZZ*3084*5*7360*1
CTT*3
SE*19*0010
ST*852*0011
XQ*H*20061030
N9*AD*T00000040
LIN**CB*970977112*ZZ*43*UP*831664000521*****DG*1*VS*00000
ZA*QS***006*20061029
CTP**UCP*1.75
SDQ*EA*ZZ*3083*24*3103*1*3143*12*3348*6*3408*12*3644*6*3646*3*3713*5*3715*2*3822*4
SDQ*EA*ZZ*3836*1*3848*4*3905*1*3939*2*3941*23*3946*1*3978*4*3994*1*3996*12*4071*1
SDQ*EA*ZZ*4093*2*4122*9*4198*1*4244*2*4312*5*4475*19*4719*14*4723*5*4739*1*4769*3
SDQ*EA*ZZ*4883*11*4970*9*7045*2*7064*1*7066*14*7132*9*7184*19*7255*5*7358*14*7460*2
SDQ*EA*ZZ*7461*6*7610*10*7718*23*9513*16*9620*4*9629*2*9633*13*9648*39*9674*11*9714*3
SDQ*EA*ZZ*9728*2*9758*2
LIN**CB*970977112*ZZ*43*UP*831664000521*****DG*3*VS*00000
ZA*QS***006*20061029
CTP**UCP*1.75
SDQ*EA*ZZ*4103*18*7184*17*9621*5
LIN**CB*970977112*ZZ*43*UP*831664000521*****DG*4*VS*00000
ZA*QS***006*20061029
CTP**UCP*1.75
SDQ*EA*ZZ*7388*4
LIN**CB*970977112*ZZ*43*UP*831664000521*****DG*5*VS*00000
ZA*QS***006*20061029
CTP**UCP*1.75
SDQ*EA*ZZ*3219*14*3703*2*7059*1
LIN**CB*970977112*ZZ*43*UP*831664000521*****DG*8*VS*00000
ZA*QS***006*20061029
CTP**UCP*1.75
SDQ*EA*ZZ*7354*5
LIN**CB*970977112*ZZ*43*UP*831664000521*****DG*9*VS*00000
ZA*QS***006*20061029
CTP**UCP*1.75
SDQ*EA*ZZ*3084*4*7360*1
CTT*6
SE*34*0011
ST*852*0012
XQ*H*20061030
N9*AD*T00000040
LIN**CB*970978110*ZZ*43*UP*831664000538*****DG*1*VS*00000
ZA*QS***006*20061029
CTP**UCP*5
SDQ*EA*ZZ*3713*2*3822*1*3941*1*4122*1*4312*1*4717*1*4719*2*7066*2*7076*1*7132*3
SDQ*EA*ZZ*7358*7*7460*1*9674*2
LIN**CB*970978110*ZZ*43*UP*831664000538*****DG*3*VS*00000
ZA*QS***006*20061029
CTP**UCP*5
SDQ*EA*ZZ*7184*4
LIN**CB*970978110*ZZ*43*UP*831664000538*****DG*4*VS*00000
ZA*QS***006*20061029
CTP**UCP*5
SDQ*EA*ZZ*7354*1
CTT*3
SE*18*0012
ST*852*0013
XQ*H*20061030
N9*AD*T00000040
LIN**CB*970979118*ZZ*43*UP*831664000583*****DG*1*VS*00000
ZA*QS***006*20061029
CTP**UCP*5
SDQ*EA*ZZ*3143*1*4093*1*9629*1
LIN**CB*970979118*ZZ*43*UP*831664000583*****DG*5*VS*00000
ZA*QS***006*20061029
CTP**UCP*5
SDQ*EA*ZZ*9629*1
CTT*2
SE*13*0013
ST*852*0014
XQ*H*20061030
N9*AD*T00000040
LIN**CB*970983110*ZZ*43*UP*831664000996*****DG*1*VS*00000
ZA*QS***006*20061029
CTP**UCP*1.35
SDQ*EA*ZZ*4093*2*7358*2
CTT*1
SE*9*0014
GE*14*1000296
IEA*1*001000296
ISA*00*          *00*          *09*006985290EFT   *12*6154525825     *061027*2307*U*00400*001000045*0*P*>
GS*RA*006985290EFT*6154525825*20061027*2307*1000045*X*004010
ST*820*0001
BPR*I*29937.9*C*ACH*CCP*01*021000018*DA*0300955622*9008965873**01*064102601*DA*3000289*20061031*VEN
TRN*3*770197645*9008965873
DTM*097*20061027
N1*PR*KMART CORPORATION*1*008965873
N1*PE*YOUNGS FARMS*92*00069099588
N1*SE*YOUNGS FARMS*92*00069099588
ENT*1
RMR*IK*306320060928*PI*2.35*2.35*0
REF*PO*0020060929
REF*ST*03063
REF*DP*043
DTM*999*20060928
RMR*IK*306320060929*PI*16.45*16.45*0
REF*PO*0020060930
REF*ST*03063
REF*DP*043
DTM*999*20060929
RMR*IK*306320060930*PI*33.7*33.7*0
REF*PO*0020061001
REF*ST*03063
REF*DP*043
DTM*999*20060930
RMR*IK*306320061001*PI*5.15*5.15*0
REF*PO*0020061002
REF*ST*03063
REF*DP*043
DTM*999*20061001
RMR*IK*306320061002*PI*19.4*19.4*0
REF*PO*0020061003
REF*ST*03063
REF*DP*043
DTM*999*20061002
RMR*IK*306320061003*PI*10*10*0
REF*PO*0020061004
REF*ST*03063
REF*DP*043
DTM*999*20061003
RMR*IK*308220060928*PI*4.7*4.7*0
REF*PO*0020060929
REF*ST*03082
REF*DP*043
DTM*999*20060928
RMR*IK*308220060929*PI*11.75*11.75*0
REF*PO*0020060930
REF*ST*03082
REF*DP*043
DTM*999*20060929
RMR*IK*308220060930*PI*11.95*11.95*0
REF*PO*0020061001
REF*ST*03082
REF*DP*043
DTM*999*20060930
RMR*IK*308220061001*PI*7.05*7.05*0
REF*PO*0020061002
REF*ST*03082
REF*DP*043
DTM*999*20061001
RMR*IK*308220061002*PI*22.9*22.9*0
REF*PO*0020061003
REF*ST*03082
REF*DP*043
DTM*999*20061002
RMR*IK*308220061003*PI*7*7*0
REF*PO*0020061004
REF*ST*03082
REF*DP*043
DTM*999*20061003
RMR*IK*308220061004*PI*8.4*8.4*0
REF*PO*0020061005
REF*ST*03082
REF*DP*043
DTM*999*20061004
RMR*IK*308320060928*PI*40.85*40.85*0
REF*PO*0020060929
REF*ST*03083
REF*DP*043
DTM*999*20060928
RMR*IK*308320060929*PI*60.2*60.2*0
REF*PO*0020060930
REF*ST*03083
REF*DP*043
DTM*999*20060929
RMR*IK*308320060930*PI*107.3*107.3*0
REF*PO*0020061001
REF*ST*03083
REF*DP*043
DTM*999*20060930
RMR*IK*308320061001*PI*72.35*72.35*0
REF*PO*0020061002
REF*ST*03083
REF*DP*043
DTM*999*20061001
RMR*IK*308320061002*PI*16.6*16.6*0
REF*PO*0020061003
REF*ST*03083
REF*DP*043
DTM*999*20061002
RMR*IK*308320061003*PI*21.3*21.3*0
REF*PO*0020061004
REF*ST*03083
REF*DP*043
DTM*999*20061003
RMR*IK*308320061004*PI*55.15*55.15*0
REF*PO*0020061005
REF*ST*03083
REF*DP*043
DTM*999*20061004
RMR*IK*308420060928*PI*19.05*19.05*0
REF*PO*0020060929
REF*ST*03084
REF*DP*043
DTM*999*20060928
RMR*IK*308420060929*PI*87.6*87.6*0
REF*PO*0020060930
REF*ST*03084
REF*DP*043
DTM*999*20060929
RMR*IK*308420060930*PI*78.7*78.7*0
REF*PO*0020061001
REF*ST*03084
REF*DP*043
DTM*999*20060930
RMR*IK*308420061001*PI*73.7*73.7*0
REF*PO*0020061002
REF*ST*03084
REF*DP*043
DTM*999*20061001
RMR*IK*308420061002*PI*39.8*39.8*0
REF*PO*0020061003
REF*ST*03084
REF*DP*043
DTM*999*20061002
RMR*IK*308420061003*PI*2.35*2.35*0
REF*PO*0020061004
REF*ST*03084
REF*DP*043
DTM*999*20061003
RMR*IK*308420061004*PI*16.45*16.45*0
REF*PO*0020061005
REF*ST*03084
REF*DP*043
DTM*999*20061004
RMR*IK*310320060928*PI*23.55*23.55*0
REF*PO*0020060929
REF*ST*03103
REF*DP*043
DTM*999*20060928
RMR*IK*310320060929*PI*118.4*118.4*0
REF*PO*0020061001
REF*ST*03103
REF*DP*043
DTM*999*20060929
RMR*IK*310320060929*PI*10.95*10.95*0
REF*PO*0020060930
REF*ST*03103
REF*DP*043
DTM*999*20060929
RMR*IK*310320061001*PI*80.2*80.2*0
REF*PO*0020061002
REF*ST*03103
REF*DP*043
DTM*999*20061001
RMR*IK*310320061002*PI*69.75*69.75*0
REF*PO*0020061003
REF*ST*03103
REF*DP*043
DTM*999*20061002
RMR*IK*310320061003*PI*49.4*49.4*0
REF*PO*0020061004
REF*ST*03103
REF*DP*043
DTM*999*20061003
RMR*IK*310320061004*PI*19.45*19.45*0
REF*PO*0020061005
REF*ST*03103
REF*DP*043
DTM*999*20061004
RMR*IK*314320060928*PI*61.35*61.35*0
REF*PO*0020060929
REF*ST*03143
REF*DP*043
DTM*999*20060928
RMR*IK*314320060929*PI*124.1*124.1*0
REF*PO*0020060930
REF*ST*03143
REF*DP*043
DTM*999*20060929
RMR*IK*314320060930*PI*95.55*95.55*0
REF*PO*0020061001
REF*ST*03143
REF*DP*043
DTM*999*20060930
RMR*IK*314320061001*PI*99.8*99.8*0
REF*PO*0020061002
REF*ST*03143
REF*DP*043
DTM*999*20061001
RMR*IK*314320061002*PI*81.25*81.25*0
REF*PO*0020061003
REF*ST*03143
REF*DP*043
DTM*999*20061002
RMR*IK*314320061003*PI*96.5*96.5*0
REF*PO*0020061004
REF*ST*03143
REF*DP*043
DTM*999*20061003
RMR*IK*314320061004*PI*93.95*93.95*0
REF*PO*0020061005
REF*ST*03143
REF*DP*043
DTM*999*20061004
RMR*IK*319420060930*PI*4.7*4.7*0
REF*PO*0020061001
REF*ST*03194
REF*DP*043
DTM*999*20060930
RMR*IK*319420061004*PI*2.35*2.35*0
REF*PO*0020061005
REF*ST*03194
REF*DP*043
DTM*999*20061004
RMR*IK*321920060928*PI*16.95*16.95*0
REF*PO*0020060929
REF*ST*03219
REF*DP*043
DTM*999*20060928
RMR*IK*321920060930*PI*13.95*13.95*0
REF*PO*0020061001
REF*ST*03219
REF*DP*043
DTM*999*20060930
RMR*IK*321920061001*PI*7.05*7.05*0
REF*PO*0020061002
REF*ST*03219
REF*DP*043
DTM*999*20061001
RMR*IK*321920061002*PI*7.05*7.05*0
REF*PO*0020061003
REF*ST*03219
REF*DP*043
DTM*999*20061002
RMR*IK*321920061003*PI*12.7*12.7*0
REF*PO*0020061004
REF*ST*03219
REF*DP*043
DTM*999*20061003
RMR*IK*321920061004*PI*6.75*6.75*0
REF*PO*0020061005
REF*ST*03219
REF*DP*043
DTM*999*20061004
RMR*IK*322320060928*PI*9.4*9.4*0
REF*PO*0020060929
REF*ST*03223
REF*DP*043
DTM*999*20060928
RMR*IK*322320060929*PI*2.35*2.35*0
REF*PO*0020060930
REF*ST*03223
REF*DP*043
DTM*999*20060929
RMR*IK*322320060930*PI*20.6*20.6*0
REF*PO*0020061001
REF*ST*03223
REF*DP*043
DTM*999*20060930
RMR*IK*322320061001*PI*4.2*4.2*0
REF*PO*0020061002
REF*ST*03223
REF*DP*043
DTM*999*20061001
RMR*IK*322320061003*PI*18.8*18.8*0
REF*PO*0020061004
REF*ST*03223
REF*DP*043
DTM*999*20061003
RMR*IK*322320061004*PI*15*15*0
REF*PO*0020061005
REF*ST*03223
REF*DP*043
DTM*999*20061004
RMR*IK*328920060928*PI*19.9*19.9*0
REF*PO*0020060929
REF*ST*03289
REF*DP*043
DTM*999*20060928
RMR*IK*328920060929*PI*23.2*23.2*0
REF*PO*0020060930
REF*ST*03289
REF*DP*043
DTM*999*20060929
RMR*IK*328920060930*PI*28.55*28.55*0
REF*PO*0020061001
REF*ST*03289
REF*DP*043
DTM*999*20060930
RMR*IK*328920061001*PI*13.6*13.6*0
REF*PO*0020061002
REF*ST*03289
REF*DP*043
DTM*999*20061001
RMR*IK*328920061002*PI*17.3*17.3*0
REF*PO*0020061003
REF*ST*03289
REF*DP*043
DTM*999*20061002
RMR*IK*328920061003*PI*2.8*2.8*0
REF*PO*0020061004
REF*ST*03289
REF*DP*043
DTM*999*20061003
RMR*IK*328920061004*PI*8.9*8.9*0
REF*PO*0020061005
REF*ST*03289
REF*DP*043
DTM*999*20061004
RMR*IK*334820060928*PI*37.75*37.75*0
REF*PO*0020060929
REF*ST*03348
REF*DP*043
DTM*999*20060928
RMR*IK*334820060929*PI*51.95*51.95*0
REF*PO*0020060930
REF*ST*03348
REF*DP*043
DTM*999*20060929
RMR*IK*334820060930*PI*68.1*68.1*0
REF*PO*0020061001
REF*ST*03348
REF*DP*043
DTM*999*20060930
RMR*IK*334820061001*PI*7.05*7.05*0
REF*PO*0020061002
REF*ST*03348
REF*DP*043
DTM*999*20061001
RMR*IK*334820061002*PI*22.6*22.6*0
REF*PO*0020061003
REF*ST*03348
REF*DP*043
DTM*999*20061002
RMR*IK*334820061003*PI*26*26*0
REF*PO*0020061004
REF*ST*03348
REF*DP*043
DTM*999*20061003
RMR*IK*334820061004*PI*34.85*34.85*0
REF*PO*0020061005
REF*ST*03348
REF*DP*043
DTM*999*20061004
RMR*IK*335520060928*PI*5*5*0
REF*PO*0020060929
REF*ST*03355
REF*DP*043
DTM*999*20060928
RMR*IK*335520060929*PI*33.35*33.35*0
REF*PO*0020060930
REF*ST*03355
REF*DP*043
DTM*999*20060929
RMR*IK*335520060930*PI*2.35*2.35*0
REF*PO*0020061001
REF*ST*03355
REF*DP*043
DTM*999*20060930
RMR*IK*335520061001*PI*7.35*7.35*0
REF*PO*0020061002
REF*ST*03355
REF*DP*043
DTM*999*20061001
RMR*IK*335520061002*PI*48.6*48.6*0
REF*PO*0020061003
REF*ST*03355
REF*DP*043
DTM*999*20061002
RMR*IK*335520061003*PI*36.65*36.65*0
REF*PO*0020061004
REF*ST*03355
REF*DP*043
DTM*999*20061003
RMR*IK*335520061004*PI*6.6*6.6*0
REF*PO*0020061005
REF*ST*03355
REF*DP*043
DTM*999*20061004
RMR*IK*335920060929*PI*2.35*2.35*0
REF*PO*0020060930
REF*ST*03359
REF*DP*043
DTM*999*20060929
RMR*IK*335920060930*PI*7.05*7.05*0
REF*PO*0020061001
REF*ST*03359
REF*DP*043
DTM*999*20060930
RMR*IK*335920061001*PI*7.05*7.05*0
REF*PO*0020061002
REF*ST*03359
REF*DP*043
DTM*999*20061001
RMR*IK*335920061002*PI*7.05*7.05*0
REF*PO*0020061003
REF*ST*03359
REF*DP*043
DTM*999*20061002
RMR*IK*335920061004*PI*7.25*7.25*0
REF*PO*0020061005
REF*ST*03359
REF*DP*043
DTM*999*20061004
RMR*IK*340820060928*PI*31.65*31.65*0
REF*PO*0020060929
REF*ST*03408
REF*DP*043
DTM*999*20060928
RMR*IK*340820060929*PI*24.45*24.45*0
REF*PO*0020060930
REF*ST*03408
REF*DP*043
DTM*999*20060929
RMR*IK*340820060930*PI*50.65*50.65*0
REF*PO*0020061001
REF*ST*03408
REF*DP*043
DTM*999*20060930
RMR*IK*340820061001*PI*68.55*68.55*0
REF*PO*0020061002
REF*ST*03408
REF*DP*043
DTM*999*20061001
RMR*IK*340820061002*PI*37.45*37.45*0
REF*PO*0020061003
REF*ST*03408
REF*DP*043
DTM*999*20061002
RMR*IK*340820061003*PI*21.5*21.5*0
REF*PO*0020061004
REF*ST*03408
REF*DP*043
DTM*999*20061003
RMR*IK*340820061004*PI*28.35*28.35*0
REF*PO*0020061005
REF*ST*03408
REF*DP*043
DTM*999*20061004
RMR*IK*360220060928*PI*13.6*13.6*0
REF*PO*0020060929
REF*ST*03602
REF*DP*043
DTM*999*20060928
RMR*IK*360220060929*PI*66.35*66.35*0
REF*PO*0020060930
REF*ST*03602
REF*DP*043
DTM*999*20060929
RMR*IK*360220060930*PI*22.4*22.4*0
REF*PO*0020061001
REF*ST*03602
REF*DP*043
DTM*999*20060930
RMR*IK*360220061001*PI*5.8*5.8*0
REF*PO*0020061002
REF*ST*03602
REF*DP*043
DTM*999*20061001
RMR*IK*360220061002*PI*20.4*20.4*0
REF*PO*0020061003
REF*ST*03602
REF*DP*043
DTM*999*20061002
RMR*IK*360220061003*PI*27.75*27.75*0
REF*PO*0020061004
REF*ST*03602
REF*DP*043
DTM*999*20061003
RMR*IK*360220061004*PI*4.7*4.7*0
REF*PO*0020061005
REF*ST*03602
REF*DP*043
DTM*999*20061004
RMR*IK*364420060928*PI*78.25*78.25*0
REF*PO*0020060929
REF*ST*03644
REF*DP*043
DTM*999*20060928
RMR*IK*364420060929*PI*32*32*0
REF*PO*0020060930
REF*ST*03644
REF*DP*043
DTM*999*20060929
RMR*IK*364420060930*PI*86.15*86.15*0
REF*PO*0020061001
REF*ST*03644
REF*DP*043
DTM*999*20060930
RMR*IK*364420061001*PI*49.75*49.75*0
REF*PO*0020061002
REF*ST*03644
REF*DP*043
DTM*999*20061001
RMR*IK*364420061002*PI*64.3*64.3*0
REF*PO*0020061003
REF*ST*03644
REF*DP*043
DTM*999*20061002
RMR*IK*364420061003*PI*21.5*21.5*0
REF*PO*0020061004
REF*ST*03644
REF*DP*043
DTM*999*20061003
RMR*IK*364420061004*PI*79.15*79.15*0
REF*PO*0020061005
REF*ST*03644
REF*DP*043
DTM*999*20061004
RMR*IK*364620060928*PI*109.85*109.85*0
REF*PO*0020060929
REF*ST*03646
REF*DP*043
DTM*999*20060928
RMR*IK*364620060929*PI*126.05*126.05*0
REF*PO*0020060930
REF*ST*03646
REF*DP*043
DTM*999*20060929
RMR*IK*364620060930*PI*125.1*125.1*0
REF*PO*0020061001
REF*ST*03646
REF*DP*043
DTM*999*20060930
RMR*IK*364620061001*PI*106.6*106.6*0
REF*PO*0020061002
REF*ST*03646
REF*DP*043
DTM*999*20061001
RMR*IK*364620061002*PI*95.35*95.35*0
REF*PO*0020061003
REF*ST*03646
REF*DP*043
DTM*999*20061002
RMR*IK*364620061003*PI*54.4*54.4*0
REF*PO*0020061004
REF*ST*03646
REF*DP*043
DTM*999*20061003
RMR*IK*364620061004*PI*174*174*0
REF*PO*0020061005
REF*ST*03646
REF*DP*043
DTM*999*20061004
RMR*IK*367220060929*PI*5.15*5.15*0
REF*PO*0020060930
REF*ST*03672
REF*DP*043
DTM*999*20060929
RMR*IK*367220060930*PI*25.9*25.9*0
REF*PO*0020061001
REF*ST*03672
REF*DP*043
DTM*999*20060930
RMR*IK*367220061001*PI*14.75*14.75*0
REF*PO*0020061002
REF*ST*03672
REF*DP*043
DTM*999*20061001
RMR*IK*367220061003*PI*14.3*14.3*0
REF*PO*0020061004
REF*ST*03672
REF*DP*043
DTM*999*20061003
RMR*IK*367220061004*PI*9.4*9.4*0
REF*PO*0020061005
REF*ST*03672
REF*DP*043
DTM*999*20061004
RMR*IK*367520060928*PI*17.35*17.35*0
REF*PO*0020060929
REF*ST*03675
REF*DP*043
DTM*999*20060928
RMR*IK*367520060929*PI*35.05*35.05*0
REF*PO*0020060930
REF*ST*03675
REF*DP*043
DTM*999*20060929
RMR*IK*367520060930*PI*13.3*13.3*0
REF*PO*0020061001
REF*ST*03675
REF*DP*043
DTM*999*20060930
RMR*IK*367520061001*PI*48.3*48.3*0
REF*PO*0020061002
REF*ST*03675
REF*DP*043
DTM*999*20061001
RMR*IK*367520061002*PI*13.8*13.8*0
REF*PO*0020061003
REF*ST*03675
REF*DP*043
DTM*999*20061002
RMR*IK*367520061003*PI*48.2*48.2*0
REF*PO*0020061004
REF*ST*03675
REF*DP*043
DTM*999*20061003
RMR*IK*367520061004*PI*27.6*27.6*0
REF*PO*0020061005
REF*ST*03675
REF*DP*043
DTM*999*20061004
RMR*IK*368520060928*PI*30.7*30.7*0
REF*PO*0020060929
REF*ST*03685
REF*DP*043
DTM*999*20060928
RMR*IK*368520060929*PI*57.95*57.95*0
REF*PO*0020060930
REF*ST*03685
REF*DP*043
DTM*999*20060929
RMR*IK*368520060930*PI*56.45*56.45*0
REF*PO*0020061001
REF*ST*03685
REF*DP*043
DTM*999*20060930
RMR*IK*368520061001*PI*37.8*37.8*0
REF*PO*0020061002
REF*ST*03685
REF*DP*043
DTM*999*20061001
RMR*IK*368520061002*PI*13.9*13.9*0
REF*PO*0020061003
REF*ST*03685
REF*DP*043
DTM*999*20061002
RMR*IK*368520061003*PI*23.45*23.45*0
REF*PO*0020061004
REF*ST*03685
REF*DP*043
DTM*999*20061003
RMR*IK*368520061004*PI*29.15*29.15*0
REF*PO*0020061005
REF*ST*03685
REF*DP*043
DTM*999*20061004
RMR*IK*370120060928*PI*68.7*68.7*0
REF*PO*0020060929
REF*ST*03701
REF*DP*043
DTM*999*20060928
RMR*IK*370120060929*PI*196.25*196.25*0
REF*PO*0020060930
REF*ST*03701
REF*DP*043
DTM*999*20060929
RMR*IK*370120060930*PI*68.8*68.8*0
REF*PO*0020061001
REF*ST*03701
REF*DP*043
DTM*999*20060930
RMR*IK*370120061001*PI*32.25*32.25*0
REF*PO*0020061002
REF*ST*03701
REF*DP*043
DTM*999*20061001
RMR*IK*370120061002*PI*20.55*20.55*0
REF*PO*0020061003
REF*ST*03701
REF*DP*043
DTM*999*20061002
RMR*IK*370120061003*PI*78.15*78.15*0
REF*PO*0020061004
REF*ST*03701
REF*DP*043
DTM*999*20061003
RMR*IK*370120061004*PI*29.9*29.9*0
REF*PO*0020061005
REF*ST*03701
REF*DP*043
DTM*999*20061004
RMR*IK*370320060928*PI*132.95*132.95*0
REF*PO*0020060929
REF*ST*03703
REF*DP*043
DTM*999*20060928
RMR*IK*370320060929*PI*276.85*276.85*0
REF*PO*0020060930
REF*ST*03703
REF*DP*043
DTM*999*20060929
RMR*IK*370320060930*PI*124.35*124.35*0
REF*PO*0020061001
REF*ST*03703
REF*DP*043
DTM*999*20060930
RMR*IK*370320061001*PI*82.8*82.8*0
REF*PO*0020061002
REF*ST*03703
REF*DP*043
DTM*999*20061001
RMR*IK*370320061002*PI*28.05*28.05*0
REF*PO*0020061003
REF*ST*03703
REF*DP*043
DTM*999*20061002
RMR*IK*370320061003*PI*128.9*128.9*0
REF*PO*0020061004
REF*ST*03703
REF*DP*043
DTM*999*20061003
RMR*IK*370320061004*PI*115.15*115.15*0
REF*PO*0020061005
REF*ST*03703
REF*DP*043
DTM*999*20061004
RMR*IK*371320060928*PI*49.55*49.55*0
REF*PO*0020060929
REF*ST*03713
REF*DP*043
DTM*999*20060928
RMR*IK*371320060929*PI*52.75*52.75*0
REF*PO*0020060930
REF*ST*03713
REF*DP*043
DTM*999*20060929
RMR*IK*371320060930*PI*130.3*130.3*0
REF*PO*0020061001
REF*ST*03713
REF*DP*043
DTM*999*20060930
RMR*IK*371320061001*PI*85.2*85.2*0
REF*PO*0020061002
REF*ST*03713
REF*DP*043
DTM*999*20061001
RMR*IK*371320061002*PI*39.45*39.45*0
REF*PO*0020061003
REF*ST*03713
REF*DP*043
DTM*999*20061002
RMR*IK*371320061003*PI*77.8*77.8*0
REF*PO*0020061004
REF*ST*03713
REF*DP*043
DTM*999*20061003
RMR*IK*371320061004*PI*51.15*51.15*0
REF*PO*0020061005
REF*ST*03713
REF*DP*043
DTM*999*20061004
RMR*IK*371520060928*PI*61.9*61.9*0
REF*PO*0020060929
REF*ST*03715
REF*DP*043
DTM*999*20060928
RMR*IK*371520060929*PI*66.9*66.9*0
REF*PO*0020060930
REF*ST*03715
REF*DP*043
DTM*999*20060929
RMR*IK*371520060930*PI*53.8*53.8*0
REF*PO*0020061001
REF*ST*03715
REF*DP*043
DTM*999*20060930
RMR*IK*371520061001*PI*62.65*62.65*0
REF*PO*0020061002
REF*ST*03715
REF*DP*043
DTM*999*20061001
RMR*IK*371520061002*PI*13*13*0
REF*PO*0020061003
REF*ST*03715
REF*DP*043
DTM*999*20061002
RMR*IK*371520061003*PI*57*57*0
REF*PO*0020061004
REF*ST*03715
REF*DP*043
DTM*999*20061003
RMR*IK*371520061004*PI*20.65*20.65*0
REF*PO*0020061005
REF*ST*03715
REF*DP*043
DTM*999*20061004
RMR*IK*382220060928*PI*43.95*43.95*0
REF*PO*0020060929
REF*ST*03822
REF*DP*043
DTM*999*20060928
RMR*IK*382220060929*PI*39.05*39.05*0
REF*PO*0020060930
REF*ST*03822
REF*DP*043
DTM*999*20060929
RMR*IK*382220060930*PI*45.6*45.6*0
REF*PO*0020061001
REF*ST*03822
REF*DP*043
DTM*999*20060930
RMR*IK*382220061001*PI*65.05*65.05*0
REF*PO*0020061002
REF*ST*03822
REF*DP*043
DTM*999*20061001
RMR*IK*382220061002*PI*67.15*67.15*0
REF*PO*0020061003
REF*ST*03822
REF*DP*043
DTM*999*20061002
RMR*IK*382220061003*PI*35.1*35.1*0
REF*PO*0020061004
REF*ST*03822
REF*DP*043
DTM*999*20061003
RMR*IK*382220061004*PI*29.95*29.95*0
REF*PO*0020061005
REF*ST*03822
REF*DP*043
DTM*999*20061004
RMR*IK*383620060928*PI*32.65*32.65*0
REF*PO*0020060929
REF*ST*03836
REF*DP*043
DTM*999*20060928
RMR*IK*383620060929*PI*6.6*6.6*0
REF*PO*0020060930
REF*ST*03836
REF*DP*043
DTM*999*20060929
RMR*IK*383620060930*PI*56.45*56.45*0
REF*PO*0020061001
REF*ST*03836
REF*DP*043
DTM*999*20060930
RMR*IK*383620061001*PI*48.4*48.4*0
REF*PO*0020061002
REF*ST*03836
REF*DP*043
DTM*999*20061001
RMR*IK*383620061002*PI*37.1*37.1*0
REF*PO*0020061003
REF*ST*03836
REF*DP*043
DTM*999*20061002
RMR*IK*383620061003*PI*9.85*9.85*0
REF*PO*0020061004
REF*ST*03836
REF*DP*043
DTM*999*20061003
RMR*IK*383620061004*PI*13.8*13.8*0
REF*PO*0020061005
REF*ST*03836
REF*DP*043
DTM*999*20061004
RMR*IK*384820060928*PI*35.35*35.35*0
REF*PO*0020060929
REF*ST*03848
REF*DP*043
DTM*999*20060928
RMR*IK*384820060929*PI*10.35*10.35*0
REF*PO*0020060930
REF*ST*03848
REF*DP*043
DTM*999*20060929
RMR*IK*384820060930*PI*11.6*11.6*0
REF*PO*0020061001
REF*ST*03848
REF*DP*043
DTM*999*20060930
RMR*IK*384820061001*PI*1.4*1.4*0
REF*PO*0020061002
REF*ST*03848
REF*DP*043
DTM*999*20061001
RMR*IK*384820061002*PI*3.75*3.75*0
REF*PO*0020061003
REF*ST*03848
REF*DP*043
DTM*999*20061002
RMR*IK*384820061003*PI*22.6*22.6*0
REF*PO*0020061004
REF*ST*03848
REF*DP*043
DTM*999*20061003
RMR*IK*384820061004*PI*62.55*62.55*0
REF*PO*0020061005
REF*ST*03848
REF*DP*043
DTM*999*20061004
RMR*IK*387620060928*PI*7.7*7.7*0
REF*PO*0020060929
REF*ST*03876
REF*DP*043
DTM*999*20060928
RMR*IK*387620060929*PI*10.8*10.8*0
REF*PO*0020060930
REF*ST*03876
REF*DP*043
DTM*999*20060929
RMR*IK*387620061002*PI*2.8*2.8*0
REF*PO*0020061003
REF*ST*03876
REF*DP*043
DTM*999*20061002
RMR*IK*390520060928*PI*67.85*67.85*0
REF*PO*0020060929
REF*ST*03905
REF*DP*043
DTM*999*20060928
RMR*IK*390520060929*PI*62.9*62.9*0
REF*PO*0020060930
REF*ST*03905
REF*DP*043
DTM*999*20060929
RMR*IK*390520060930*PI*44.85*44.85*0
REF*PO*0020061001
REF*ST*03905
REF*DP*043
DTM*999*20060930
RMR*IK*390520061001*PI*45.3*45.3*0
REF*PO*0020061002
REF*ST*03905
REF*DP*043
DTM*999*20061001
RMR*IK*390520061002*PI*16.9*16.9*0
REF*PO*0020061003
REF*ST*03905
REF*DP*043
DTM*999*20061002
RMR*IK*390520061003*PI*67.4*67.4*0
REF*PO*0020061004
REF*ST*03905
REF*DP*043
DTM*999*20061003
RMR*IK*390520061004*PI*62.65*62.65*0
REF*PO*0020061005
REF*ST*03905
REF*DP*043
DTM*999*20061004
RMR*IK*393120060929*PI*2.35*2.35*0
REF*PO*0020060930
REF*ST*03931
REF*DP*043
DTM*999*20060929
RMR*IK*393120060930*PI*2.35*2.35*0
REF*PO*0020061001
REF*ST*03931
REF*DP*043
DTM*999*20060930
RMR*IK*393120061001*PI*4.7*4.7*0
REF*PO*0020061002
REF*ST*03931
REF*DP*043
DTM*999*20061001
RMR*IK*393920060928*PI*101.6*101.6*0
REF*PO*0020060929
REF*ST*03939
REF*DP*043
DTM*999*20060928
RMR*IK*393920060929*PI*112.65*112.65*0
REF*PO*0020060930
REF*ST*03939
REF*DP*043
DTM*999*20060929
RMR*IK*393920060930*PI*77.3*77.3*0
REF*PO*0020061001
REF*ST*03939
REF*DP*043
DTM*999*20060930
RMR*IK*393920061001*PI*35*35*0
REF*PO*0020061002
REF*ST*03939
REF*DP*043
DTM*999*20061001
RMR*IK*393920061002*PI*4.7*4.7*0
REF*PO*0020061003
REF*ST*03939
REF*DP*043
DTM*999*20061002
RMR*IK*393920061003*PI*11.6*11.6*0
REF*PO*0020061004
REF*ST*03939
REF*DP*043
DTM*999*20061003
RMR*IK*393920061004*PI*19.15*19.15*0
REF*PO*0020061005
REF*ST*03939
REF*DP*043
DTM*999*20061004
RMR*IK*394120060928*PI*23.75*23.75*0
REF*PO*0020060929
REF*ST*03941
REF*DP*043
DTM*999*20060928
RMR*IK*394120060929*PI*66.5*66.5*0
REF*PO*0020060930
REF*ST*03941
REF*DP*043
DTM*999*20060929
RMR*IK*394120060930*PI*27.7*27.7*0
REF*PO*0020061001
REF*ST*03941
REF*DP*043
DTM*999*20060930
RMR*IK*394120061001*PI*136.8*136.8*0
REF*PO*0020061002
REF*ST*03941
REF*DP*043
DTM*999*20061001
RMR*IK*394120061002*PI*73.55*73.55*0
REF*PO*0020061003
REF*ST*03941
REF*DP*043
DTM*999*20061002
RMR*IK*394120061003*PI*109.15*109.15*0
REF*PO*0020061004
REF*ST*03941
REF*DP*043
DTM*999*20061003
RMR*IK*394120061004*PI*64.6*64.6*0
REF*PO*0020061005
REF*ST*03941
REF*DP*043
DTM*999*20061004
RMR*IK*394620060930*PI*2.35*2.35*0
REF*PO*0020061001
REF*ST*03946
REF*DP*043
DTM*999*20060930
RMR*IK*395720060928*PI*44.65*44.65*0
REF*PO*0020060929
REF*ST*03957
REF*DP*043
DTM*999*20060928
RMR*IK*395720060929*PI*71.95*71.95*0
REF*PO*0020060930
REF*ST*03957
REF*DP*043
DTM*999*20060929
RMR*IK*395720060930*PI*64.55*64.55*0
REF*PO*0020061001
REF*ST*03957
REF*DP*043
DTM*999*20060930
RMR*IK*395720061001*PI*49.75*49.75*0
REF*PO*0020061002
REF*ST*03957
REF*DP*043
DTM*999*20061001
RMR*IK*395720061002*PI*17.25*17.25*0
REF*PO*0020061003
REF*ST*03957
REF*DP*043
DTM*999*20061002
RMR*IK*395720061003*PI*36.15*36.15*0
REF*PO*0020061004
REF*ST*03957
REF*DP*043
DTM*999*20061003
RMR*IK*395720061004*PI*14.1*14.1*0
REF*PO*0020061005
REF*ST*03957
REF*DP*043
DTM*999*20061004
RMR*IK*396620060928*PI*15.9*15.9*0
REF*PO*0020060929
REF*ST*03966
REF*DP*043
DTM*999*20060928
RMR*IK*396620060929*PI*47.55*47.55*0
REF*PO*0020060930
REF*ST*03966
REF*DP*043
DTM*999*20060929
RMR*IK*396620060930*PI*19.25*19.25*0
REF*PO*0020061001
REF*ST*03966
REF*DP*043
DTM*999*20060930
RMR*IK*396620061001*PI*22.7*22.7*0
REF*PO*0020061002
REF*ST*03966
REF*DP*043
DTM*999*20061001
RMR*IK*396620061002*PI*4.7*4.7*0
REF*PO*0020061003
REF*ST*03966
REF*DP*043
DTM*999*20061002
RMR*IK*396620061004*PI*19.25*19.25*0
REF*PO*0020061005
REF*ST*03966
REF*DP*043
DTM*999*20061004
RMR*IK*396720060928*PI*9.4*9.4*0
REF*PO*0020060929
REF*ST*03967
REF*DP*043
DTM*999*20060928
RMR*IK*396720060930*PI*9.4*9.4*0
REF*PO*0020061001
REF*ST*03967
REF*DP*043
DTM*999*20060930
RMR*IK*397520060928*PI*9.4*9.4*0
REF*PO*0020060929
REF*ST*03975
REF*DP*043
DTM*999*20060928
RMR*IK*397520060929*PI*46.5*46.5*0
REF*PO*0020060930
REF*ST*03975
REF*DP*043
DTM*999*20060929
RMR*IK*397520060930*PI*27.2*27.2*0
REF*PO*0020061001
REF*ST*03975
REF*DP*043
DTM*999*20060930
RMR*IK*397520061001*PI*11.75*11.75*0
REF*PO*0020061002
REF*ST*03975
REF*DP*043
DTM*999*20061001
RMR*IK*397520061002*PI*52.6*52.6*0
REF*PO*0020061003
REF*ST*03975
REF*DP*043
DTM*999*20061002
RMR*IK*397520061003*PI*22.5*22.5*0
REF*PO*0020061004
REF*ST*03975
REF*DP*043
DTM*999*20061003
RMR*IK*397520061004*PI*12.05*12.05*0
REF*PO*0020061005
REF*ST*03975
REF*DP*043
DTM*999*20061004
RMR*IK*397820060928*PI*50.2*50.2*0
REF*PO*0020060929
REF*ST*03978
REF*DP*043
DTM*999*20060928
RMR*IK*397820060929*PI*61.35*61.35*0
REF*PO*0020060930
REF*ST*03978
REF*DP*043
DTM*999*20060929
RMR*IK*397820060930*PI*175*175*0
REF*PO*0020061001
REF*ST*03978
REF*DP*043
DTM*999*20060930
RMR*IK*397820061001*PI*130.35*130.35*0
REF*PO*0020061002
REF*ST*03978
REF*DP*043
DTM*999*20061001
RMR*IK*397820061002*PI*25.5*25.5*0
REF*PO*0020061003
REF*ST*03978
REF*DP*043
DTM*999*20061002
RMR*IK*397820061003*PI*42.55*42.55*0
REF*PO*0020061004
REF*ST*03978
REF*DP*043
DTM*999*20061003
RMR*IK*397820061004*PI*21.3*21.3*0
REF*PO*0020061005
REF*ST*03978
REF*DP*043
DTM*999*20061004
RMR*IK*399420060928*PI*20.05*20.05*0
REF*PO*0020060929
REF*ST*03994
REF*DP*043
DTM*999*20060928
RMR*IK*399420060929*PI*59.3*59.3*0
REF*PO*0020060930
REF*ST*03994
REF*DP*043
DTM*999*20060929
RMR*IK*399420060930*PI*90.7*90.7*0
REF*PO*0020061001
REF*ST*03994
REF*DP*043
DTM*999*20060930
RMR*IK*399420061001*PI*65.65*65.65*0
REF*PO*0020061002
REF*ST*03994
REF*DP*043
DTM*999*20061001
RMR*IK*399420061002*PI*37.4*37.4*0
REF*PO*0020061003
REF*ST*03994
REF*DP*043
DTM*999*20061002
RMR*IK*399420061003*PI*26.6*26.6*0
REF*PO*0020061004
REF*ST*03994
REF*DP*043
DTM*999*20061003
RMR*IK*399420061004*PI*26.35*26.35*0
REF*PO*0020061005
REF*ST*03994
REF*DP*043
DTM*999*20061004
RMR*IK*399620060928*PI*40.8*40.8*0
REF*PO*0020060929
REF*ST*03996
REF*DP*043
DTM*999*20060928
RMR*IK*399620060929*PI*34.15*34.15*0
REF*PO*0020060930
REF*ST*03996
REF*DP*043
DTM*999*20060929
RMR*IK*399620060930*PI*52.75*52.75*0
REF*PO*0020061001
REF*ST*03996
REF*DP*043
DTM*999*20060930
RMR*IK*399620061001*PI*79.45*79.45*0
REF*PO*0020061002
REF*ST*03996
REF*DP*043
DTM*999*20061001
RMR*IK*399620061002*PI*2.35*2.35*0
REF*PO*0020061003
REF*ST*03996
REF*DP*043
DTM*999*20061002
RMR*IK*399620061003*PI*37.3*37.3*0
REF*PO*0020061004
REF*ST*03996
REF*DP*043
DTM*999*20061003
RMR*IK*399620061004*PI*19.7*19.7*0
REF*PO*0020061005
REF*ST*03996
REF*DP*043
DTM*999*20061004
RMR*IK*403320060929*PI*13.6*13.6*0
REF*PO*0020060930
REF*ST*04033
REF*DP*043
DTM*999*20060929
RMR*IK*403320060930*PI*28.05*28.05*0
REF*PO*0020061001
REF*ST*04033
REF*DP*043
DTM*999*20060930
RMR*IK*403320061001*PI*4.7*4.7*0
REF*PO*0020061003
REF*ST*04033
REF*DP*043
DTM*999*20061001
RMR*IK*403320061001*PI*1.1*1.1*0
REF*PO*0020061002
REF*ST*04033
REF*DP*043
DTM*999*20061001
RMR*IK*403320061003*PI*8.4*8.4*0
REF*PO*0020061004
REF*ST*04033
REF*DP*043
DTM*999*20061003
RMR*IK*403320061004*PI*15.05*15.05*0
REF*PO*0020061005
REF*ST*04033
REF*DP*043
DTM*999*20061004
RMR*IK*407120060928*PI*54.7*54.7*0
REF*PO*0020060929
REF*ST*04071
REF*DP*043
DTM*999*20060928
RMR*IK*407120060929*PI*32.9*32.9*0
REF*PO*0020060930
REF*ST*04071
REF*DP*043
DTM*999*20060929
RMR*IK*407120060930*PI*35.2*35.2*0
REF*PO*0020061001
REF*ST*04071
REF*DP*043
DTM*999*20060930
RMR*IK*407120061001*PI*32.85*32.85*0
REF*PO*0020061002
REF*ST*04071
REF*DP*043
DTM*999*20061001
RMR*IK*407120061002*PI*23.6*23.6*0
REF*PO*0020061003
REF*ST*04071
REF*DP*043
DTM*999*20061002
RMR*IK*407120061003*PI*4.7*4.7*0
REF*PO*0020061004
REF*ST*04071
REF*DP*043
DTM*999*20061003
RMR*IK*407120061004*PI*40.9*40.9*0
REF*PO*0020061005
REF*ST*04071
REF*DP*043
DTM*999*20061004
RMR*IK*409320060928*PI*98.5*98.5*0
REF*PO*0020060929
REF*ST*04093
REF*DP*043
DTM*999*20060928
RMR*IK*409320060929*PI*74.15*74.15*0
REF*PO*0020060930
REF*ST*04093
REF*DP*043
DTM*999*20060929
RMR*IK*409320060930*PI*155.2*155.2*0
REF*PO*0020061001
REF*ST*04093
REF*DP*043
DTM*999*20060930
RMR*IK*409320061001*PI*127.55*127.55*0
REF*PO*0020061002
REF*ST*04093
REF*DP*043
DTM*999*20061001
RMR*IK*409320061002*PI*87.35*87.35*0
REF*PO*0020061003
REF*ST*04093
REF*DP*043
DTM*999*20061002
RMR*IK*409320061003*PI*92.05*92.05*0
REF*PO*0020061004
REF*ST*04093
REF*DP*043
DTM*999*20061003
RMR*IK*409320061004*PI*118.2*118.2*0
REF*PO*0020061005
REF*ST*04093
REF*DP*043
DTM*999*20061004
RMR*IK*410320060928*PI*52.5*52.5*0
REF*PO*0020060929
REF*ST*04103
REF*DP*043
DTM*999*20060928
RMR*IK*410320060929*PI*100.2*100.2*0
REF*PO*0020060930
REF*ST*04103
REF*DP*043
DTM*999*20060929
RMR*IK*410320060930*PI*123.05*123.05*0
REF*PO*0020061001
REF*ST*04103
REF*DP*043
DTM*999*20060930
RMR*IK*410320061001*PI*82.95*82.95*0
REF*PO*0020061002
REF*ST*04103
REF*DP*043
DTM*999*20061001
RMR*IK*410320061002*PI*56*56*0
REF*PO*0020061003
REF*ST*04103
REF*DP*043
DTM*999*20061002
RMR*IK*410320061003*PI*54.05*54.05*0
REF*PO*0020061004
REF*ST*04103
REF*DP*043
DTM*999*20061003
RMR*IK*410320061004*PI*76.25*76.25*0
REF*PO*0020061005
REF*ST*04103
REF*DP*043
DTM*999*20061004
RMR*IK*412220060928*PI*12.6*12.6*0
REF*PO*0020060929
REF*ST*04122
REF*DP*043
DTM*999*20060928
RMR*IK*412220060929*PI*11.75*11.75*0
REF*PO*0020060930
REF*ST*04122
REF*DP*043
DTM*999*20060929
RMR*IK*412220060930*PI*12.6*12.6*0
REF*PO*0020061001
REF*ST*04122
REF*DP*043
DTM*999*20060930
RMR*IK*412220061001*PI*4.7*4.7*0
REF*PO*0020061002
REF*ST*04122
REF*DP*043
DTM*999*20061001
RMR*IK*412220061002*PI*9.8*9.8*0
REF*PO*0020061003
REF*ST*04122
REF*DP*043
DTM*999*20061002
RMR*IK*412220061003*PI*2.8*2.8*0
REF*PO*0020061004
REF*ST*04122
REF*DP*043
DTM*999*20061003
RMR*IK*412220061004*PI*1.4*1.4*0
REF*PO*0020061005
REF*ST*04122
REF*DP*043
DTM*999*20061004
RMR*IK*418920060928*PI*29.3*29.3*0
REF*PO*0020060929
REF*ST*04189
REF*DP*043
DTM*999*20060928
RMR*IK*418920060929*PI*38.55*38.55*0
REF*PO*0020060930
REF*ST*04189
REF*DP*043
DTM*999*20060929
RMR*IK*418920060930*PI*73.35*73.35*0
REF*PO*0020061001
REF*ST*04189
REF*DP*043
DTM*999*20060930
RMR*IK*418920061001*PI*57.75*57.75*0
REF*PO*0020061002
REF*ST*04189
REF*DP*043
DTM*999*20061001
RMR*IK*418920061002*PI*11.45*11.45*0
REF*PO*0020061003
REF*ST*04189
REF*DP*043
DTM*999*20061002
RMR*IK*418920061003*PI*12.05*12.05*0
REF*PO*0020061004
REF*ST*04189
REF*DP*043
DTM*999*20061003
RMR*IK*418920061004*PI*23.4*23.4*0
REF*PO*0020061005
REF*ST*04189
REF*DP*043
DTM*999*20061004
RMR*IK*419820060928*PI*93.2*93.2*0
REF*PO*0020060929
REF*ST*04198
REF*DP*043
DTM*999*20060928
RMR*IK*419820060929*PI*73.3*73.3*0
REF*PO*0020060930
REF*ST*04198
REF*DP*043
DTM*999*20060929
RMR*IK*419820060930*PI*157.65*157.65*0
REF*PO*0020061001
REF*ST*04198
REF*DP*043
DTM*999*20060930
RMR*IK*419820061001*PI*60.6*60.6*0
REF*PO*0020061002
REF*ST*04198
REF*DP*043
DTM*999*20061001
RMR*IK*419820061002*PI*7.5*7.5*0
REF*PO*0020061003
REF*ST*04198
REF*DP*043
DTM*999*20061002
RMR*IK*419820061003*PI*48.35*48.35*0
REF*PO*0020061004
REF*ST*04198
REF*DP*043
DTM*999*20061003
RMR*IK*419820061004*PI*22.7*22.7*0
REF*PO*0020061005
REF*ST*04198
REF*DP*043
DTM*999*20061004
RMR*IK*424420060928*PI*39.65*39.65*0
REF*PO*0020060929
REF*ST*04244
REF*DP*043
DTM*999*20060928
RMR*IK*424420060929*PI*55.6*55.6*0
REF*PO*0020060930
REF*ST*04244
REF*DP*043
DTM*999*20060929
RMR*IK*424420060930*PI*227.8*227.8*0
REF*PO*0020061001
REF*ST*04244
REF*DP*043
DTM*999*20060930
RMR*IK*424420061001*PI*110.9*110.9*0
REF*PO*0020061002
REF*ST*04244
REF*DP*043
DTM*999*20061001
RMR*IK*424420061002*PI*47.45*47.45*0
REF*PO*0020061003
REF*ST*04244
REF*DP*043
DTM*999*20061002
RMR*IK*424420061003*PI*24.9*24.9*0
REF*PO*0020061004
REF*ST*04244
REF*DP*043
DTM*999*20061003
RMR*IK*424420061004*PI*40.2*40.2*0
REF*PO*0020061005
REF*ST*04244
REF*DP*043
DTM*999*20061004
RMR*IK*430820060928*PI*20.15*20.15*0
REF*PO*0020060929
REF*ST*04308
REF*DP*043
DTM*999*20060928
RMR*IK*430820060929*PI*16.9*16.9*0
REF*PO*0020060930
REF*ST*04308
REF*DP*043
DTM*999*20060929
RMR*IK*430820060930*PI*34.75*34.75*0
REF*PO*0020061001
REF*ST*04308
REF*DP*043
DTM*999*20060930
RMR*IK*430820061001*PI*7.25*7.25*0
REF*PO*0020061002
REF*ST*04308
REF*DP*043
DTM*999*20061001
RMR*IK*430820061002*PI*8.8*8.8*0
REF*PO*0020061003
REF*ST*04308
REF*DP*043
DTM*999*20061002
RMR*IK*430820061004*PI*12.55*12.55*0
REF*PO*0020061005
REF*ST*04308
REF*DP*043
DTM*999*20061004
RMR*IK*431220060928*PI*12.4*12.4*0
REF*PO*0020060929
REF*ST*04312
REF*DP*043
DTM*999*20060928
RMR*IK*431220060929*PI*33.7*33.7*0
REF*PO*0020060930
REF*ST*04312
REF*DP*043
DTM*999*20060929
RMR*IK*431220060930*PI*44.75*44.75*0
REF*PO*0020061001
REF*ST*04312
REF*DP*043
DTM*999*20060930
RMR*IK*431220061001*PI*92.9*92.9*0
REF*PO*0020061002
REF*ST*04312
REF*DP*043
DTM*999*20061001
RMR*IK*431220061002*PI*59.8*59.8*0
REF*PO*0020061003
REF*ST*04312
REF*DP*043
DTM*999*20061002
RMR*IK*431220061003*PI*46.55*46.55*0
REF*PO*0020061004
REF*ST*04312
REF*DP*043
DTM*999*20061003
RMR*IK*431220061004*PI*36.5*36.5*0
REF*PO*0020061005
REF*ST*04312
REF*DP*043
DTM*999*20061004
RMR*IK*447520060928*PI*100.7*100.7*0
REF*PO*0020060929
REF*ST*04475
REF*DP*043
DTM*999*20060928
RMR*IK*447520060929*PI*124.35*124.35*0
REF*PO*0020060930
REF*ST*04475
REF*DP*043
DTM*999*20060929
RMR*IK*447520060930*PI*61.45*61.45*0
REF*PO*0020061001
REF*ST*04475
REF*DP*043
DTM*999*20060930
RMR*IK*447520061001*PI*66.1*66.1*0
REF*PO*0020061002
REF*ST*04475
REF*DP*043
DTM*999*20061001
RMR*IK*447520061002*PI*65.5*65.5*0
REF*PO*0020061003
REF*ST*04475
REF*DP*043
DTM*999*20061002
RMR*IK*447520061003*PI*50*50*0
REF*PO*0020061004
REF*ST*04475
REF*DP*043
DTM*999*20061003
RMR*IK*447520061004*PI*96.65*96.65*0
REF*PO*0020061005
REF*ST*04475
REF*DP*043
DTM*999*20061004
RMR*IK*448920060929*PI*2.35*2.35*0
REF*PO*0020060930
REF*ST*04489
REF*DP*043
DTM*999*20060929
RMR*IK*448920060930*PI*9.4*9.4*0
REF*PO*0020061001
REF*ST*04489
REF*DP*043
DTM*999*20060930
RMR*IK*448920061001*PI*2.35*2.35*0
REF*PO*0020061002
REF*ST*04489
REF*DP*043
DTM*999*20061001
RMR*IK*448920061002*PI*1.4*1.4*0
REF*PO*0020061003
REF*ST*04489
REF*DP*043
DTM*999*20061002
RMR*IK*448920061003*PI*14.55*14.55*0
REF*PO*0020061004
REF*ST*04489
REF*DP*043
DTM*999*20061003
RMR*IK*448920061004*PI*2.8*2.8*0
REF*PO*0020061005
REF*ST*04489
REF*DP*043
DTM*999*20061004
RMR*IK*471720060928*PI*11.75*11.75*0
REF*PO*0020060929
REF*ST*04717
REF*DP*043
DTM*999*20060928
RMR*IK*471720060929*PI*23*23*0
REF*PO*0020060930
REF*ST*04717
REF*DP*043
DTM*999*20060929
RMR*IK*471720060930*PI*58.2*58.2*0
REF*PO*0020061001
REF*ST*04717
REF*DP*043
DTM*999*20060930
RMR*IK*471720061001*PI*29.95*29.95*0
REF*PO*0020061002
REF*ST*04717
REF*DP*043
DTM*999*20061001
RMR*IK*471720061002*PI*21.3*21.3*0
REF*PO*0020061003
REF*ST*04717
REF*DP*043
DTM*999*20061002
RMR*IK*471720061003*PI*23.2*23.2*0
REF*PO*0020061004
REF*ST*04717
REF*DP*043
DTM*999*20061003
RMR*IK*471720061004*PI*32.6*32.6*0
REF*PO*0020061005
REF*ST*04717
REF*DP*043
DTM*999*20061004
RMR*IK*471920060928*PI*112.4*112.4*0
REF*PO*0020060929
REF*ST*04719
REF*DP*043
DTM*999*20060928
RMR*IK*471920060929*PI*62.45*62.45*0
REF*PO*0020060930
REF*ST*04719
REF*DP*043
DTM*999*20060929
RMR*IK*471920060930*PI*117.8*117.8*0
REF*PO*0020061001
REF*ST*04719
REF*DP*043
DTM*999*20060930
RMR*IK*471920061001*PI*117.75*117.75*0
REF*PO*0020061002
REF*ST*04719
REF*DP*043
DTM*999*20061001
RMR*IK*471920061002*PI*60.55*60.55*0
REF*PO*0020061003
REF*ST*04719
REF*DP*043
DTM*999*20061002
RMR*IK*471920061003*PI*140.55*140.55*0
REF*PO*0020061004
REF*ST*04719
REF*DP*043
DTM*999*20061003
RMR*IK*471920061004*PI*132.8*132.8*0
REF*PO*0020061005
REF*ST*04719
REF*DP*043
DTM*999*20061004
RMR*IK*472320060928*PI*27.95*27.95*0
REF*PO*0020060929
REF*ST*04723
REF*DP*043
DTM*999*20060928
RMR*IK*472320060929*PI*56.35*56.35*0
REF*PO*0020060930
REF*ST*04723
REF*DP*043
DTM*999*20060929
RMR*IK*472320060930*PI*91.9*91.9*0
REF*PO*0020061001
REF*ST*04723
REF*DP*043
DTM*999*20060930
RMR*IK*472320061001*PI*44.1*44.1*0
REF*PO*0020061002
REF*ST*04723
REF*DP*043
DTM*999*20061001
RMR*IK*472320061002*PI*74.85*74.85*0
REF*PO*0020061003
REF*ST*04723
REF*DP*043
DTM*999*20061002
RMR*IK*472320061003*PI*24.55*24.55*0
REF*PO*0020061004
REF*ST*04723
REF*DP*043
DTM*999*20061003
RMR*IK*472320061004*PI*49.25*49.25*0
REF*PO*0020061005
REF*ST*04723
REF*DP*043
DTM*999*20061004
RMR*IK*473920060928*PI*12.85*12.85*0
REF*PO*0020060929
REF*ST*04739
REF*DP*043
DTM*999*20060928
RMR*IK*473920060929*PI*13.8*13.8*0
REF*PO*0020060930
REF*ST*04739
REF*DP*043
DTM*999*20060929
RMR*IK*473920060930*PI*42*42*0
REF*PO*0020061001
REF*ST*04739
REF*DP*043
DTM*999*20060930
RMR*IK*473920061001*PI*22.1*22.1*0
REF*PO*0020061002
REF*ST*04739
REF*DP*043
DTM*999*20061001
RMR*IK*473920061002*PI*25.8*25.8*0
REF*PO*0020061003
REF*ST*04739
REF*DP*043
DTM*999*20061002
RMR*IK*473920061003*PI*49.05*49.05*0
REF*PO*0020061004
REF*ST*04739
REF*DP*043
DTM*999*20061003
RMR*IK*473920061004*PI*16.3*16.3*0
REF*PO*0020061005
REF*ST*04739
REF*DP*043
DTM*999*20061004
RMR*IK*475320060928*PI*16.65*16.65*0
REF*PO*0020060929
REF*ST*04753
REF*DP*043
DTM*999*20060928
RMR*IK*475320060929*PI*15.65*15.65*0
REF*PO*0020060930
REF*ST*04753
REF*DP*043
DTM*999*20060929
RMR*IK*475320061001*PI*14.4*14.4*0
REF*PO*0020061002
REF*ST*04753
REF*DP*043
DTM*999*20061001
RMR*IK*475320061002*PI*7.25*7.25*0
REF*PO*0020061003
REF*ST*04753
REF*DP*043
DTM*999*20061002
RMR*IK*475320061003*PI*20.8*20.8*0
REF*PO*0020061004
REF*ST*04753
REF*DP*043
DTM*999*20061003
RMR*IK*475320061004*PI*24.35*24.35*0
REF*PO*0020061005
REF*ST*04753
REF*DP*043
DTM*999*20061004
RMR*IK*476920060928*PI*90.4*90.4*0
REF*PO*0020060929
REF*ST*04769
REF*DP*043
DTM*999*20060928
RMR*IK*476920060929*PI*46.1*46.1*0
REF*PO*0020060930
REF*ST*04769
REF*DP*043
DTM*999*20060929
RMR*IK*476920060930*PI*95.55*95.55*0
REF*PO*0020061001
REF*ST*04769
REF*DP*043
DTM*999*20060930
RMR*IK*476920061001*PI*38.05*38.05*0
REF*PO*0020061002
REF*ST*04769
REF*DP*043
DTM*999*20061001
RMR*IK*476920061002*PI*19.1*19.1*0
REF*PO*0020061003
REF*ST*04769
REF*DP*043
DTM*999*20061002
RMR*IK*476920061003*PI*78.35*78.35*0
REF*PO*0020061004
REF*ST*04769
REF*DP*043
DTM*999*20061003
RMR*IK*476920061004*PI*34.3*34.3*0
REF*PO*0020061005
REF*ST*04769
REF*DP*043
DTM*999*20061004
RMR*IK*481720060928*PI*84.75*84.75*0
REF*PO*0020060929
REF*ST*04817
REF*DP*043
DTM*999*20060928
RMR*IK*481720060929*PI*78.85*78.85*0
REF*PO*0020060930
REF*ST*04817
REF*DP*043
DTM*999*20060929
RMR*IK*481720060930*PI*82.1*82.1*0
REF*PO*0020061001
REF*ST*04817
REF*DP*043
DTM*999*20060930
RMR*IK*481720061001*PI*67.7*67.7*0
REF*PO*0020061002
REF*ST*04817
REF*DP*043
DTM*999*20061001
RMR*IK*481720061002*PI*63.1*63.1*0
REF*PO*0020061003
REF*ST*04817
REF*DP*043
DTM*999*20061002
RMR*IK*481720061003*PI*46*46*0
REF*PO*0020061004
REF*ST*04817
REF*DP*043
DTM*999*20061003
RMR*IK*481720061004*PI*78.9*78.9*0
REF*PO*0020061005
REF*ST*04817
REF*DP*043
DTM*999*20061004
RMR*IK*483520060928*PI*21.85*21.85*0
REF*PO*0020060929
REF*ST*04835
REF*DP*043
DTM*999*20060928
RMR*IK*483520060929*PI*19.75*19.75*0
REF*PO*0020060930
REF*ST*04835
REF*DP*043
DTM*999*20060929
RMR*IK*483520060930*PI*24.95*24.95*0
REF*PO*0020061001
REF*ST*04835
REF*DP*043
DTM*999*20060930
RMR*IK*483520061001*PI*30.55*30.55*0
REF*PO*0020061002
REF*ST*04835
REF*DP*043
DTM*999*20061001
RMR*IK*483520061002*PI*24.15*24.15*0
REF*PO*0020061003
REF*ST*04835
REF*DP*043
DTM*999*20061002
RMR*IK*483520061003*PI*40.3*40.3*0
REF*PO*0020061004
REF*ST*04835
REF*DP*043
DTM*999*20061003
RMR*IK*483520061004*PI*13.95*13.95*0
REF*PO*0020061005
REF*ST*04835
REF*DP*043
DTM*999*20061004
RMR*IK*488320060928*PI*74.65*74.65*0
REF*PO*0020060929
REF*ST*04883
REF*DP*043
DTM*999*20060928
RMR*IK*488320060929*PI*7.05*7.05*0
REF*PO*0020060930
REF*ST*04883
REF*DP*043
DTM*999*20060929
RMR*IK*488320060930*PI*11.75*11.75*0
REF*PO*0020061001
REF*ST*04883
REF*DP*043
DTM*999*20060930
RMR*IK*488320061001*PI*6.9*6.9*0
REF*PO*0020061002
REF*ST*04883
REF*DP*043
DTM*999*20061001
RMR*IK*488320061002*PI*16.7*16.7*0
REF*PO*0020061003
REF*ST*04883
REF*DP*043
DTM*999*20061002
RMR*IK*488320061003*PI*29*29*0
REF*PO*0020061004
REF*ST*04883
REF*DP*043
DTM*999*20061003
RMR*IK*489820060928*PI*22.3*22.3*0
REF*PO*0020060929
REF*ST*04898
REF*DP*043
DTM*999*20060928
RMR*IK*489820060929*PI*39.5*39.5*0
REF*PO*0020060930
REF*ST*04898
REF*DP*043
DTM*999*20060929
RMR*IK*489820060930*PI*62.95*62.95*0
REF*PO*0020061001
REF*ST*04898
REF*DP*043
DTM*999*20060930
RMR*IK*489820061001*PI*11.6*11.6*0
REF*PO*0020061002
REF*ST*04898
REF*DP*043
DTM*999*20061001
RMR*IK*489820061002*PI*9.9*9.9*0
REF*PO*0020061003
REF*ST*04898
REF*DP*043
DTM*999*20061002
RMR*IK*489820061003*PI*8.8*8.8*0
REF*PO*0020061004
REF*ST*04898
REF*DP*043
DTM*999*20061003
RMR*IK*489820061004*PI*19.9*19.9*0
REF*PO*0020061005
REF*ST*04898
REF*DP*043
DTM*999*20061004
RMR*IK*497020060928*PI*44.05*44.05*0
REF*PO*0020060929
REF*ST*04970
REF*DP*043
DTM*999*20060928
RMR*IK*497020060929*PI*52.2*52.2*0
REF*PO*0020060930
REF*ST*04970
REF*DP*043
DTM*999*20060929
RMR*IK*497020060930*PI*73.8*73.8*0
REF*PO*0020061001
REF*ST*04970
REF*DP*043
DTM*999*20060930
RMR*IK*497020061001*PI*14.75*14.75*0
REF*PO*0020061002
REF*ST*04970
REF*DP*043
DTM*999*20061001
RMR*IK*497020061002*PI*21.55*21.55*0
REF*PO*0020061003
REF*ST*04970
REF*DP*043
DTM*999*20061002
RMR*IK*497020061003*PI*52.05*52.05*0
REF*PO*0020061004
REF*ST*04970
REF*DP*043
DTM*999*20061003
RMR*IK*497020061004*PI*56.3*56.3*0
REF*PO*0020061005
REF*ST*04970
REF*DP*043
DTM*999*20061004
RMR*IK*502320060929*PI*20.25*20.25*0
REF*PO*0020061001
REF*ST*05023
REF*DP*043
DTM*999*20060929
RMR*IK*502320060930*PI*25.65*25.65*0
REF*PO*0020061003
REF*ST*05023
REF*DP*043
DTM*999*20060930
RMR*IK*502320061002*PI*11.9*11.9*0
REF*PO*0020061004
REF*ST*05023
REF*DP*043
DTM*999*20061002
RMR*IK*502320061003*PI*27.15*27.15*0
REF*PO*0020061005
REF*ST*05023
REF*DP*043
DTM*999*20061003
RMR*IK*502320061004*PI*18.8*18.8*0
REF*PO*0020061006
REF*ST*05023
REF*DP*043
DTM*999*20061004
RMR*IK*506620060929*PI*14.5*14.5*0
REF*PO*0020061001
REF*ST*05066
REF*DP*043
DTM*999*20060929
RMR*IK*506620061001*PI*8.4*8.4*0
REF*PO*0020061003
REF*ST*05066
REF*DP*043
DTM*999*20061001
RMR*IK*507020060928*PI*54.45*54.45*0
REF*PO*0020060930
REF*ST*05070
REF*DP*043
DTM*999*20060928
RMR*IK*507020060929*PI*50.15*50.15*0
REF*PO*0020061001
REF*ST*05070
REF*DP*043
DTM*999*20060929
RMR*IK*507020060930*PI*49.05*49.05*0
REF*PO*0020061002
REF*ST*05070
REF*DP*043
DTM*999*20060930
RMR*IK*507020061001*PI*56.45*56.45*0
REF*PO*0020061003
REF*ST*05070
REF*DP*043
DTM*999*20061001
RMR*IK*507020061002*PI*4.4*4.4*0
REF*PO*0020061004
REF*ST*05070
REF*DP*043
DTM*999*20061002
RMR*IK*507020061003*PI*19.2*19.2*0
REF*PO*0020061005
REF*ST*05070
REF*DP*043
DTM*999*20061003
RMR*IK*507020061004*PI*11.45*11.45*0
REF*PO*0020061006
REF*ST*05070
REF*DP*043
DTM*999*20061004
RMR*IK*507720060929*PI*9.4*9.4*0
REF*PO*0020061001
REF*ST*05077
REF*DP*043
DTM*999*20060929
RMR*IK*507720060930*PI*2.35*2.35*0
REF*PO*0020061002
REF*ST*05077
REF*DP*043
DTM*999*20060930
RMR*IK*507720061003*PI*8.8*8.8*0
REF*PO*0020061005
REF*ST*05077
REF*DP*043
DTM*999*20061003
RMR*IK*507720061004*PI*9.4*9.4*0
REF*PO*0020061006
REF*ST*05077
REF*DP*043
DTM*999*20061004
RMR*IK*702820060928*PI*4.7*4.7*0
REF*PO*0020060929
REF*ST*07028
REF*DP*043
DTM*999*20060928
RMR*IK*702820060929*PI*4.7*4.7*0
REF*PO*0020060930
REF*ST*07028
REF*DP*043
DTM*999*20060929
RMR*IK*702820060930*PI*27.2*27.2*0
REF*PO*0020061001
REF*ST*07028
REF*DP*043
DTM*999*20060930
RMR*IK*702820061003*PI*11.3*11.3*0
REF*PO*0020061004
REF*ST*07028
REF*DP*043
DTM*999*20061003
RMR*IK*704520060928*PI*13.5*13.5*0
REF*PO*0020060929
REF*ST*07045
REF*DP*043
DTM*999*20060928
RMR*IK*704520060929*PI*23.65*23.65*0
REF*PO*0020060930
REF*ST*07045
REF*DP*043
DTM*999*20060929
RMR*IK*704520060930*PI*5.8*5.8*0
REF*PO*0020061001
REF*ST*07045
REF*DP*043
DTM*999*20060930
RMR*IK*704520061001*PI*20.6*20.6*0
REF*PO*0020061002
REF*ST*07045
REF*DP*043
DTM*999*20061001
RMR*IK*704520061002*PI*19.9*19.9*0
REF*PO*0020061003
REF*ST*07045
REF*DP*043
DTM*999*20061002
RMR*IK*704520061003*PI*91.75*91.75*0
REF*PO*0020061004
REF*ST*07045
REF*DP*043
DTM*999*20061003
RMR*IK*704520061004*PI*44.65*44.65*0
REF*PO*0020061005
REF*ST*07045
REF*DP*043
DTM*999*20061004
RMR*IK*705920060928*PI*15.5*15.5*0
REF*PO*0020060929
REF*ST*07059
REF*DP*043
DTM*999*20060928
RMR*IK*705920060929*PI*25.75*25.75*0
REF*PO*0020060930
REF*ST*07059
REF*DP*043
DTM*999*20060929
RMR*IK*705920060930*PI*58.3*58.3*0
REF*PO*0020061001
REF*ST*07059
REF*DP*043
DTM*999*20060930
RMR*IK*705920061001*PI*26.3*26.3*0
REF*PO*0020061002
REF*ST*07059
REF*DP*043
DTM*999*20061001
RMR*IK*705920061002*PI*20.85*20.85*0
REF*PO*0020061003
REF*ST*07059
REF*DP*043
DTM*999*20061002
RMR*IK*705920061003*PI*5.95*5.95*0
REF*PO*0020061004
REF*ST*07059
REF*DP*043
DTM*999*20061003
RMR*IK*705920061004*PI*17.4*17.4*0
REF*PO*0020061005
REF*ST*07059
REF*DP*043
DTM*999*20061004
RMR*IK*706420060928*PI*26.6*26.6*0
REF*PO*0020060929
REF*ST*07064
REF*DP*043
DTM*999*20060928
RMR*IK*706420060929*PI*14.7*14.7*0
REF*PO*0020060930
REF*ST*07064
REF*DP*043
DTM*999*20060929
RMR*IK*706420060930*PI*15.05*15.05*0
REF*PO*0020061001
REF*ST*07064
REF*DP*043
DTM*999*20060930
RMR*IK*706420061001*PI*7.35*7.35*0
REF*PO*0020061002
REF*ST*07064
REF*DP*043
DTM*999*20061001
RMR*IK*706420061002*PI*35.15*35.15*0
REF*PO*0020061003
REF*ST*07064
REF*DP*043
DTM*999*20061002
RMR*IK*706420061003*PI*18.6*18.6*0
REF*PO*0020061004
REF*ST*07064
REF*DP*043
DTM*999*20061003
RMR*IK*706420061004*PI*8*8*0
REF*PO*0020061005
REF*ST*07064
REF*DP*043
DTM*999*20061004
RMR*IK*706620060928*PI*38*38*0
REF*PO*0020060929
REF*ST*07066
REF*DP*043
DTM*999*20060928
RMR*IK*706620060929*PI*70.75*70.75*0
REF*PO*0020060930
REF*ST*07066
REF*DP*043
DTM*999*20060929
RMR*IK*706620060930*PI*103.1*103.1*0
REF*PO*0020061001
REF*ST*07066
REF*DP*043
DTM*999*20060930
RMR*IK*706620061001*PI*85.1*85.1*0
REF*PO*0020061002
REF*ST*07066
REF*DP*043
DTM*999*20061001
RMR*IK*706620061002*PI*58.85*58.85*0
REF*PO*0020061003
REF*ST*07066
REF*DP*043
DTM*999*20061002
RMR*IK*706620061003*PI*88.45*88.45*0
REF*PO*0020061004
REF*ST*07066
REF*DP*043
DTM*999*20061003
RMR*IK*706620061004*PI*74.75*74.75*0
REF*PO*0020061005
REF*ST*07066
REF*DP*043
DTM*999*20061004
RMR*IK*706920060928*PI*12.65*12.65*0
REF*PO*0020060929
REF*ST*07069
REF*DP*043
DTM*999*20060928
RMR*IK*706920060929*PI*30.7*30.7*0
REF*PO*0020060930
REF*ST*07069
REF*DP*043
DTM*999*20060929
RMR*IK*706920060930*PI*26.3*26.3*0
REF*PO*0020061001
REF*ST*07069
REF*DP*043
DTM*999*20060930
RMR*IK*706920061001*PI*9.25*9.25*0
REF*PO*0020061002
REF*ST*07069
REF*DP*043
DTM*999*20061001
RMR*IK*706920061002*PI*43.65*43.65*0
REF*PO*0020061003
REF*ST*07069
REF*DP*043
DTM*999*20061002
RMR*IK*706920061003*PI*27*27*0
REF*PO*0020061004
REF*ST*07069
REF*DP*043
DTM*999*20061003
RMR*IK*706920061004*PI*29.6*29.6*0
REF*PO*0020061005
REF*ST*07069
REF*DP*043
DTM*999*20061004
RMR*IK*707620060928*PI*7.25*7.25*0
REF*PO*0020060929
REF*ST*07076
REF*DP*043
DTM*999*20060928
RMR*IK*707620060929*PI*83.9*83.9*0
REF*PO*0020060930
REF*ST*07076
REF*DP*043
DTM*999*20060929
RMR*IK*707620060930*PI*17.7*17.7*0
REF*PO*0020061001
REF*ST*07076
REF*DP*043
DTM*999*20060930
RMR*IK*707620061003*PI*9.75*9.75*0
REF*PO*0020061004
REF*ST*07076
REF*DP*043
DTM*999*20061003
RMR*IK*707620061004*PI*2.35*2.35*0
REF*PO*0020061005
REF*ST*07076
REF*DP*043
DTM*999*20061004
RMR*IK*713220060928*PI*38.75*38.75*0
REF*PO*0020060929
REF*ST*07132
REF*DP*043
DTM*999*20060928
RMR*IK*713220060929*PI*46.25*46.25*0
REF*PO*0020060930
REF*ST*07132
REF*DP*043
DTM*999*20060929
RMR*IK*713220060930*PI*82.9*82.9*0
REF*PO*0020061001
REF*ST*07132
REF*DP*043
DTM*999*20060930
RMR*IK*713220061001*PI*46.2*46.2*0
REF*PO*0020061002
REF*ST*07132
REF*DP*043
DTM*999*20061001
RMR*IK*713220061002*PI*67.55*67.55*0
REF*PO*0020061003
REF*ST*07132
REF*DP*043
DTM*999*20061002
RMR*IK*713220061003*PI*62.25*62.25*0
REF*PO*0020061004
REF*ST*07132
REF*DP*043
DTM*999*20061003
RMR*IK*713220061004*PI*53.3*53.3*0
REF*PO*0020061005
REF*ST*07132
REF*DP*043
DTM*999*20061004
RMR*IK*715420060928*PI*3.3*3.3*0
REF*PO*0020060929
REF*ST*07154
REF*DP*043
DTM*999*20060928
RMR*IK*715420060929*PI*23.7*23.7*0
REF*PO*0020060930
REF*ST*07154
REF*DP*043
DTM*999*20060929
RMR*IK*715420060930*PI*25.65*25.65*0
REF*PO*0020061001
REF*ST*07154
REF*DP*043
DTM*999*20060930
RMR*IK*715420061002*PI*7.05*7.05*0
REF*PO*0020061003
REF*ST*07154
REF*DP*043
DTM*999*20061002
RMR*IK*715420061004*PI*3.9*3.9*0
REF*PO*0020061005
REF*ST*07154
REF*DP*043
DTM*999*20061004
RMR*IK*718420060928*PI*155.3*155.3*0
REF*PO*0020060929
REF*ST*07184
REF*DP*043
DTM*999*20060928
RMR*IK*718420060929*PI*77.95*77.95*0
REF*PO*0020060930
REF*ST*07184
REF*DP*043
DTM*999*20060929
RMR*IK*718420060930*PI*272.85*272.85*0
REF*PO*0020061001
REF*ST*07184
REF*DP*043
DTM*999*20060930
RMR*IK*718420061001*PI*197.1*197.1*0
REF*PO*0020061002
REF*ST*07184
REF*DP*043
DTM*999*20061001
RMR*IK*718420061002*PI*196.3*196.3*0
REF*PO*0020061003
REF*ST*07184
REF*DP*043
DTM*999*20061002
RMR*IK*718420061003*PI*153.9*153.9*0
REF*PO*0020061004
REF*ST*07184
REF*DP*043
DTM*999*20061003
RMR*IK*718420061004*PI*189.2*189.2*0
REF*PO*0020061005
REF*ST*07184
REF*DP*043
DTM*999*20061004
RMR*IK*725520060928*PI*21.3*21.3*0
REF*PO*0020060929
REF*ST*07255
REF*DP*043
DTM*999*20060928
RMR*IK*725520060929*PI*36.15*36.15*0
REF*PO*0020060930
REF*ST*07255
REF*DP*043
DTM*999*20060929
RMR*IK*725520060930*PI*28.15*28.15*0
REF*PO*0020061001
REF*ST*07255
REF*DP*043
DTM*999*20060930
RMR*IK*725520061001*PI*46.15*46.15*0
REF*PO*0020061002
REF*ST*07255
REF*DP*043
DTM*999*20061001
RMR*IK*725520061002*PI*29.15*29.15*0
REF*PO*0020061003
REF*ST*07255
REF*DP*043
DTM*999*20061002
RMR*IK*725520061003*PI*12.85*12.85*0
REF*PO*0020061004
REF*ST*07255
REF*DP*043
DTM*999*20061003
RMR*IK*725520061004*PI*5.65*5.65*0
REF*PO*0020061005
REF*ST*07255
REF*DP*043
DTM*999*20061004
RMR*IK*735420060928*PI*10.7*10.7*0
REF*PO*0020060929
REF*ST*07354
REF*DP*043
DTM*999*20060928
RMR*IK*735420060929*PI*26.8*26.8*0
REF*PO*0020060930
REF*ST*07354
REF*DP*043
DTM*999*20060929
RMR*IK*735420060930*PI*35.25*35.25*0
REF*PO*0020061001
REF*ST*07354
REF*DP*043
DTM*999*20060930
RMR*IK*735420061001*PI*12.05*12.05*0
REF*PO*0020061002
REF*ST*07354
REF*DP*043
DTM*999*20061001
RMR*IK*735420061002*PI*23.65*23.65*0
REF*PO*0020061003
REF*ST*07354
REF*DP*043
DTM*999*20061002
RMR*IK*735420061003*PI*60.95*60.95*0
REF*PO*0020061004
REF*ST*07354
REF*DP*043
DTM*999*20061003
RMR*IK*735420061004*PI*11.2*11.2*0
REF*PO*0020061005
REF*ST*07354
REF*DP*043
DTM*999*20061004
RMR*IK*735820060928*PI*82.45*82.45*0
REF*PO*0020060929
REF*ST*07358
REF*DP*043
DTM*999*20060928
RMR*IK*735820060929*PI*113.1*113.1*0
REF*PO*0020060930
REF*ST*07358
REF*DP*043
DTM*999*20060929
RMR*IK*735820060930*PI*211.1*211.1*0
REF*PO*0020061001
REF*ST*07358
REF*DP*043
DTM*999*20060930
RMR*IK*735820061001*PI*112.5*112.5*0
REF*PO*0020061002
REF*ST*07358
REF*DP*043
DTM*999*20061001
RMR*IK*735820061002*PI*121.35*121.35*0
REF*PO*0020061003
REF*ST*07358
REF*DP*043
DTM*999*20061002
RMR*IK*735820061003*PI*141.1*141.1*0
REF*PO*0020061004
REF*ST*07358
REF*DP*043
DTM*999*20061003
RMR*IK*735820061004*PI*113.65*113.65*0
REF*PO*0020061005
REF*ST*07358
REF*DP*043
DTM*999*20061004
RMR*IK*736020060928*PI*13.6*13.6*0
REF*PO*0020060929
REF*ST*07360
REF*DP*043
DTM*999*20060928
RMR*IK*736020060929*PI*9.4*9.4*0
REF*PO*0020060930
REF*ST*07360
REF*DP*043
DTM*999*20060929
RMR*IK*736020060930*PI*23.9*23.9*0
REF*PO*0020061001
REF*ST*07360
REF*DP*043
DTM*999*20060930
RMR*IK*736020061001*PI*4.7*4.7*0
REF*PO*0020061002
REF*ST*07360
REF*DP*043
DTM*999*20061001
RMR*IK*736020061002*PI*2.8*2.8*0
REF*PO*0020061003
REF*ST*07360
REF*DP*043
DTM*999*20061002
RMR*IK*736020061003*PI*3.75*3.75*0
REF*PO*0020061004
REF*ST*07360
REF*DP*043
DTM*999*20061003
RMR*IK*736020061004*PI*4.7*4.7*0
REF*PO*0020061005
REF*ST*07360
REF*DP*043
DTM*999*20061004
RMR*IK*736220060928*PI*4.7*4.7*0
REF*PO*0020060929
REF*ST*07362
REF*DP*043
DTM*999*20060928
RMR*IK*736220060929*PI*29.1*29.1*0
REF*PO*0020060930
REF*ST*07362
REF*DP*043
DTM*999*20060929
RMR*IK*736220060930*PI*10.8*10.8*0
REF*PO*0020061001
REF*ST*07362
REF*DP*043
DTM*999*20060930
RMR*IK*736220061002*PI*15.65*15.65*0
REF*PO*0020061003
REF*ST*07362
REF*DP*043
DTM*999*20061002
RMR*IK*736220061003*PI*8.9*8.9*0
REF*PO*0020061004
REF*ST*07362
REF*DP*043
DTM*999*20061003
RMR*IK*736220061004*PI*7.7*7.7*0
REF*PO*0020061005
REF*ST*07362
REF*DP*043
DTM*999*20061004
RMR*IK*738820060928*PI*22.1*22.1*0
REF*PO*0020060929
REF*ST*07388
REF*DP*043
DTM*999*20060928
RMR*IK*738820060929*PI*73.55*73.55*0
REF*PO*0020060930
REF*ST*07388
REF*DP*043
DTM*999*20060929
RMR*IK*738820060930*PI*62.05*62.05*0
REF*PO*0020061001
REF*ST*07388
REF*DP*043
DTM*999*20060930
RMR*IK*738820061001*PI*21.6*21.6*0
REF*PO*0020061002
REF*ST*07388
REF*DP*043
DTM*999*20061001
RMR*IK*738820061002*PI*15.5*15.5*0
REF*PO*0020061003
REF*ST*07388
REF*DP*043
DTM*999*20061002
RMR*IK*738820061003*PI*6.1*6.1*0
REF*PO*0020061004
REF*ST*07388
REF*DP*043
DTM*999*20061003
RMR*IK*738820061004*PI*42.45*42.45*0
REF*PO*0020061005
REF*ST*07388
REF*DP*043
DTM*999*20061004
RMR*IK*743720060928*PI*24.2*24.2*0
REF*PO*0020060929
REF*ST*07437
REF*DP*043
DTM*999*20060928
RMR*IK*743720060929*PI*2.5*2.5*0
REF*PO*0020060930
REF*ST*07437
REF*DP*043
DTM*999*20060929
RMR*IK*743720060930*PI*4.4*4.4*0
REF*PO*0020061001
REF*ST*07437
REF*DP*043
DTM*999*20060930
RMR*IK*743720061001*PI*11.7*11.7*0
REF*PO*0020061002
REF*ST*07437
REF*DP*043
DTM*999*20061001
RMR*IK*743720061002*PI*5.6*5.6*0
REF*PO*0020061003
REF*ST*07437
REF*DP*043
DTM*999*20061002
RMR*IK*743720061003*PI*3.45*3.45*0
REF*PO*0020061004
REF*ST*07437
REF*DP*043
DTM*999*20061003
RMR*IK*743720061004*PI*23.3*23.3*0
REF*PO*0020061005
REF*ST*07437
REF*DP*043
DTM*999*20061004
RMR*IK*746020060928*PI*17.55*17.55*0
REF*PO*0020060929
REF*ST*07460
REF*DP*043
DTM*999*20060928
RMR*IK*746020060929*PI*52.45*52.45*0
REF*PO*0020060930
REF*ST*07460
REF*DP*043
DTM*999*20060929
RMR*IK*746020060930*PI*6.6*6.6*0
REF*PO*0020061001
REF*ST*07460
REF*DP*043
DTM*999*20060930
RMR*IK*746020061001*PI*30.9*30.9*0
REF*PO*0020061002
REF*ST*07460
REF*DP*043
DTM*999*20061001
RMR*IK*746020061002*PI*35.4*35.4*0
REF*PO*0020061003
REF*ST*07460
REF*DP*043
DTM*999*20061002
RMR*IK*746020061003*PI*43.15*43.15*0
REF*PO*0020061004
REF*ST*07460
REF*DP*043
DTM*999*20061003
RMR*IK*746020061004*PI*25.35*25.35*0
REF*PO*0020061005
REF*ST*07460
REF*DP*043
DTM*999*20061004
RMR*IK*746120060928*PI*13.15*13.15*0
REF*PO*0020060929
REF*ST*07461
REF*DP*043
DTM*999*20060928
RMR*IK*746120060929*PI*52.05*52.05*0
REF*PO*0020060930
REF*ST*07461
REF*DP*043
DTM*999*20060929
RMR*IK*746120060930*PI*104.85*104.85*0
REF*PO*0020061001
REF*ST*07461
REF*DP*043
DTM*999*20060930
RMR*IK*746120061001*PI*93.25*93.25*0
REF*PO*0020061002
REF*ST*07461
REF*DP*043
DTM*999*20061001
RMR*IK*746120061002*PI*105.55*105.55*0
REF*PO*0020061003
REF*ST*07461
REF*DP*043
DTM*999*20061002
RMR*IK*746120061003*PI*42.15*42.15*0
REF*PO*0020061004
REF*ST*07461
REF*DP*043
DTM*999*20061003
RMR*IK*746120061004*PI*70.2*70.2*0
REF*PO*0020061005
REF*ST*07461
REF*DP*043
DTM*999*20061004
RMR*IK*755820060928*PI*34.4*34.4*0
REF*PO*0020060929
REF*ST*07558
REF*DP*043
DTM*999*20060928
RMR*IK*755820060929*PI*4.2*4.2*0
REF*PO*0020060930
REF*ST*07558
REF*DP*043
DTM*999*20060929
RMR*IK*755820060930*PI*38.5*38.5*0
REF*PO*0020061001
REF*ST*07558
REF*DP*043
DTM*999*20060930
RMR*IK*755820061001*PI*2.2*2.2*0
REF*PO*0020061002
REF*ST*07558
REF*DP*043
DTM*999*20061001
RMR*IK*755820061003*PI*11.75*11.75*0
REF*PO*0020061004
REF*ST*07558
REF*DP*043
DTM*999*20061003
RMR*IK*755820061004*PI*19.65*19.65*0
REF*PO*0020061005
REF*ST*07558
REF*DP*043
DTM*999*20061004
RMR*IK*760720060928*PI*111.55*111.55*0
REF*PO*0020060929
REF*ST*07607
REF*DP*043
DTM*999*20060928
RMR*IK*760720060929*PI*120.3*120.3*0
REF*PO*0020060930
REF*ST*07607
REF*DP*043
DTM*999*20060929
RMR*IK*760720060930*PI*114.45*114.45*0
REF*PO*0020061001
REF*ST*07607
REF*DP*043
DTM*999*20060930
RMR*IK*760720061001*PI*105.2*105.2*0
REF*PO*0020061002
REF*ST*07607
REF*DP*043
DTM*999*20061001
RMR*IK*760720061002*PI*54.2*54.2*0
REF*PO*0020061003
REF*ST*07607
REF*DP*043
DTM*999*20061002
RMR*IK*760720061003*PI*41.05*41.05*0
REF*PO*0020061004
REF*ST*07607
REF*DP*043
DTM*999*20061003
RMR*IK*760720061004*PI*119.05*119.05*0
REF*PO*0020061005
REF*ST*07607
REF*DP*043
DTM*999*20061004
RMR*IK*761020060928*PI*2.5*2.5*0
REF*PO*0020060929
REF*ST*07610
REF*DP*043
DTM*999*20060928
RMR*IK*761020060929*PI*37.85*37.85*0
REF*PO*0020060930
REF*ST*07610
REF*DP*043
DTM*999*20060929
RMR*IK*761020060930*PI*116.25*116.25*0
REF*PO*0020061001
REF*ST*07610
REF*DP*043
DTM*999*20060930
RMR*IK*761020061001*PI*40.25*40.25*0
REF*PO*0020061002
REF*ST*07610
REF*DP*043
DTM*999*20061001
RMR*IK*761020061002*PI*101.1*101.1*0
REF*PO*0020061003
REF*ST*07610
REF*DP*043
DTM*999*20061002
RMR*IK*761020061003*PI*42.45*42.45*0
REF*PO*0020061004
REF*ST*07610
REF*DP*043
DTM*999*20061003
RMR*IK*761020061004*PI*34.15*34.15*0
REF*PO*0020061005
REF*ST*07610
REF*DP*043
DTM*999*20061004
RMR*IK*762920060929*PI*22.95*22.95*0
REF*PO*0020060930
REF*ST*07629
REF*DP*043
DTM*999*20060929
RMR*IK*762920060930*PI*34.4*34.4*0
REF*PO*0020061001
REF*ST*07629
REF*DP*043
DTM*999*20060930
RMR*IK*762920061001*PI*12.85*12.85*0
REF*PO*0020061002
REF*ST*07629
REF*DP*043
DTM*999*20061001
RMR*IK*762920061003*PI*22.05*22.05*0
REF*PO*0020061004
REF*ST*07629
REF*DP*043
DTM*999*20061003
RMR*IK*762920061004*PI*12.85*12.85*0
REF*PO*0020061005
REF*ST*07629
REF*DP*043
DTM*999*20061004
RMR*IK*763720060929*PI*1.4*1.4*0
REF*PO*0020060930
REF*ST*07637
REF*DP*043
DTM*999*20060929
RMR*IK*763720060930*PI*17.1*17.1*0
REF*PO*0020061001
REF*ST*07637
REF*DP*043
DTM*999*20060930
RMR*IK*763720061001*PI*28.8*28.8*0
REF*PO*0020061002
REF*ST*07637
REF*DP*043
DTM*999*20061001
RMR*IK*763720061002*PI*18.95*18.95*0
REF*PO*0020061003
REF*ST*07637
REF*DP*043
DTM*999*20061002
RMR*IK*763720061003*PI*36.8*36.8*0
REF*PO*0020061004
REF*ST*07637
REF*DP*043
DTM*999*20061003
RMR*IK*771820060928*PI*28.7*28.7*0
REF*PO*0020060929
REF*ST*07718
REF*DP*043
DTM*999*20060928
RMR*IK*771820060929*PI*45.3*45.3*0
REF*PO*0020060930
REF*ST*07718
REF*DP*043
DTM*999*20060929
RMR*IK*771820060930*PI*38.75*38.75*0
REF*PO*0020061001
REF*ST*07718
REF*DP*043
DTM*999*20060930
RMR*IK*771820061001*PI*105.95*105.95*0
REF*PO*0020061002
REF*ST*07718
REF*DP*043
DTM*999*20061001
RMR*IK*771820061002*PI*51.4*51.4*0
REF*PO*0020061003
REF*ST*07718
REF*DP*043
DTM*999*20061002
RMR*IK*771820061003*PI*15.15*15.15*0
REF*PO*0020061004
REF*ST*07718
REF*DP*043
DTM*999*20061003
RMR*IK*771820061004*PI*36.8*36.8*0
REF*PO*0020061005
REF*ST*07718
REF*DP*043
DTM*999*20061004
RMR*IK*771920060928*PI*16.45*16.45*0
REF*PO*0020060929
REF*ST*07719
REF*DP*043
DTM*999*20060928
RMR*IK*771920060930*PI*19.2*19.2*0
REF*PO*0020061001
REF*ST*07719
REF*DP*043
DTM*999*20060930
RMR*IK*771920061002*PI*9.6*9.6*0
REF*PO*0020061003
REF*ST*07719
REF*DP*043
DTM*999*20061002
RMR*IK*771920061003*PI*7.05*7.05*0
REF*PO*0020061004
REF*ST*07719
REF*DP*043
DTM*999*20061003
RMR*IK*771920061004*PI*2.35*2.35*0
REF*PO*0020061005
REF*ST*07719
REF*DP*043
DTM*999*20061004
RMR*IK*921720060928*PI*78.5*78.5*0
REF*PO*0020060929
REF*ST*09217
REF*DP*043
DTM*999*20060928
RMR*IK*921720060929*PI*81.1*81.1*0
REF*PO*0020060930
REF*ST*09217
REF*DP*043
DTM*999*20060929
RMR*IK*921720060930*PI*77.5*77.5*0
REF*PO*0020061001
REF*ST*09217
REF*DP*043
DTM*999*20060930
RMR*IK*921720061001*PI*31.95*31.95*0
REF*PO*0020061002
REF*ST*09217
REF*DP*043
DTM*999*20061001
RMR*IK*921720061002*PI*68.35*68.35*0
REF*PO*0020061003
REF*ST*09217
REF*DP*043
DTM*999*20061002
RMR*IK*921720061003*PI*21.35*21.35*0
REF*PO*0020061004
REF*ST*09217
REF*DP*043
DTM*999*20061003
RMR*IK*921720061004*PI*14.1*14.1*0
REF*PO*0020061005
REF*ST*09217
REF*DP*043
DTM*999*20061004
RMR*IK*951320060928*PI*29.45*29.45*0
REF*PO*0020060929
REF*ST*09513
REF*DP*043
DTM*999*20060928
RMR*IK*951320060929*PI*49.3*49.3*0
REF*PO*0020060930
REF*ST*09513
REF*DP*043
DTM*999*20060929
RMR*IK*951320060930*PI*38.65*38.65*0
REF*PO*0020061001
REF*ST*09513
REF*DP*043
DTM*999*20060930
RMR*IK*951320061001*PI*71.95*71.95*0
REF*PO*0020061002
REF*ST*09513
REF*DP*043
DTM*999*20061001
RMR*IK*951320061002*PI*44.65*44.65*0
REF*PO*0020061003
REF*ST*09513
REF*DP*043
DTM*999*20061002
RMR*IK*951320061003*PI*17.4*17.4*0
REF*PO*0020061004
REF*ST*09513
REF*DP*043
DTM*999*20061003
RMR*IK*951320061004*PI*6.6*6.6*0
REF*PO*0020061005
REF*ST*09513
REF*DP*043
DTM*999*20061004
RMR*IK*956020060928*PI*45.65*45.65*0
REF*PO*0020060929
REF*ST*09560
REF*DP*043
DTM*999*20060928
RMR*IK*956020060929*PI*20.4*20.4*0
REF*PO*0020060930
REF*ST*09560
REF*DP*043
DTM*999*20060929
RMR*IK*956020060930*PI*18.65*18.65*0
REF*PO*0020061001
REF*ST*09560
REF*DP*043
DTM*999*20060930
RMR*IK*956020061001*PI*9.4*9.4*0
REF*PO*0020061002
REF*ST*09560
REF*DP*043
DTM*999*20061001
RMR*IK*956020061002*PI*4.4*4.4*0
REF*PO*0020061003
REF*ST*09560
REF*DP*043
DTM*999*20061002
RMR*IK*962020060928*PI*61.7*61.7*0
REF*PO*0020060929
REF*ST*09620
REF*DP*043
DTM*999*20060928
RMR*IK*962020060929*PI*109.55*109.55*0
REF*PO*0020060930
REF*ST*09620
REF*DP*043
DTM*999*20060929
RMR*IK*962020060930*PI*38*38*0
REF*PO*0020061001
REF*ST*09620
REF*DP*043
DTM*999*20060930
RMR*IK*962020061001*PI*19.6*19.6*0
REF*PO*0020061002
REF*ST*09620
REF*DP*043
DTM*999*20061001
RMR*IK*962020061002*PI*33.75*33.75*0
REF*PO*0020061003
REF*ST*09620
REF*DP*043
DTM*999*20061002
RMR*IK*962020061003*PI*93.9*93.9*0
REF*PO*0020061004
REF*ST*09620
REF*DP*043
DTM*999*20061003
RMR*IK*962020061004*PI*46.35*46.35*0
REF*PO*0020061005
REF*ST*09620
REF*DP*043
DTM*999*20061004
RMR*IK*962020061022*PI*-2.5*-2.5*0
REF*PO*0020061024
REF*ST*09620
REF*DP*043
DTM*999*20061022
RMR*IK*962120060928*PI*25.95*25.95*0
REF*PO*0020060929
REF*ST*09621
REF*DP*043
DTM*999*20060928
RMR*IK*962120060929*PI*59.7*59.7*0
REF*PO*0020060930
REF*ST*09621
REF*DP*043
DTM*999*20060929
RMR*IK*962120060930*PI*15.7*15.7*0
REF*PO*0020061001
REF*ST*09621
REF*DP*043
DTM*999*20060930
RMR*IK*962120061001*PI*2.35*2.35*0
REF*PO*0020061002
REF*ST*09621
REF*DP*043
DTM*999*20061001
RMR*IK*962120061002*PI*14.1*14.1*0
REF*PO*0020061003
REF*ST*09621
REF*DP*043
DTM*999*20061002
RMR*IK*962120061003*PI*21.15*21.15*0
REF*PO*0020061005
REF*ST*09621
REF*DP*043
DTM*999*20061003
RMR*IK*962120061003*PI*33.4*33.4*0
REF*PO*0020061004
REF*ST*09621
REF*DP*043
DTM*999*20061003
RMR*IK*962120061004*PI*48.4*48.4*0
REF*PO*0020061005
REF*ST*09621
REF*DP*043
DTM*999*20061004
RMR*IK*962220060929*PI*8.4*8.4*0
REF*PO*0020060930
REF*ST*09622
REF*DP*043
DTM*999*20060929
RMR*IK*962220060930*PI*35*35*0
REF*PO*0020061001
REF*ST*09622
REF*DP*043
DTM*999*20060930
RMR*IK*962220061002*PI*13.75*13.75*0
REF*PO*0020061003
REF*ST*09622
REF*DP*043
DTM*999*20061002
RMR*IK*962220061003*PI*14.6*14.6*0
REF*PO*0020061004
REF*ST*09622
REF*DP*043
DTM*999*20061003
RMR*IK*962220061004*PI*30.3*30.3*0
REF*PO*0020061005
REF*ST*09622
REF*DP*043
DTM*999*20061004
RMR*IK*962520060928*PI*40.9*40.9*0
REF*PO*0020060929
REF*ST*09625
REF*DP*043
DTM*999*20060928
RMR*IK*962520060929*PI*26.7*26.7*0
REF*PO*0020060930
REF*ST*09625
REF*DP*043
DTM*999*20060929
RMR*IK*962520060930*PI*64.75*64.75*0
REF*PO*0020061001
REF*ST*09625
REF*DP*043
DTM*999*20060930
RMR*IK*962520061001*PI*44.35*44.35*0
REF*PO*0020061002
REF*ST*09625
REF*DP*043
DTM*999*20061001
RMR*IK*962520061002*PI*47.5*47.5*0
REF*PO*0020061003
REF*ST*09625
REF*DP*043
DTM*999*20061002
RMR*IK*962520061003*PI*48.4*48.4*0
REF*PO*0020061004
REF*ST*09625
REF*DP*043
DTM*999*20061003
RMR*IK*962520061004*PI*35.05*35.05*0
REF*PO*0020061005
REF*ST*09625
REF*DP*043
DTM*999*20061004
RMR*IK*962920060928*PI*21.65*21.65*0
REF*PO*0020060929
REF*ST*09629
REF*DP*043
DTM*999*20060928
RMR*IK*962920060929*PI*130.95*130.95*0
REF*PO*0020060930
REF*ST*09629
REF*DP*043
DTM*999*20060929
RMR*IK*962920060930*PI*76.45*76.45*0
REF*PO*0020061001
REF*ST*09629
REF*DP*043
DTM*999*20060930
RMR*IK*962920061001*PI*114.25*114.25*0
REF*PO*0020061002
REF*ST*09629
REF*DP*043
DTM*999*20061001
RMR*IK*962920061002*PI*72.5*72.5*0
REF*PO*0020061003
REF*ST*09629
REF*DP*043
DTM*999*20061002
RMR*IK*962920061003*PI*68.4*68.4*0
REF*PO*0020061004
REF*ST*09629
REF*DP*043
DTM*999*20061003
RMR*IK*962920061004*PI*21.5*21.5*0
REF*PO*0020061005
REF*ST*09629
REF*DP*043
DTM*999*20061004
RMR*IK*963320060928*PI*35.3*35.3*0
REF*PO*0020060929
REF*ST*09633
REF*DP*043
DTM*999*20060928
RMR*IK*963320060929*PI*90.2*90.2*0
REF*PO*0020060930
REF*ST*09633
REF*DP*043
DTM*999*20060929
RMR*IK*963320060930*PI*116.4*116.4*0
REF*PO*0020061001
REF*ST*09633
REF*DP*043
DTM*999*20060930
RMR*IK*963320061001*PI*87.9*87.9*0
REF*PO*0020061002
REF*ST*09633
REF*DP*043
DTM*999*20061001
RMR*IK*963320061002*PI*41.05*41.05*0
REF*PO*0020061003
REF*ST*09633
REF*DP*043
DTM*999*20061002
RMR*IK*963320061003*PI*21.15*21.15*0
REF*PO*0020061004
REF*ST*09633
REF*DP*043
DTM*999*20061003
RMR*IK*963320061004*PI*37.6*37.6*0
REF*PO*0020061005
REF*ST*09633
REF*DP*043
DTM*999*20061004
RMR*IK*963920060928*PI*1.4*1.4*0
REF*PO*0020060929
REF*ST*09639
REF*DP*043
DTM*999*20060928
RMR*IK*963920060929*PI*30.9*30.9*0
REF*PO*0020060930
REF*ST*09639
REF*DP*043
DTM*999*20060929
RMR*IK*963920060930*PI*25.4*25.4*0
REF*PO*0020061001
REF*ST*09639
REF*DP*043
DTM*999*20060930
RMR*IK*963920061001*PI*29.4*29.4*0
REF*PO*0020061002
REF*ST*09639
REF*DP*043
DTM*999*20061001
RMR*IK*963920061002*PI*13.45*13.45*0
REF*PO*0020061003
REF*ST*09639
REF*DP*043
DTM*999*20061002
RMR*IK*963920061003*PI*4.7*4.7*0
REF*PO*0020061004
REF*ST*09639
REF*DP*043
DTM*999*20061003
RMR*IK*963920061004*PI*13.5*13.5*0
REF*PO*0020061005
REF*ST*09639
REF*DP*043
DTM*999*20061004
RMR*IK*964820060928*PI*73.5*73.5*0
REF*PO*0020060929
REF*ST*09648
REF*DP*043
DTM*999*20060928
RMR*IK*964820060929*PI*118.65*118.65*0
REF*PO*0020060930
REF*ST*09648
REF*DP*043
DTM*999*20060929
RMR*IK*964820060930*PI*111.2*111.2*0
REF*PO*0020061001
REF*ST*09648
REF*DP*043
DTM*999*20060930
RMR*IK*964820061001*PI*137.3*137.3*0
REF*PO*0020061002
REF*ST*09648
REF*DP*043
DTM*999*20061001
RMR*IK*964820061002*PI*94.35*94.35*0
REF*PO*0020061003
REF*ST*09648
REF*DP*043
DTM*999*20061002
RMR*IK*964820061003*PI*63*63*0
REF*PO*0020061004
REF*ST*09648
REF*DP*043
DTM*999*20061003
RMR*IK*964820061004*PI*97.55*97.55*0
REF*PO*0020061005
REF*ST*09648
REF*DP*043
DTM*999*20061004
RMR*IK*967420060928*PI*16.8*16.8*0
REF*PO*0020060929
REF*ST*09674
REF*DP*043
DTM*999*20060928
RMR*IK*967420060929*PI*48.2*48.2*0
REF*PO*0020060930
REF*ST*09674
REF*DP*043
DTM*999*20060929
RMR*IK*967420060930*PI*61.95*61.95*0
REF*PO*0020061001
REF*ST*09674
REF*DP*043
DTM*999*20060930
RMR*IK*967420061001*PI*43.6*43.6*0
REF*PO*0020061002
REF*ST*09674
REF*DP*043
DTM*999*20061001
RMR*IK*967420061002*PI*48.6*48.6*0
REF*PO*0020061003
REF*ST*09674
REF*DP*043
DTM*999*20061002
RMR*IK*967420061003*PI*20.4*20.4*0
REF*PO*0020061004
REF*ST*09674
REF*DP*043
DTM*999*20061003
RMR*IK*967420061004*PI*42.95*42.95*0
REF*PO*0020061005
REF*ST*09674
REF*DP*043
DTM*999*20061004
RMR*IK*971420060928*PI*28.15*28.15*0
REF*PO*0020060929
REF*ST*09714
REF*DP*043
DTM*999*20060928
RMR*IK*971420060929*PI*65.4*65.4*0
REF*PO*0020060930
REF*ST*09714
REF*DP*043
DTM*999*20060929
RMR*IK*971420060930*PI*65.05*65.05*0
REF*PO*0020061001
REF*ST*09714
REF*DP*043
DTM*999*20060930
RMR*IK*971420061001*PI*18.75*18.75*0
REF*PO*0020061002
REF*ST*09714
REF*DP*043
DTM*999*20061001
RMR*IK*971420061002*PI*33.25*33.25*0
REF*PO*0020061003
REF*ST*09714
REF*DP*043
DTM*999*20061002
RMR*IK*971420061003*PI*28.85*28.85*0
REF*PO*0020061004
REF*ST*09714
REF*DP*043
DTM*999*20061003
RMR*IK*971420061004*PI*23.15*23.15*0
REF*PO*0020061005
REF*ST*09714
REF*DP*043
DTM*999*20061004
RMR*IK*972820060929*PI*9.9*9.9*0
REF*PO*0020060930
REF*ST*09728
REF*DP*043
DTM*999*20060929
RMR*IK*973520060928*PI*20.25*20.25*0
REF*PO*0020060929
REF*ST*09735
REF*DP*043
DTM*999*20060928
RMR*IK*973520060929*PI*18.65*18.65*0
REF*PO*0020060930
REF*ST*09735
REF*DP*043
DTM*999*20060929
RMR*IK*973520061001*PI*7.35*7.35*0
REF*PO*0020061002
REF*ST*09735
REF*DP*043
DTM*999*20061001
RMR*IK*973520061002*PI*6.4*6.4*0
REF*PO*0020061003
REF*ST*09735
REF*DP*043
DTM*999*20061002
RMR*IK*973520061003*PI*35.55*35.55*0
REF*PO*0020061004
REF*ST*09735
REF*DP*043
DTM*999*20061003
RMR*IK*973520061004*PI*23.35*23.35*0
REF*PO*0020061005
REF*ST*09735
REF*DP*043
DTM*999*20061004
RMR*IK*975820060928*PI*48.35*48.35*0
REF*PO*0020060929
REF*ST*09758
REF*DP*043
DTM*999*20060928
RMR*IK*975820060929*PI*40.1*40.1*0
REF*PO*0020060930
REF*ST*09758
REF*DP*043
DTM*999*20060929
RMR*IK*975820060930*PI*57*57*0
REF*PO*0020061001
REF*ST*09758
REF*DP*043
DTM*999*20060930
RMR*IK*975820061001*PI*30.85*30.85*0
REF*PO*0020061002
REF*ST*09758
REF*DP*043
DTM*999*20061001
RMR*IK*975820061002*PI*69.1*69.1*0
REF*PO*0020061003
REF*ST*09758
REF*DP*043
DTM*999*20061002
RMR*IK*975820061003*PI*42.75*42.75*0
REF*PO*0020061004
REF*ST*09758
REF*DP*043
DTM*999*20061003
RMR*IK*975820061004*PI*29.3*29.3*0
REF*PO*0020061005
REF*ST*09758
REF*DP*043
DTM*999*20061004
SE*3469*0001
GE*1*1000045
IEA*1*001000045
*** SUPERTRACS READY FOR INPUT
