ISA*00*          *00*          *09*006985290EFT   *12*6154525825     *080425*2332*U*00400*001000114*0*P*>
GS*RA*006985290EFT*6154525825*20080425*2332*1000114*X*004010
ST*820*0001
BPR*I*66047.52*C*ACH*CCP*01*021000018*DA*0300955622*9008965873**01*064102601*DA*3000289*20080429*VEN
TRN*3*770291129*9008965873
DTM*097*20080425
N1*PR*KMART CORPORATION*1*008965873
N1*PE*YOUNGS FARMS*92*00069099588
N1*SE*YOUNGS FARMS*92*00069099588
ENT*1
RMR*IK*302220080327*PI*20.4*20.4*0
REF*PO*0020080328
REF*ST*03022
REF*DP*043
DTM*999*20080327
RMR*IK*302220080328*PI*4.8*4.8*0
REF*PO*0020080329
REF*ST*03022
REF*DP*043
DTM*999*20080328
RMR*IK*302220080330*PI*2.4*2.4*0
REF*PO*0020080331
REF*ST*03022
REF*DP*043
DTM*999*20080330
RMR*IK*302220080331*PI*32.2*32.2*0
REF*PO*0020080401
REF*ST*03022
REF*DP*043
DTM*999*20080331
RMR*IK*302220080401*PI*16.05*16.05*0
REF*PO*0020080402
REF*ST*03022
REF*DP*043
DTM*999*20080401
RMR*IK*302220080402*PI*33.6*33.6*0
REF*PO*0020080403
REF*ST*03022
REF*DP*043
DTM*999*20080402
RMR*IK*306320080327*PI*49.65*49.65*0
REF*PO*0020080328
REF*ST*03063
REF*DP*043
DTM*999*20080327
RMR*IK*306320080328*PI*81.45*81.45*0
REF*PO*0020080329
REF*ST*03063
REF*DP*043
DTM*999*20080328
RMR*IK*306320080329*PI*88.7*88.7*0
REF*PO*0020080330
REF*ST*03063
REF*DP*043
DTM*999*20080329
RMR*IK*306320080330*PI*57.6*57.6*0
REF*PO*0020080331
REF*ST*03063
REF*DP*043
DTM*999*20080330
RMR*IK*306320080331*PI*31.6*31.6*0
REF*PO*0020080401
REF*ST*03063
REF*DP*043
DTM*999*20080331
RMR*IK*306320080401*PI*66.65*66.65*0
REF*PO*0020080402
REF*ST*03063
REF*DP*043
DTM*999*20080401
RMR*IK*306320080402*PI*53.55*53.55*0
REF*PO*0020080403
REF*ST*03063
REF*DP*043
DTM*999*20080402
RMR*IK*308320080327*PI*94.09*94.09*0
REF*PO*0020080328
REF*ST*03083
REF*DP*043
DTM*999*20080327
RMR*IK*308320080328*PI*455.26*455.26*0
REF*PO*0020080329
REF*ST*03083
REF*DP*043
DTM*999*20080328
RMR*IK*308320080329*PI*69.32*69.32*0
REF*PO*0020080330
REF*ST*03083
REF*DP*043
DTM*999*20080329
RMR*IK*308320080330*PI*75.94*75.94*0
REF*PO*0020080331
REF*ST*03083
REF*DP*043
DTM*999*20080330
RMR*IK*308320080331*PI*35.15*35.15*0
REF*PO*0020080401
REF*ST*03083
REF*DP*043
DTM*999*20080331
RMR*IK*308320080401*PI*124.3*124.3*0
REF*PO*0020080402
REF*ST*03083
REF*DP*043
DTM*999*20080401
RMR*IK*308320080402*PI*216.04*216.04*0
REF*PO*0020080403
REF*ST*03083
REF*DP*043
DTM*999*20080402
RMR*IK*308420080327*PI*79.87*79.87*0
REF*PO*0020080328
REF*ST*03084
REF*DP*043
DTM*999*20080327
RMR*IK*308420080328*PI*60.58*60.58*0
REF*PO*0020080329
REF*ST*03084
REF*DP*043
DTM*999*20080328
RMR*IK*308420080329*PI*54.29*54.29*0
REF*PO*0020080330
REF*ST*03084
REF*DP*043
DTM*999*20080329
RMR*IK*308420080330*PI*62.53*62.53*0
REF*PO*0020080331
REF*ST*03084
REF*DP*043
DTM*999*20080330
RMR*IK*308420080331*PI*81.61*81.61*0
REF*PO*0020080401
REF*ST*03084
REF*DP*043
DTM*999*20080331
RMR*IK*308420080401*PI*214.55*214.55*0
REF*PO*0020080402
REF*ST*03084
REF*DP*043
DTM*999*20080401
RMR*IK*308420080402*PI*111.59*111.59*0
REF*PO*0020080403
REF*ST*03084
REF*DP*043
DTM*999*20080402
RMR*IK*314320080327*PI*120.16*120.16*0
REF*PO*0020080328
REF*ST*03143
REF*DP*043
DTM*999*20080327
RMR*IK*314320080328*PI*109.44*109.44*0
REF*PO*0020080329
REF*ST*03143
REF*DP*043
DTM*999*20080328
RMR*IK*314320080329*PI*7.2*7.2*0
REF*PO*0020080330
REF*ST*03143
REF*DP*043
DTM*999*20080329
RMR*IK*314320080330*PI*12.72*12.72*0
REF*PO*0020080331
REF*ST*03143
REF*DP*043
DTM*999*20080330
RMR*IK*314320080331*PI*144.12*144.12*0
REF*PO*0020080401
REF*ST*03143
REF*DP*043
DTM*999*20080331
RMR*IK*314320080401*PI*127.97*127.97*0
REF*PO*0020080402
REF*ST*03143
REF*DP*043
DTM*999*20080401
RMR*IK*314320080402*PI*50.6*50.6*0
REF*PO*0020080403
REF*ST*03143
REF*DP*043
DTM*999*20080402
RMR*IK*314720080329*PI*2.4*2.4*0
REF*PO*0020080330
REF*ST*03147
REF*DP*043
DTM*999*20080329
RMR*IK*314720080331*PI*10.7*10.7*0
REF*PO*0020080401
REF*ST*03147
REF*DP*043
DTM*999*20080331
RMR*IK*314720080401*PI*42.26*42.26*0
REF*PO*0020080402
REF*ST*03147
REF*DP*043
DTM*999*20080401
RMR*IK*314720080402*PI*20.49*20.49*0
REF*PO*0020080403
REF*ST*03147
REF*DP*043
DTM*999*20080402
RMR*IK*319420080327*PI*18.8*18.8*0
REF*PO*0020080328
REF*ST*03194
REF*DP*043
DTM*999*20080327
RMR*IK*319420080328*PI*27.6*27.6*0
REF*PO*0020080329
REF*ST*03194
REF*DP*043
DTM*999*20080328
RMR*IK*319420080329*PI*50.2*50.2*0
REF*PO*0020080330
REF*ST*03194
REF*DP*043
DTM*999*20080329
RMR*IK*319420080330*PI*23.35*23.35*0
REF*PO*0020080331
REF*ST*03194
REF*DP*043
DTM*999*20080330
RMR*IK*319420080331*PI*25*25*0
REF*PO*0020080401
REF*ST*03194
REF*DP*043
DTM*999*20080331
RMR*IK*319420080401*PI*29*29*0
REF*PO*0020080402
REF*ST*03194
REF*DP*043
DTM*999*20080401
RMR*IK*319420080402*PI*140.15*140.15*0
REF*PO*0020080403
REF*ST*03194
REF*DP*043
DTM*999*20080402
RMR*IK*322320080327*PI*220.23*220.23*0
REF*PO*0020080328
REF*ST*03223
REF*DP*043
DTM*999*20080327
RMR*IK*322320080328*PI*90*90*0
REF*PO*0020080329
REF*ST*03223
REF*DP*043
DTM*999*20080328
RMR*IK*322320080329*PI*232.5*232.5*0
REF*PO*0020080330
REF*ST*03223
REF*DP*043
DTM*999*20080329
RMR*IK*322320080330*PI*140.98*140.98*0
REF*PO*0020080331
REF*ST*03223
REF*DP*043
DTM*999*20080330
RMR*IK*322320080331*PI*109.86*109.86*0
REF*PO*0020080401
REF*ST*03223
REF*DP*043
DTM*999*20080331
RMR*IK*322320080401*PI*92.71*92.71*0
REF*PO*0020080402
REF*ST*03223
REF*DP*043
DTM*999*20080401
RMR*IK*322320080402*PI*187.02*187.02*0
REF*PO*0020080403
REF*ST*03223
REF*DP*043
DTM*999*20080402
RMR*IK*324020080327*PI*47.95*47.95*0
REF*PO*0020080328
REF*ST*03240
REF*DP*043
DTM*999*20080327
RMR*IK*324020080328*PI*62.05*62.05*0
REF*PO*0020080329
REF*ST*03240
REF*DP*043
DTM*999*20080328
RMR*IK*324020080329*PI*15.72*15.72*0
REF*PO*0020080330
REF*ST*03240
REF*DP*043
DTM*999*20080329
RMR*IK*324020080331*PI*44.35*44.35*0
REF*PO*0020080401
REF*ST*03240
REF*DP*043
DTM*999*20080331
RMR*IK*324020080402*PI*18.08*18.08*0
REF*PO*0020080403
REF*ST*03240
REF*DP*043
DTM*999*20080402
RMR*IK*325320080327*PI*19.2*19.2*0
REF*PO*0020080328
REF*ST*03253
REF*DP*043
DTM*999*20080327
RMR*IK*325320080328*PI*7.2*7.2*0
REF*PO*0020080329
REF*ST*03253
REF*DP*043
DTM*999*20080328
RMR*IK*325320080329*PI*6*6*0
REF*PO*0020080330
REF*ST*03253
REF*DP*043
DTM*999*20080329
RMR*IK*325320080330*PI*6.6*6.6*0
REF*PO*0020080331
REF*ST*03253
REF*DP*043
DTM*999*20080330
RMR*IK*325320080331*PI*4.8*4.8*0
REF*PO*0020080401
REF*ST*03253
REF*DP*043
DTM*999*20080331
RMR*IK*325320080401*PI*27.15*27.15*0
REF*PO*0020080402
REF*ST*03253
REF*DP*043
DTM*999*20080401
RMR*IK*325320080402*PI*63.75*63.75*0
REF*PO*0020080403
REF*ST*03253
REF*DP*043
DTM*999*20080402
RMR*IK*328920080327*PI*61.43*61.43*0
REF*PO*0020080328
REF*ST*03289
REF*DP*043
DTM*999*20080327
RMR*IK*328920080328*PI*51.47*51.47*0
REF*PO*0020080329
REF*ST*03289
REF*DP*043
DTM*999*20080328
RMR*IK*328920080329*PI*83.1*83.1*0
REF*PO*0020080330
REF*ST*03289
REF*DP*043
DTM*999*20080329
RMR*IK*328920080330*PI*15.09*15.09*0
REF*PO*0020080331
REF*ST*03289
REF*DP*043
DTM*999*20080330
RMR*IK*328920080331*PI*28.16*28.16*0
REF*PO*0020080401
REF*ST*03289
REF*DP*043
DTM*999*20080331
RMR*IK*328920080401*PI*66.79*66.79*0
REF*PO*0020080402
REF*ST*03289
REF*DP*043
DTM*999*20080401
RMR*IK*328920080402*PI*127.22*127.22*0
REF*PO*0020080403
REF*ST*03289
REF*DP*043
DTM*999*20080402
RMR*IK*334820080327*PI*38.4*38.4*0
REF*PO*0020080328
REF*ST*03348
REF*DP*043
DTM*999*20080327
RMR*IK*334820080328*PI*58.1*58.1*0
REF*PO*0020080329
REF*ST*03348
REF*DP*043
DTM*999*20080328
RMR*IK*334820080329*PI*109.55*109.55*0
REF*PO*0020080330
REF*ST*03348
REF*DP*043
DTM*999*20080329
RMR*IK*334820080330*PI*8.85*8.85*0
REF*PO*0020080331
REF*ST*03348
REF*DP*043
DTM*999*20080330
RMR*IK*334820080331*PI*37.35*37.35*0
REF*PO*0020080401
REF*ST*03348
REF*DP*043
DTM*999*20080331
RMR*IK*334820080401*PI*88.5*88.5*0
REF*PO*0020080402
REF*ST*03348
REF*DP*043
DTM*999*20080401
RMR*IK*334820080402*PI*14.4*14.4*0
REF*PO*0020080403
REF*ST*03348
REF*DP*043
DTM*999*20080402
RMR*IK*335520080327*PI*92.11*92.11*0
REF*PO*0020080328
REF*ST*03355
REF*DP*043
DTM*999*20080327
RMR*IK*335520080328*PI*60.2*60.2*0
REF*PO*0020080329
REF*ST*03355
REF*DP*043
DTM*999*20080328
RMR*IK*335520080329*PI*232.52*232.52*0
REF*PO*0020080330
REF*ST*03355
REF*DP*043
DTM*999*20080329
RMR*IK*335520080330*PI*79.91*79.91*0
REF*PO*0020080331
REF*ST*03355
REF*DP*043
DTM*999*20080330
RMR*IK*335520080331*PI*72.77*72.77*0
REF*PO*0020080401
REF*ST*03355
REF*DP*043
DTM*999*20080331
RMR*IK*335520080401*PI*98.47*98.47*0
REF*PO*0020080402
REF*ST*03355
REF*DP*043
DTM*999*20080401
RMR*IK*335520080402*PI*71.41*71.41*0
REF*PO*0020080403
REF*ST*03355
REF*DP*043
DTM*999*20080402
RMR*IK*335920080327*PI*20.95*20.95*0
REF*PO*0020080328
REF*ST*03359
REF*DP*043
DTM*999*20080327
RMR*IK*335920080328*PI*80.85*80.85*0
REF*PO*0020080329
REF*ST*03359
REF*DP*043
DTM*999*20080328
RMR*IK*335920080329*PI*113.8*113.8*0
REF*PO*0020080330
REF*ST*03359
REF*DP*043
DTM*999*20080329
RMR*IK*335920080330*PI*61.95*61.95*0
REF*PO*0020080331
REF*ST*03359
REF*DP*043
DTM*999*20080330
RMR*IK*335920080331*PI*157.3*157.3*0
REF*PO*0020080401
REF*ST*03359
REF*DP*043
DTM*999*20080331
RMR*IK*335920080401*PI*46.3*46.3*0
REF*PO*0020080402
REF*ST*03359
REF*DP*043
DTM*999*20080401
RMR*IK*335920080402*PI*116.3*116.3*0
REF*PO*0020080403
REF*ST*03359
REF*DP*043
DTM*999*20080402
RMR*IK*340820080327*PI*28.42*28.42*0
REF*PO*0020080328
REF*ST*03408
REF*DP*043
DTM*999*20080327
RMR*IK*340820080328*PI*80.35*80.35*0
REF*PO*0020080329
REF*ST*03408
REF*DP*043
DTM*999*20080328
RMR*IK*340820080329*PI*38.01*38.01*0
REF*PO*0020080330
REF*ST*03408
REF*DP*043
DTM*999*20080329
RMR*IK*340820080330*PI*10.15*10.15*0
REF*PO*0020080331
REF*ST*03408
REF*DP*043
DTM*999*20080330
RMR*IK*340820080331*PI*29.75*29.75*0
REF*PO*0020080401
REF*ST*03408
REF*DP*043
DTM*999*20080331
RMR*IK*340820080401*PI*27.6*27.6*0
REF*PO*0020080402
REF*ST*03408
REF*DP*043
DTM*999*20080401
RMR*IK*340820080402*PI*120.8*120.8*0
REF*PO*0020080403
REF*ST*03408
REF*DP*043
DTM*999*20080402
RMR*IK*342820080327*PI*59.43*59.43*0
REF*PO*0020080328
REF*ST*03428
REF*DP*043
DTM*999*20080327
RMR*IK*342820080328*PI*68.6*68.6*0
REF*PO*0020080329
REF*ST*03428
REF*DP*043
DTM*999*20080328
RMR*IK*342820080329*PI*48.52*48.52*0
REF*PO*0020080330
REF*ST*03428
REF*DP*043
DTM*999*20080329
RMR*IK*342820080330*PI*3.68*3.68*0
REF*PO*0020080331
REF*ST*03428
REF*DP*043
DTM*999*20080330
RMR*IK*342820080401*PI*17.67*17.67*0
REF*PO*0020080402
REF*ST*03428
REF*DP*043
DTM*999*20080401
RMR*IK*342820080402*PI*48.32*48.32*0
REF*PO*0020080403
REF*ST*03428
REF*DP*043
DTM*999*20080402
RMR*IK*360220080327*PI*18.35*18.35*0
REF*PO*0020080328
REF*ST*03602
REF*DP*043
DTM*999*20080327
RMR*IK*360220080328*PI*86.75*86.75*0
REF*PO*0020080329
REF*ST*03602
REF*DP*043
DTM*999*20080328
RMR*IK*360220080329*PI*93.84*93.84*0
REF*PO*0020080330
REF*ST*03602
REF*DP*043
DTM*999*20080329
RMR*IK*360220080330*PI*2.4*2.4*0
REF*PO*0020080331
REF*ST*03602
REF*DP*043
DTM*999*20080330
RMR*IK*360220080401*PI*64.42*64.42*0
REF*PO*0020080402
REF*ST*03602
REF*DP*043
DTM*999*20080401
RMR*IK*360220080402*PI*112.25*112.25*0
REF*PO*0020080403
REF*ST*03602
REF*DP*043
DTM*999*20080402
RMR*IK*363220080327*PI*279.38*279.38*0
REF*PO*0020080328
REF*ST*03632
REF*DP*043
DTM*999*20080327
RMR*IK*363220080328*PI*435.94*435.94*0
REF*PO*0020080329
REF*ST*03632
REF*DP*043
DTM*999*20080328
RMR*IK*363220080329*PI*69.5*69.5*0
REF*PO*0020080330
REF*ST*03632
REF*DP*043
DTM*999*20080329
RMR*IK*363220080330*PI*60.15*60.15*0
REF*PO*0020080331
REF*ST*03632
REF*DP*043
DTM*999*20080330
RMR*IK*363220080331*PI*25.32*25.32*0
REF*PO*0020080401
REF*ST*03632
REF*DP*043
DTM*999*20080331
RMR*IK*363220080401*PI*87.25*87.25*0
REF*PO*0020080402
REF*ST*03632
REF*DP*043
DTM*999*20080401
RMR*IK*363220080402*PI*366.22*366.22*0
REF*PO*0020080403
REF*ST*03632
REF*DP*043
DTM*999*20080402
RMR*IK*364420080327*PI*41.08*41.08*0
REF*PO*0020080328
REF*ST*03644
REF*DP*043
DTM*999*20080327
RMR*IK*364420080328*PI*39.75*39.75*0
REF*PO*0020080329
REF*ST*03644
REF*DP*043
DTM*999*20080328
RMR*IK*364420080329*PI*18*18*0
REF*PO*0020080330
REF*ST*03644
REF*DP*043
DTM*999*20080329
RMR*IK*364420080330*PI*106.7*106.7*0
REF*PO*0020080331
REF*ST*03644
REF*DP*043
DTM*999*20080330
RMR*IK*364420080331*PI*32.35*32.35*0
REF*PO*0020080401
REF*ST*03644
REF*DP*043
DTM*999*20080331
RMR*IK*364420080401*PI*115.13*115.13*0
REF*PO*0020080402
REF*ST*03644
REF*DP*043
DTM*999*20080401
RMR*IK*364420080402*PI*94.15*94.15*0
REF*PO*0020080403
REF*ST*03644
REF*DP*043
DTM*999*20080402
RMR*IK*364520080327*PI*18.45*18.45*0
REF*PO*0020080328
REF*ST*03645
REF*DP*043
DTM*999*20080327
RMR*IK*364520080328*PI*112.19*112.19*0
REF*PO*0020080329
REF*ST*03645
REF*DP*043
DTM*999*20080328
RMR*IK*364520080329*PI*46.47*46.47*0
REF*PO*0020080330
REF*ST*03645
REF*DP*043
DTM*999*20080329
RMR*IK*364520080330*PI*4.85*4.85*0
REF*PO*0020080331
REF*ST*03645
REF*DP*043
DTM*999*20080330
RMR*IK*364520080331*PI*15.6*15.6*0
REF*PO*0020080401
REF*ST*03645
REF*DP*043
DTM*999*20080331
RMR*IK*364520080401*PI*21.47*21.47*0
REF*PO*0020080402
REF*ST*03645
REF*DP*043
DTM*999*20080401
RMR*IK*364520080402*PI*78.25*78.25*0
REF*PO*0020080403
REF*ST*03645
REF*DP*043
DTM*999*20080402
RMR*IK*364620080327*PI*76.6*76.6*0
REF*PO*0020080328
REF*ST*03646
REF*DP*043
DTM*999*20080327
RMR*IK*364620080328*PI*62.01*62.01*0
REF*PO*0020080329
REF*ST*03646
REF*DP*043
DTM*999*20080328
RMR*IK*364620080329*PI*83.3*83.3*0
REF*PO*0020080330
REF*ST*03646
REF*DP*043
DTM*999*20080329
RMR*IK*364620080330*PI*120.05*120.05*0
REF*PO*0020080331
REF*ST*03646
REF*DP*043
DTM*999*20080330
RMR*IK*364620080331*PI*146.52*146.52*0
REF*PO*0020080401
REF*ST*03646
REF*DP*043
DTM*999*20080331
RMR*IK*364620080401*PI*65.1*65.1*0
REF*PO*0020080402
REF*ST*03646
REF*DP*043
DTM*999*20080401
RMR*IK*364620080402*PI*228.86*228.86*0
REF*PO*0020080403
REF*ST*03646
REF*DP*043
DTM*999*20080402
RMR*IK*366020080327*PI*8.4*8.4*0
REF*PO*0020080328
REF*ST*03660
REF*DP*043
DTM*999*20080327
RMR*IK*366020080328*PI*3.2*3.2*0
REF*PO*0020080329
REF*ST*03660
REF*DP*043
DTM*999*20080328
RMR*IK*366020080329*PI*40.62*40.62*0
REF*PO*0020080330
REF*ST*03660
REF*DP*043
DTM*999*20080329
RMR*IK*366020080330*PI*2.4*2.4*0
REF*PO*0020080331
REF*ST*03660
REF*DP*043
DTM*999*20080330
RMR*IK*366020080331*PI*15.6*15.6*0
REF*PO*0020080401
REF*ST*03660
REF*DP*043
DTM*999*20080331
RMR*IK*366020080401*PI*20.2*20.2*0
REF*PO*0020080402
REF*ST*03660
REF*DP*043
DTM*999*20080401
RMR*IK*366020080402*PI*18.64*18.64*0
REF*PO*0020080403
REF*ST*03660
REF*DP*043
DTM*999*20080402
RMR*IK*366120080327*PI*253.04*253.04*0
REF*PO*0020080328
REF*ST*03661
REF*DP*043
DTM*999*20080327
RMR*IK*366120080328*PI*239.38*239.38*0
REF*PO*0020080329
REF*ST*03661
REF*DP*043
DTM*999*20080328
RMR*IK*366120080329*PI*329.69*329.69*0
REF*PO*0020080330
REF*ST*03661
REF*DP*043
DTM*999*20080329
RMR*IK*366120080330*PI*83.02*83.02*0
REF*PO*0020080331
REF*ST*03661
REF*DP*043
DTM*999*20080330
RMR*IK*366120080331*PI*91.6*91.6*0
REF*PO*0020080401
REF*ST*03661
REF*DP*043
DTM*999*20080331
RMR*IK*366120080401*PI*229.36*229.36*0
REF*PO*0020080402
REF*ST*03661
REF*DP*043
DTM*999*20080401
RMR*IK*366120080402*PI*290.48*290.48*0
REF*PO*0020080403
REF*ST*03661
REF*DP*043
DTM*999*20080402
RMR*IK*366120080418*PI*-2.45*-2.45*0
REF*PO*0020080420
REF*ST*03661
REF*DP*043
DTM*999*20080418
RMR*IK*367220080327*PI*94.74*94.74*0
REF*PO*0020080328
REF*ST*03672
REF*DP*043
DTM*999*20080327
RMR*IK*367220080328*PI*70.05*70.05*0
REF*PO*0020080329
REF*ST*03672
REF*DP*043
DTM*999*20080328
RMR*IK*367220080329*PI*261.62*261.62*0
REF*PO*0020080330
REF*ST*03672
REF*DP*043
DTM*999*20080329
RMR*IK*367220080330*PI*141.54*141.54*0
REF*PO*0020080331
REF*ST*03672
REF*DP*043
DTM*999*20080330
RMR*IK*367220080331*PI*260.93*260.93*0
REF*PO*0020080401
REF*ST*03672
REF*DP*043
DTM*999*20080331
RMR*IK*367220080401*PI*153.71*153.71*0
REF*PO*0020080402
REF*ST*03672
REF*DP*043
DTM*999*20080401
RMR*IK*367220080402*PI*175.93*175.93*0
REF*PO*0020080403
REF*ST*03672
REF*DP*043
DTM*999*20080402
RMR*IK*367520080327*PI*34.52*34.52*0
REF*PO*0020080328
REF*ST*03675
REF*DP*043
DTM*999*20080327
RMR*IK*367520080328*PI*23.44*23.44*0
REF*PO*0020080329
REF*ST*03675
REF*DP*043
DTM*999*20080328
RMR*IK*367520080329*PI*12.2*12.2*0
REF*PO*0020080330
REF*ST*03675
REF*DP*043
DTM*999*20080329
RMR*IK*367520080330*PI*46.8*46.8*0
REF*PO*0020080331
REF*ST*03675
REF*DP*043
DTM*999*20080330
RMR*IK*367520080331*PI*10.59*10.59*0
REF*PO*0020080401
REF*ST*03675
REF*DP*043
DTM*999*20080331
RMR*IK*367520080401*PI*29.31*29.31*0
REF*PO*0020080402
REF*ST*03675
REF*DP*043
DTM*999*20080401
RMR*IK*367520080402*PI*62.12*62.12*0
REF*PO*0020080403
REF*ST*03675
REF*DP*043
DTM*999*20080402
RMR*IK*368520080327*PI*10.7*10.7*0
REF*PO*0020080328
REF*ST*03685
REF*DP*043
DTM*999*20080327
RMR*IK*368520080328*PI*13.2*13.2*0
REF*PO*0020080329
REF*ST*03685
REF*DP*043
DTM*999*20080328
RMR*IK*368520080329*PI*27.95*27.95*0
REF*PO*0020080330
REF*ST*03685
REF*DP*043
DTM*999*20080329
RMR*IK*368520080330*PI*18.45*18.45*0
REF*PO*0020080331
REF*ST*03685
REF*DP*043
DTM*999*20080330
RMR*IK*368520080331*PI*11.4*11.4*0
REF*PO*0020080401
REF*ST*03685
REF*DP*043
DTM*999*20080331
RMR*IK*368520080401*PI*23.55*23.55*0
REF*PO*0020080402
REF*ST*03685
REF*DP*043
DTM*999*20080401
RMR*IK*368520080402*PI*55.3*55.3*0
REF*PO*0020080403
REF*ST*03685
REF*DP*043
DTM*999*20080402
RMR*IK*370120080327*PI*147.37*147.37*0
REF*PO*0020080328
REF*ST*03701
REF*DP*043
DTM*999*20080327
RMR*IK*370120080328*PI*117.86*117.86*0
REF*PO*0020080329
REF*ST*03701
REF*DP*043
DTM*999*20080328
RMR*IK*370120080329*PI*239.44*239.44*0
REF*PO*0020080330
REF*ST*03701
REF*DP*043
DTM*999*20080329
RMR*IK*370120080330*PI*195.72*195.72*0
REF*PO*0020080331
REF*ST*03701
REF*DP*043
DTM*999*20080330
RMR*IK*370120080331*PI*89.07*89.07*0
REF*PO*0020080401
REF*ST*03701
REF*DP*043
DTM*999*20080331
RMR*IK*370120080401*PI*169.29*169.29*0
REF*PO*0020080402
REF*ST*03701
REF*DP*043
DTM*999*20080401
RMR*IK*370120080402*PI*359.91*359.91*0
REF*PO*0020080403
REF*ST*03701
REF*DP*043
DTM*999*20080402
RMR*IK*370320080327*PI*192.07*192.07*0
REF*PO*0020080328
REF*ST*03703
REF*DP*043
DTM*999*20080327
RMR*IK*370320080328*PI*110.96*110.96*0
REF*PO*0020080329
REF*ST*03703
REF*DP*043
DTM*999*20080328
RMR*IK*370320080329*PI*159.06*159.06*0
REF*PO*0020080330
REF*ST*03703
REF*DP*043
DTM*999*20080329
RMR*IK*370320080330*PI*94.75*94.75*0
REF*PO*0020080331
REF*ST*03703
REF*DP*043
DTM*999*20080330
RMR*IK*370320080331*PI*326.93*326.93*0
REF*PO*0020080401
REF*ST*03703
REF*DP*043
DTM*999*20080331
RMR*IK*370320080401*PI*223.12*223.12*0
REF*PO*0020080402
REF*ST*03703
REF*DP*043
DTM*999*20080401
RMR*IK*370320080402*PI*259.01*259.01*0
REF*PO*0020080403
REF*ST*03703
REF*DP*043
DTM*999*20080402
RMR*IK*371320080327*PI*124.98*124.98*0
REF*PO*0020080328
REF*ST*03713
REF*DP*043
DTM*999*20080327
RMR*IK*371320080328*PI*69.57*69.57*0
REF*PO*0020080329
REF*ST*03713
REF*DP*043
DTM*999*20080328
RMR*IK*371320080329*PI*187.14*187.14*0
REF*PO*0020080330
REF*ST*03713
REF*DP*043
DTM*999*20080329
RMR*IK*371320080330*PI*21.04*21.04*0
REF*PO*0020080331
REF*ST*03713
REF*DP*043
DTM*999*20080330
RMR*IK*371320080331*PI*15.75*15.75*0
REF*PO*0020080401
REF*ST*03713
REF*DP*043
DTM*999*20080331
RMR*IK*371320080401*PI*87.44*87.44*0
REF*PO*0020080402
REF*ST*03713
REF*DP*043
DTM*999*20080401
RMR*IK*371320080402*PI*70.17*70.17*0
REF*PO*0020080403
REF*ST*03713
REF*DP*043
DTM*999*20080402
RMR*IK*371520080327*PI*78*78*0
REF*PO*0020080328
REF*ST*03715
REF*DP*043
DTM*999*20080327
RMR*IK*371520080328*PI*64.54*64.54*0
REF*PO*0020080329
REF*ST*03715
REF*DP*043
DTM*999*20080328
RMR*IK*371520080329*PI*47.1*47.1*0
REF*PO*0020080330
REF*ST*03715
REF*DP*043
DTM*999*20080329
RMR*IK*371520080330*PI*112.4*112.4*0
REF*PO*0020080331
REF*ST*03715
REF*DP*043
DTM*999*20080330
RMR*IK*371520080331*PI*40*40*0
REF*PO*0020080401
REF*ST*03715
REF*DP*043
DTM*999*20080331
RMR*IK*371520080401*PI*125.09*125.09*0
REF*PO*0020080402
REF*ST*03715
REF*DP*043
DTM*999*20080401
RMR*IK*371520080402*PI*139.85*139.85*0
REF*PO*0020080403
REF*ST*03715
REF*DP*043
DTM*999*20080402
RMR*IK*377320080327*PI*31.9*31.9*0
REF*PO*0020080328
REF*ST*03773
REF*DP*043
DTM*999*20080327
RMR*IK*377320080328*PI*14.9*14.9*0
REF*PO*0020080329
REF*ST*03773
REF*DP*043
DTM*999*20080328
RMR*IK*377320080329*PI*13.2*13.2*0
REF*PO*0020080330
REF*ST*03773
REF*DP*043
DTM*999*20080329
RMR*IK*377320080330*PI*19.55*19.55*0
REF*PO*0020080331
REF*ST*03773
REF*DP*043
DTM*999*20080330
RMR*IK*377320080331*PI*47.85*47.85*0
REF*PO*0020080401
REF*ST*03773
REF*DP*043
DTM*999*20080331
RMR*IK*377320080401*PI*43.15*43.15*0
REF*PO*0020080402
REF*ST*03773
REF*DP*043
DTM*999*20080401
RMR*IK*377320080402*PI*29.29*29.29*0
REF*PO*0020080403
REF*ST*03773
REF*DP*043
DTM*999*20080402
RMR*IK*380820080327*PI*12*12*0
REF*PO*0020080328
REF*ST*03808
REF*DP*043
DTM*999*20080327
RMR*IK*380820080328*PI*38.25*38.25*0
REF*PO*0020080329
REF*ST*03808
REF*DP*043
DTM*999*20080328
RMR*IK*380820080330*PI*3.6*3.6*0
REF*PO*0020080331
REF*ST*03808
REF*DP*043
DTM*999*20080330
RMR*IK*380820080331*PI*8*8*0
REF*PO*0020080401
REF*ST*03808
REF*DP*043
DTM*999*20080331
RMR*IK*380820080401*PI*1.2*1.2*0
REF*PO*0020080402
REF*ST*03808
REF*DP*043
DTM*999*20080401
RMR*IK*380820080402*PI*18.27*18.27*0
REF*PO*0020080403
REF*ST*03808
REF*DP*043
DTM*999*20080402
RMR*IK*382220080328*PI*1.2*1.2*0
REF*PO*0020080329
REF*ST*03822
REF*DP*043
DTM*999*20080328
RMR*IK*382220080329*PI*15.4*15.4*0
REF*PO*0020080330
REF*ST*03822
REF*DP*043
DTM*999*20080329
RMR*IK*382220080330*PI*18.5*18.5*0
REF*PO*0020080331
REF*ST*03822
REF*DP*043
DTM*999*20080330
RMR*IK*382220080331*PI*24.45*24.45*0
REF*PO*0020080401
REF*ST*03822
REF*DP*043
DTM*999*20080331
RMR*IK*382220080401*PI*47.85*47.85*0
REF*PO*0020080402
REF*ST*03822
REF*DP*043
DTM*999*20080401
RMR*IK*382220080402*PI*32.7*32.7*0
REF*PO*0020080403
REF*ST*03822
REF*DP*043
DTM*999*20080402
RMR*IK*383620080327*PI*20.4*20.4*0
REF*PO*0020080328
REF*ST*03836
REF*DP*043
DTM*999*20080327
RMR*IK*383620080328*PI*47.2*47.2*0
REF*PO*0020080329
REF*ST*03836
REF*DP*043
DTM*999*20080328
RMR*IK*383620080329*PI*33.6*33.6*0
REF*PO*0020080330
REF*ST*03836
REF*DP*043
DTM*999*20080329
RMR*IK*383620080330*PI*13.3*13.3*0
REF*PO*0020080331
REF*ST*03836
REF*DP*043
DTM*999*20080330
RMR*IK*383620080331*PI*30*30*0
REF*PO*0020080401
REF*ST*03836
REF*DP*043
DTM*999*20080331
RMR*IK*383620080401*PI*64.5*64.5*0
REF*PO*0020080402
REF*ST*03836
REF*DP*043
DTM*999*20080401
RMR*IK*383620080402*PI*79.25*79.25*0
REF*PO*0020080403
REF*ST*03836
REF*DP*043
DTM*999*20080402
RMR*IK*384820080327*PI*49.1*49.1*0
REF*PO*0020080328
REF*ST*03848
REF*DP*043
DTM*999*20080327
RMR*IK*384820080328*PI*24*24*0
REF*PO*0020080329
REF*ST*03848
REF*DP*043
DTM*999*20080328
RMR*IK*384820080329*PI*42.3*42.3*0
REF*PO*0020080330
REF*ST*03848
REF*DP*043
DTM*999*20080329
RMR*IK*384820080330*PI*49.75*49.75*0
REF*PO*0020080331
REF*ST*03848
REF*DP*043
DTM*999*20080330
RMR*IK*384820080331*PI*78.3*78.3*0
REF*PO*0020080401
REF*ST*03848
REF*DP*043
DTM*999*20080331
RMR*IK*384820080401*PI*68.05*68.05*0
REF*PO*0020080402
REF*ST*03848
REF*DP*043
DTM*999*20080401
RMR*IK*384820080402*PI*53.54*53.54*0
REF*PO*0020080403
REF*ST*03848
REF*DP*043
DTM*999*20080402
RMR*IK*385220080327*PI*98.8*98.8*0
REF*PO*0020080328
REF*ST*03852
REF*DP*043
DTM*999*20080327
RMR*IK*385220080328*PI*74.13*74.13*0
REF*PO*0020080329
REF*ST*03852
REF*DP*043
DTM*999*20080328
RMR*IK*385220080329*PI*15.6*15.6*0
REF*PO*0020080330
REF*ST*03852
REF*DP*043
DTM*999*20080329
RMR*IK*385220080330*PI*2.4*2.4*0
REF*PO*0020080331
REF*ST*03852
REF*DP*043
DTM*999*20080330
RMR*IK*385220080331*PI*13.2*13.2*0
REF*PO*0020080401
REF*ST*03852
REF*DP*043
DTM*999*20080331
RMR*IK*385220080401*PI*22.05*22.05*0
REF*PO*0020080402
REF*ST*03852
REF*DP*043
DTM*999*20080401
RMR*IK*385220080402*PI*8.4*8.4*0
REF*PO*0020080403
REF*ST*03852
REF*DP*043
DTM*999*20080402
RMR*IK*387620080328*PI*46*46*0
REF*PO*0020080329
REF*ST*03876
REF*DP*043
DTM*999*20080328
RMR*IK*387620080329*PI*32*32*0
REF*PO*0020080330
REF*ST*03876
REF*DP*043
DTM*999*20080329
RMR*IK*387620080330*PI*8.95*8.95*0
REF*PO*0020080331
REF*ST*03876
REF*DP*043
DTM*999*20080330
RMR*IK*387620080331*PI*8.95*8.95*0
REF*PO*0020080401
REF*ST*03876
REF*DP*043
DTM*999*20080331
RMR*IK*387620080401*PI*12.55*12.55*0
REF*PO*0020080402
REF*ST*03876
REF*DP*043
DTM*999*20080401
RMR*IK*387620080402*PI*2.4*2.4*0
REF*PO*0020080403
REF*ST*03876
REF*DP*043
DTM*999*20080402
RMR*IK*388620080327*PI*2.4*2.4*0
REF*PO*0020080328
REF*ST*03886
REF*DP*043
DTM*999*20080327
RMR*IK*388620080329*PI*1.2*1.2*0
REF*PO*0020080330
REF*ST*03886
REF*DP*043
DTM*999*20080329
RMR*IK*388620080330*PI*1.2*1.2*0
REF*PO*0020080331
REF*ST*03886
REF*DP*043
DTM*999*20080330
RMR*IK*388620080331*PI*27.6*27.6*0
REF*PO*0020080401
REF*ST*03886
REF*DP*043
DTM*999*20080331
RMR*IK*388620080401*PI*7.1*7.1*0
REF*PO*0020080402
REF*ST*03886
REF*DP*043
DTM*999*20080401
RMR*IK*388620080402*PI*42.8*42.8*0
REF*PO*0020080403
REF*ST*03886
REF*DP*043
DTM*999*20080402
RMR*IK*392520080327*PI*77.48*77.48*0
REF*PO*0020080328
REF*ST*03925
REF*DP*043
DTM*999*20080327
RMR*IK*392520080328*PI*60.79*60.79*0
REF*PO*0020080329
REF*ST*03925
REF*DP*043
DTM*999*20080328
RMR*IK*392520080329*PI*25.56*25.56*0
REF*PO*0020080330
REF*ST*03925
REF*DP*043
DTM*999*20080329
RMR*IK*392520080330*PI*7.8*7.8*0
REF*PO*0020080331
REF*ST*03925
REF*DP*043
DTM*999*20080330
RMR*IK*392520080331*PI*17.04*17.04*0
REF*PO*0020080401
REF*ST*03925
REF*DP*043
DTM*999*20080331
RMR*IK*392520080401*PI*27.74*27.74*0
REF*PO*0020080402
REF*ST*03925
REF*DP*043
DTM*999*20080401
RMR*IK*392520080402*PI*30.76*30.76*0
REF*PO*0020080403
REF*ST*03925
REF*DP*043
DTM*999*20080402
RMR*IK*393120080327*PI*3.6*3.6*0
REF*PO*0020080328
REF*ST*03931
REF*DP*043
DTM*999*20080327
RMR*IK*393120080329*PI*6*6*0
REF*PO*0020080330
REF*ST*03931
REF*DP*043
DTM*999*20080329
RMR*IK*393120080401*PI*32.35*32.35*0
REF*PO*0020080402
REF*ST*03931
REF*DP*043
DTM*999*20080401
RMR*IK*393120080402*PI*9.5*9.5*0
REF*PO*0020080403
REF*ST*03931
REF*DP*043
DTM*999*20080402
RMR*IK*393920080327*PI*69.89*69.89*0
REF*PO*0020080328
REF*ST*03939
REF*DP*043
DTM*999*20080327
RMR*IK*393920080328*PI*80.43*80.43*0
REF*PO*0020080329
REF*ST*03939
REF*DP*043
DTM*999*20080328
RMR*IK*393920080329*PI*111.68*111.68*0
REF*PO*0020080330
REF*ST*03939
REF*DP*043
DTM*999*20080329
RMR*IK*393920080330*PI*142.16*142.16*0
REF*PO*0020080331
REF*ST*03939
REF*DP*043
DTM*999*20080330
RMR*IK*393920080331*PI*20.85*20.85*0
REF*PO*0020080401
REF*ST*03939
REF*DP*043
DTM*999*20080331
RMR*IK*393920080401*PI*45.95*45.95*0
REF*PO*0020080402
REF*ST*03939
REF*DP*043
DTM*999*20080401
RMR*IK*393920080402*PI*20.7*20.7*0
REF*PO*0020080403
REF*ST*03939
REF*DP*043
DTM*999*20080402
RMR*IK*394120080327*PI*28.75*28.75*0
REF*PO*0020080328
REF*ST*03941
REF*DP*043
DTM*999*20080327
RMR*IK*394120080329*PI*16.4*16.4*0
REF*PO*0020080330
REF*ST*03941
REF*DP*043
DTM*999*20080329
RMR*IK*394120080330*PI*48.15*48.15*0
REF*PO*0020080331
REF*ST*03941
REF*DP*043
DTM*999*20080330
RMR*IK*394120080331*PI*50.05*50.05*0
REF*PO*0020080401
REF*ST*03941
REF*DP*043
DTM*999*20080331
RMR*IK*394120080401*PI*35.1*35.1*0
REF*PO*0020080402
REF*ST*03941
REF*DP*043
DTM*999*20080401
RMR*IK*394120080402*PI*76.89*76.89*0
REF*PO*0020080403
REF*ST*03941
REF*DP*043
DTM*999*20080402
RMR*IK*395720080327*PI*39.84*39.84*0
REF*PO*0020080328
REF*ST*03957
REF*DP*043
DTM*999*20080327
RMR*IK*395720080328*PI*37.79*37.79*0
REF*PO*0020080329
REF*ST*03957
REF*DP*043
DTM*999*20080328
RMR*IK*395720080329*PI*70.83*70.83*0
REF*PO*0020080330
REF*ST*03957
REF*DP*043
DTM*999*20080329
RMR*IK*395720080330*PI*39.35*39.35*0
REF*PO*0020080331
REF*ST*03957
REF*DP*043
DTM*999*20080330
RMR*IK*395720080331*PI*9.55*9.55*0
REF*PO*0020080401
REF*ST*03957
REF*DP*043
DTM*999*20080331
RMR*IK*395720080401*PI*31.46*31.46*0
REF*PO*0020080402
REF*ST*03957
REF*DP*043
DTM*999*20080401
RMR*IK*395720080402*PI*51.2*51.2*0
REF*PO*0020080403
REF*ST*03957
REF*DP*043
DTM*999*20080402
RMR*IK*396620080327*PI*8*8*0
REF*PO*0020080328
REF*ST*03966
REF*DP*043
DTM*999*20080327
RMR*IK*396620080328*PI*59.25*59.25*0
REF*PO*0020080329
REF*ST*03966
REF*DP*043
DTM*999*20080328
RMR*IK*396620080329*PI*33.78*33.78*0
REF*PO*0020080330
REF*ST*03966
REF*DP*043
DTM*999*20080329
RMR*IK*396620080330*PI*2.4*2.4*0
REF*PO*0020080331
REF*ST*03966
REF*DP*043
DTM*999*20080330
RMR*IK*396620080331*PI*7.1*7.1*0
REF*PO*0020080401
REF*ST*03966
REF*DP*043
DTM*999*20080331
RMR*IK*396620080401*PI*11.8*11.8*0
REF*PO*0020080402
REF*ST*03966
REF*DP*043
DTM*999*20080401
RMR*IK*396620080402*PI*59.2*59.2*0
REF*PO*0020080403
REF*ST*03966
REF*DP*043
DTM*999*20080402
RMR*IK*396720080327*PI*4.8*4.8*0
REF*PO*0020080328
REF*ST*03967
REF*DP*043
DTM*999*20080327
RMR*IK*396720080329*PI*17.95*17.95*0
REF*PO*0020080330
REF*ST*03967
REF*DP*043
DTM*999*20080329
RMR*IK*396720080330*PI*19.1*19.1*0
REF*PO*0020080331
REF*ST*03967
REF*DP*043
DTM*999*20080330
RMR*IK*396720080331*PI*9.2*9.2*0
REF*PO*0020080401
REF*ST*03967
REF*DP*043
DTM*999*20080331
RMR*IK*396720080401*PI*25.65*25.65*0
REF*PO*0020080402
REF*ST*03967
REF*DP*043
DTM*999*20080401
RMR*IK*396720080402*PI*51.8*51.8*0
REF*PO*0020080403
REF*ST*03967
REF*DP*043
DTM*999*20080402
RMR*IK*397520080327*PI*121.48*121.48*0
REF*PO*0020080328
REF*ST*03975
REF*DP*043
DTM*999*20080327
RMR*IK*397520080328*PI*95.42*95.42*0
REF*PO*0020080329
REF*ST*03975
REF*DP*043
DTM*999*20080328
RMR*IK*397520080329*PI*133.16*133.16*0
REF*PO*0020080330
REF*ST*03975
REF*DP*043
DTM*999*20080329
RMR*IK*397520080330*PI*169.82*169.82*0
REF*PO*0020080331
REF*ST*03975
REF*DP*043
DTM*999*20080330
RMR*IK*397520080331*PI*65.32*65.32*0
REF*PO*0020080401
REF*ST*03975
REF*DP*043
DTM*999*20080331
RMR*IK*397520080401*PI*126.27*126.27*0
REF*PO*0020080402
REF*ST*03975
REF*DP*043
DTM*999*20080401
RMR*IK*397520080402*PI*1.2*1.2*0
REF*PO*0020080404
REF*ST*03975
REF*DP*043
DTM*999*20080402
RMR*IK*397520080402*PI*113.3*113.3*0
REF*PO*0020080403
REF*ST*03975
REF*DP*043
DTM*999*20080402
RMR*IK*397820080327*PI*89.73*89.73*0
REF*PO*0020080328
REF*ST*03978
REF*DP*043
DTM*999*20080327
RMR*IK*397820080328*PI*137.47*137.47*0
REF*PO*0020080329
REF*ST*03978
REF*DP*043
DTM*999*20080328
RMR*IK*397820080329*PI*204.66*204.66*0
REF*PO*0020080330
REF*ST*03978
REF*DP*043
DTM*999*20080329
RMR*IK*397820080330*PI*45.45*45.45*0
REF*PO*0020080331
REF*ST*03978
REF*DP*043
DTM*999*20080330
RMR*IK*397820080331*PI*76.62*76.62*0
REF*PO*0020080401
REF*ST*03978
REF*DP*043
DTM*999*20080331
RMR*IK*397820080401*PI*138.99*138.99*0
REF*PO*0020080402
REF*ST*03978
REF*DP*043
DTM*999*20080401
RMR*IK*397820080402*PI*226.08*226.08*0
REF*PO*0020080403
REF*ST*03978
REF*DP*043
DTM*999*20080402
RMR*IK*399420080327*PI*4.8*4.8*0
REF*PO*0020080328
REF*ST*03994
REF*DP*043
DTM*999*20080327
RMR*IK*399420080328*PI*51.1*51.1*0
REF*PO*0020080329
REF*ST*03994
REF*DP*043
DTM*999*20080328
RMR*IK*399420080329*PI*18*18*0
REF*PO*0020080330
REF*ST*03994
REF*DP*043
DTM*999*20080329
RMR*IK*399420080330*PI*10.75*10.75*0
REF*PO*0020080331
REF*ST*03994
REF*DP*043
DTM*999*20080330
RMR*IK*399420080401*PI*42*42*0
REF*PO*0020080402
REF*ST*03994
REF*DP*043
DTM*999*20080401
RMR*IK*399420080402*PI*87.6*87.6*0
REF*PO*0020080403
REF*ST*03994
REF*DP*043
DTM*999*20080402
RMR*IK*399620080327*PI*22.35*22.35*0
REF*PO*0020080328
REF*ST*03996
REF*DP*043
DTM*999*20080327
RMR*IK*399620080328*PI*53.68*53.68*0
REF*PO*0020080329
REF*ST*03996
REF*DP*043
DTM*999*20080328
RMR*IK*399620080329*PI*78.13*78.13*0
REF*PO*0020080330
REF*ST*03996
REF*DP*043
DTM*999*20080329
RMR*IK*399620080330*PI*15.22*15.22*0
REF*PO*0020080331
REF*ST*03996
REF*DP*043
DTM*999*20080330
RMR*IK*399620080331*PI*19.2*19.2*0
REF*PO*0020080401
REF*ST*03996
REF*DP*043
DTM*999*20080331
RMR*IK*399620080401*PI*126.93*126.93*0
REF*PO*0020080402
REF*ST*03996
REF*DP*043
DTM*999*20080401
RMR*IK*399620080402*PI*150.75*150.75*0
REF*PO*0020080403
REF*ST*03996
REF*DP*043
DTM*999*20080402
RMR*IK*401620080327*PI*98.09*98.09*0
REF*PO*0020080328
REF*ST*04016
REF*DP*043
DTM*999*20080327
RMR*IK*401620080328*PI*254.28*254.28*0
REF*PO*0020080329
REF*ST*04016
REF*DP*043
DTM*999*20080328
RMR*IK*401620080329*PI*64.25*64.25*0
REF*PO*0020080330
REF*ST*04016
REF*DP*043
DTM*999*20080329
RMR*IK*401620080330*PI*54.04*54.04*0
REF*PO*0020080331
REF*ST*04016
REF*DP*043
DTM*999*20080330
RMR*IK*401620080331*PI*86.96*86.96*0
REF*PO*0020080401
REF*ST*04016
REF*DP*043
DTM*999*20080331
RMR*IK*401620080401*PI*201.65*201.65*0
REF*PO*0020080402
REF*ST*04016
REF*DP*043
DTM*999*20080401
RMR*IK*401620080402*PI*227.69*227.69*0
REF*PO*0020080403
REF*ST*04016
REF*DP*043
DTM*999*20080402
RMR*IK*403320080327*PI*29.4*29.4*0
REF*PO*0020080328
REF*ST*04033
REF*DP*043
DTM*999*20080327
RMR*IK*403320080328*PI*57.1*57.1*0
REF*PO*0020080329
REF*ST*04033
REF*DP*043
DTM*999*20080328
RMR*IK*403320080329*PI*69.6*69.6*0
REF*PO*0020080330
REF*ST*04033
REF*DP*043
DTM*999*20080329
RMR*IK*403320080330*PI*50.3*50.3*0
REF*PO*0020080331
REF*ST*04033
REF*DP*043
DTM*999*20080330
RMR*IK*403320080331*PI*49.5*49.5*0
REF*PO*0020080401
REF*ST*04033
REF*DP*043
DTM*999*20080331
RMR*IK*403320080401*PI*26.15*26.15*0
REF*PO*0020080402
REF*ST*04033
REF*DP*043
DTM*999*20080401
RMR*IK*403320080402*PI*35.6*35.6*0
REF*PO*0020080403
REF*ST*04033
REF*DP*043
DTM*999*20080402
RMR*IK*407120080327*PI*49.92*49.92*0
REF*PO*0020080328
REF*ST*04071
REF*DP*043
DTM*999*20080327
RMR*IK*407120080328*PI*18.8*18.8*0
REF*PO*0020080329
REF*ST*04071
REF*DP*043
DTM*999*20080328
RMR*IK*407120080329*PI*69.03*69.03*0
REF*PO*0020080330
REF*ST*04071
REF*DP*043
DTM*999*20080329
RMR*IK*407120080330*PI*34.39*34.39*0
REF*PO*0020080331
REF*ST*04071
REF*DP*043
DTM*999*20080330
RMR*IK*407120080331*PI*10.15*10.15*0
REF*PO*0020080401
REF*ST*04071
REF*DP*043
DTM*999*20080331
RMR*IK*407120080401*PI*31.97*31.97*0
REF*PO*0020080402
REF*ST*04071
REF*DP*043
DTM*999*20080401
RMR*IK*407120080402*PI*86.69*86.69*0
REF*PO*0020080403
REF*ST*04071
REF*DP*043
DTM*999*20080402
RMR*IK*409320080327*PI*162.43*162.43*0
REF*PO*0020080328
REF*ST*04093
REF*DP*043
DTM*999*20080327
RMR*IK*409320080328*PI*155.52*155.52*0
REF*PO*0020080329
REF*ST*04093
REF*DP*043
DTM*999*20080328
RMR*IK*409320080329*PI*63.22*63.22*0
REF*PO*0020080330
REF*ST*04093
REF*DP*043
DTM*999*20080329
RMR*IK*409320080330*PI*117.02*117.02*0
REF*PO*0020080331
REF*ST*04093
REF*DP*043
DTM*999*20080330
RMR*IK*409320080331*PI*173.93*173.93*0
REF*PO*0020080401
REF*ST*04093
REF*DP*043
DTM*999*20080331
RMR*IK*409320080401*PI*161.76*161.76*0
REF*PO*0020080402
REF*ST*04093
REF*DP*043
DTM*999*20080401
RMR*IK*409320080402*PI*169.53*169.53*0
REF*PO*0020080403
REF*ST*04093
REF*DP*043
DTM*999*20080402
RMR*IK*410320080327*PI*138.84*138.84*0
REF*PO*0020080328
REF*ST*04103
REF*DP*043
DTM*999*20080327
RMR*IK*410320080328*PI*33.23*33.23*0
REF*PO*0020080329
REF*ST*04103
REF*DP*043
DTM*999*20080328
RMR*IK*410320080329*PI*72.68*72.68*0
REF*PO*0020080330
REF*ST*04103
REF*DP*043
DTM*999*20080329
RMR*IK*410320080330*PI*45.72*45.72*0
REF*PO*0020080331
REF*ST*04103
REF*DP*043
DTM*999*20080330
RMR*IK*410320080331*PI*149.3*149.3*0
REF*PO*0020080401
REF*ST*04103
REF*DP*043
DTM*999*20080331
RMR*IK*410320080401*PI*44.27*44.27*0
REF*PO*0020080402
REF*ST*04103
REF*DP*043
DTM*999*20080401
RMR*IK*410320080402*PI*125.83*125.83*0
REF*PO*0020080403
REF*ST*04103
REF*DP*043
DTM*999*20080402
RMR*IK*411220080327*PI*24*24*0
REF*PO*0020080328
REF*ST*04112
REF*DP*043
DTM*999*20080327
RMR*IK*411220080328*PI*52.2*52.2*0
REF*PO*0020080329
REF*ST*04112
REF*DP*043
DTM*999*20080328
RMR*IK*411220080329*PI*3.6*3.6*0
REF*PO*0020080330
REF*ST*04112
REF*DP*043
DTM*999*20080329
RMR*IK*411220080330*PI*2.4*2.4*0
REF*PO*0020080331
REF*ST*04112
REF*DP*043
DTM*999*20080330
RMR*IK*411220080331*PI*1.2*1.2*0
REF*PO*0020080401
REF*ST*04112
REF*DP*043
DTM*999*20080331
RMR*IK*411220080401*PI*4.8*4.8*0
REF*PO*0020080402
REF*ST*04112
REF*DP*043
DTM*999*20080401
RMR*IK*411220080402*PI*46.6*46.6*0
REF*PO*0020080403
REF*ST*04112
REF*DP*043
DTM*999*20080402
RMR*IK*412220080327*PI*40.05*40.05*0
REF*PO*0020080328
REF*ST*04122
REF*DP*043
DTM*999*20080327
RMR*IK*412220080328*PI*40.23*40.23*0
REF*PO*0020080329
REF*ST*04122
REF*DP*043
DTM*999*20080328
RMR*IK*412220080329*PI*164.09*164.09*0
REF*PO*0020080330
REF*ST*04122
REF*DP*043
DTM*999*20080329
RMR*IK*412220080330*PI*93.64*93.64*0
REF*PO*0020080331
REF*ST*04122
REF*DP*043
DTM*999*20080330
RMR*IK*412220080331*PI*45.25*45.25*0
REF*PO*0020080401
REF*ST*04122
REF*DP*043
DTM*999*20080331
RMR*IK*412220080401*PI*37.74*37.74*0
REF*PO*0020080402
REF*ST*04122
REF*DP*043
DTM*999*20080401
RMR*IK*412220080402*PI*46.51*46.51*0
REF*PO*0020080403
REF*ST*04122
REF*DP*043
DTM*999*20080402
RMR*IK*413720080327*PI*59.18*59.18*0
REF*PO*0020080328
REF*ST*04137
REF*DP*043
DTM*999*20080327
RMR*IK*413720080328*PI*102.83*102.83*0
REF*PO*0020080329
REF*ST*04137
REF*DP*043
DTM*999*20080328
RMR*IK*413720080329*PI*19.75*19.75*0
REF*PO*0020080330
REF*ST*04137
REF*DP*043
DTM*999*20080329
RMR*IK*413720080330*PI*4.8*4.8*0
REF*PO*0020080331
REF*ST*04137
REF*DP*043
DTM*999*20080330
RMR*IK*413720080331*PI*6.24*6.24*0
REF*PO*0020080401
REF*ST*04137
REF*DP*043
DTM*999*20080331
RMR*IK*413720080401*PI*41.96*41.96*0
REF*PO*0020080402
REF*ST*04137
REF*DP*043
DTM*999*20080401
RMR*IK*413720080402*PI*48.48*48.48*0
REF*PO*0020080403
REF*ST*04137
REF*DP*043
DTM*999*20080402
RMR*IK*418920080327*PI*145.19*145.19*0
REF*PO*0020080328
REF*ST*04189
REF*DP*043
DTM*999*20080327
RMR*IK*418920080328*PI*205.55*205.55*0
REF*PO*0020080329
REF*ST*04189
REF*DP*043
DTM*999*20080328
RMR*IK*418920080329*PI*176.47*176.47*0
REF*PO*0020080330
REF*ST*04189
REF*DP*043
DTM*999*20080329
RMR*IK*418920080330*PI*77.71*77.71*0
REF*PO*0020080331
REF*ST*04189
REF*DP*043
DTM*999*20080330
RMR*IK*418920080331*PI*160.51*160.51*0
REF*PO*0020080401
REF*ST*04189
REF*DP*043
DTM*999*20080331
RMR*IK*418920080401*PI*198.06*198.06*0
REF*PO*0020080402
REF*ST*04189
REF*DP*043
DTM*999*20080401
RMR*IK*418920080402*PI*144.6*144.6*0
REF*PO*0020080403
REF*ST*04189
REF*DP*043
DTM*999*20080402
RMR*IK*419820080327*PI*66.55*66.55*0
REF*PO*0020080328
REF*ST*04198
REF*DP*043
DTM*999*20080327
RMR*IK*419820080328*PI*158.22*158.22*0
REF*PO*0020080329
REF*ST*04198
REF*DP*043
DTM*999*20080328
RMR*IK*419820080329*PI*171.12*171.12*0
REF*PO*0020080330
REF*ST*04198
REF*DP*043
DTM*999*20080329
RMR*IK*419820080330*PI*118.75*118.75*0
REF*PO*0020080331
REF*ST*04198
REF*DP*043
DTM*999*20080330
RMR*IK*419820080331*PI*84.48*84.48*0
REF*PO*0020080401
REF*ST*04198
REF*DP*043
DTM*999*20080331
RMR*IK*419820080401*PI*252.77*252.77*0
REF*PO*0020080402
REF*ST*04198
REF*DP*043
DTM*999*20080401
RMR*IK*419820080402*PI*249.31*249.31*0
REF*PO*0020080403
REF*ST*04198
REF*DP*043
DTM*999*20080402
RMR*IK*420220080327*PI*116.04*116.04*0
REF*PO*0020080328
REF*ST*04202
REF*DP*043
DTM*999*20080327
RMR*IK*420220080328*PI*318.24*318.24*0
REF*PO*0020080329
REF*ST*04202
REF*DP*043
DTM*999*20080328
RMR*IK*420220080329*PI*134.18*134.18*0
REF*PO*0020080330
REF*ST*04202
REF*DP*043
DTM*999*20080329
RMR*IK*420220080330*PI*5.33*5.33*0
REF*PO*0020080331
REF*ST*04202
REF*DP*043
DTM*999*20080330
RMR*IK*420220080331*PI*124.42*124.42*0
REF*PO*0020080401
REF*ST*04202
REF*DP*043
DTM*999*20080331
RMR*IK*420220080401*PI*114.82*114.82*0
REF*PO*0020080402
REF*ST*04202
REF*DP*043
DTM*999*20080401
RMR*IK*420220080402*PI*323.42*323.42*0
REF*PO*0020080403
REF*ST*04202
REF*DP*043
DTM*999*20080402
RMR*IK*424420080327*PI*235.35*235.35*0
REF*PO*0020080328
REF*ST*04244
REF*DP*043
DTM*999*20080327
RMR*IK*424420080328*PI*208.03*208.03*0
REF*PO*0020080329
REF*ST*04244
REF*DP*043
DTM*999*20080328
RMR*IK*424420080329*PI*253.69*253.69*0
REF*PO*0020080330
REF*ST*04244
REF*DP*043
DTM*999*20080329
RMR*IK*424420080330*PI*345.3*345.3*0
REF*PO*0020080331
REF*ST*04244
REF*DP*043
DTM*999*20080330
RMR*IK*424420080331*PI*130.77*130.77*0
REF*PO*0020080401
REF*ST*04244
REF*DP*043
DTM*999*20080331
RMR*IK*424420080401*PI*461.64*461.64*0
REF*PO*0020080402
REF*ST*04244
REF*DP*043
DTM*999*20080401
RMR*IK*424420080402*PI*436.2*436.2*0
REF*PO*0020080403
REF*ST*04244
REF*DP*043
DTM*999*20080402
RMR*IK*430820080327*PI*38.55*38.55*0
REF*PO*0020080328
REF*ST*04308
REF*DP*043
DTM*999*20080327
RMR*IK*430820080328*PI*41.48*41.48*0
REF*PO*0020080329
REF*ST*04308
REF*DP*043
DTM*999*20080328
RMR*IK*430820080329*PI*127.14*127.14*0
REF*PO*0020080330
REF*ST*04308
REF*DP*043
DTM*999*20080329
RMR*IK*430820080330*PI*113.69*113.69*0
REF*PO*0020080331
REF*ST*04308
REF*DP*043
DTM*999*20080330
RMR*IK*430820080331*PI*85.58*85.58*0
REF*PO*0020080401
REF*ST*04308
REF*DP*043
DTM*999*20080331
RMR*IK*430820080401*PI*68.68*68.68*0
REF*PO*0020080402
REF*ST*04308
REF*DP*043
DTM*999*20080401
RMR*IK*430820080402*PI*124.84*124.84*0
REF*PO*0020080403
REF*ST*04308
REF*DP*043
DTM*999*20080402
RMR*IK*431220080327*PI*1.2*1.2*0
REF*PO*0020080328
REF*ST*04312
REF*DP*043
DTM*999*20080327
RMR*IK*431220080328*PI*46.66*46.66*0
REF*PO*0020080329
REF*ST*04312
REF*DP*043
DTM*999*20080328
RMR*IK*431220080329*PI*68.3*68.3*0
REF*PO*0020080330
REF*ST*04312
REF*DP*043
DTM*999*20080329
RMR*IK*431220080330*PI*67.5*67.5*0
REF*PO*0020080331
REF*ST*04312
REF*DP*043
DTM*999*20080330
RMR*IK*431220080331*PI*60.53*60.53*0
REF*PO*0020080401
REF*ST*04312
REF*DP*043
DTM*999*20080331
RMR*IK*431220080401*PI*81.15*81.15*0
REF*PO*0020080402
REF*ST*04312
REF*DP*043
DTM*999*20080401
RMR*IK*431220080402*PI*20.64*20.64*0
REF*PO*0020080403
REF*ST*04312
REF*DP*043
DTM*999*20080402
RMR*IK*447520080327*PI*50.1*50.1*0
REF*PO*0020080328
REF*ST*04475
REF*DP*043
DTM*999*20080327
RMR*IK*447520080328*PI*31.1*31.1*0
REF*PO*0020080329
REF*ST*04475
REF*DP*043
DTM*999*20080328
RMR*IK*447520080329*PI*121.58*121.58*0
REF*PO*0020080330
REF*ST*04475
REF*DP*043
DTM*999*20080329
RMR*IK*447520080330*PI*42.55*42.55*0
REF*PO*0020080331
REF*ST*04475
REF*DP*043
DTM*999*20080330
RMR*IK*447520080331*PI*115.6*115.6*0
REF*PO*0020080401
REF*ST*04475
REF*DP*043
DTM*999*20080331
RMR*IK*447520080401*PI*105.95*105.95*0
REF*PO*0020080402
REF*ST*04475
REF*DP*043
DTM*999*20080401
RMR*IK*447520080402*PI*13.65*13.65*0
REF*PO*0020080403
REF*ST*04475
REF*DP*043
DTM*999*20080402
RMR*IK*471720080327*PI*48.7*48.7*0
REF*PO*0020080328
REF*ST*04717
REF*DP*043
DTM*999*20080327
RMR*IK*471720080328*PI*45*45*0
REF*PO*0020080329
REF*ST*04717
REF*DP*043
DTM*999*20080328
RMR*IK*471720080329*PI*46.6*46.6*0
REF*PO*0020080330
REF*ST*04717
REF*DP*043
DTM*999*20080329
RMR*IK*471720080330*PI*49.39*49.39*0
REF*PO*0020080331
REF*ST*04717
REF*DP*043
DTM*999*20080330
RMR*IK*471720080331*PI*42.45*42.45*0
REF*PO*0020080401
REF*ST*04717
REF*DP*043
DTM*999*20080331
RMR*IK*471720080401*PI*54.49*54.49*0
REF*PO*0020080402
REF*ST*04717
REF*DP*043
DTM*999*20080401
RMR*IK*471720080402*PI*93.49*93.49*0
REF*PO*0020080403
REF*ST*04717
REF*DP*043
DTM*999*20080402
RMR*IK*471920080327*PI*108.14*108.14*0
REF*PO*0020080328
REF*ST*04719
REF*DP*043
DTM*999*20080327
RMR*IK*471920080328*PI*244.29*244.29*0
REF*PO*0020080329
REF*ST*04719
REF*DP*043
DTM*999*20080328
RMR*IK*471920080329*PI*272.28*272.28*0
REF*PO*0020080330
REF*ST*04719
REF*DP*043
DTM*999*20080329
RMR*IK*471920080330*PI*92.04*92.04*0
REF*PO*0020080331
REF*ST*04719
REF*DP*043
DTM*999*20080330
RMR*IK*471920080331*PI*40.67*40.67*0
REF*PO*0020080401
REF*ST*04719
REF*DP*043
DTM*999*20080331
RMR*IK*471920080401*PI*181.39*181.39*0
REF*PO*0020080402
REF*ST*04719
REF*DP*043
DTM*999*20080401
RMR*IK*471920080402*PI*310.65*310.65*0
REF*PO*0020080403
REF*ST*04719
REF*DP*043
DTM*999*20080402
RMR*IK*472320080327*PI*11.16*11.16*0
REF*PO*0020080328
REF*ST*04723
REF*DP*043
DTM*999*20080327
RMR*IK*472320080328*PI*18.88*18.88*0
REF*PO*0020080329
REF*ST*04723
REF*DP*043
DTM*999*20080328
RMR*IK*472320080329*PI*61.04*61.04*0
REF*PO*0020080330
REF*ST*04723
REF*DP*043
DTM*999*20080329
RMR*IK*472320080330*PI*85.5*85.5*0
REF*PO*0020080331
REF*ST*04723
REF*DP*043
DTM*999*20080330
RMR*IK*472320080331*PI*9.48*9.48*0
REF*PO*0020080401
REF*ST*04723
REF*DP*043
DTM*999*20080331
RMR*IK*472320080401*PI*25*25*0
REF*PO*0020080402
REF*ST*04723
REF*DP*043
DTM*999*20080401
RMR*IK*472320080402*PI*24.36*24.36*0
REF*PO*0020080403
REF*ST*04723
REF*DP*043
DTM*999*20080402
RMR*IK*473920080327*PI*4.85*4.85*0
REF*PO*0020080328
REF*ST*04739
REF*DP*043
DTM*999*20080327
RMR*IK*473920080328*PI*22.1*22.1*0
REF*PO*0020080329
REF*ST*04739
REF*DP*043
DTM*999*20080328
RMR*IK*473920080329*PI*17.9*17.9*0
REF*PO*0020080330
REF*ST*04739
REF*DP*043
DTM*999*20080329
RMR*IK*473920080330*PI*8.3*8.3*0
REF*PO*0020080331
REF*ST*04739
REF*DP*043
DTM*999*20080330
RMR*IK*473920080331*PI*44.15*44.15*0
REF*PO*0020080401
REF*ST*04739
REF*DP*043
DTM*999*20080331
RMR*IK*473920080401*PI*49.15*49.15*0
REF*PO*0020080402
REF*ST*04739
REF*DP*043
DTM*999*20080401
RMR*IK*473920080402*PI*51.3*51.3*0
REF*PO*0020080403
REF*ST*04739
REF*DP*043
DTM*999*20080402
RMR*IK*475720080327*PI*51.45*51.45*0
REF*PO*0020080328
REF*ST*04757
REF*DP*043
DTM*999*20080327
RMR*IK*475720080328*PI*33.45*33.45*0
REF*PO*0020080329
REF*ST*04757
REF*DP*043
DTM*999*20080328
RMR*IK*475720080329*PI*11.35*11.35*0
REF*PO*0020080330
REF*ST*04757
REF*DP*043
DTM*999*20080329
RMR*IK*475720080401*PI*22.24*22.24*0
REF*PO*0020080402
REF*ST*04757
REF*DP*043
DTM*999*20080401
RMR*IK*475720080402*PI*64.4*64.4*0
REF*PO*0020080403
REF*ST*04757
REF*DP*043
DTM*999*20080402
RMR*IK*475820080327*PI*20.68*20.68*0
REF*PO*0020080328
REF*ST*04758
REF*DP*043
DTM*999*20080327
RMR*IK*475820080328*PI*94*94*0
REF*PO*0020080329
REF*ST*04758
REF*DP*043
DTM*999*20080328
RMR*IK*475820080329*PI*38.8*38.8*0
REF*PO*0020080330
REF*ST*04758
REF*DP*043
DTM*999*20080329
RMR*IK*475820080330*PI*17.25*17.25*0
REF*PO*0020080331
REF*ST*04758
REF*DP*043
DTM*999*20080330
RMR*IK*475820080401*PI*43.85*43.85*0
REF*PO*0020080402
REF*ST*04758
REF*DP*043
DTM*999*20080401
RMR*IK*475820080402*PI*26.65*26.65*0
REF*PO*0020080403
REF*ST*04758
REF*DP*043
DTM*999*20080402
RMR*IK*476020080327*PI*50.31*50.31*0
REF*PO*0020080328
REF*ST*04760
REF*DP*043
DTM*999*20080327
RMR*IK*476020080328*PI*83.05*83.05*0
REF*PO*0020080329
REF*ST*04760
REF*DP*043
DTM*999*20080328
RMR*IK*476020080329*PI*150.62*150.62*0
REF*PO*0020080330
REF*ST*04760
REF*DP*043
DTM*999*20080329
RMR*IK*476020080330*PI*37.27*37.27*0
REF*PO*0020080331
REF*ST*04760
REF*DP*043
DTM*999*20080330
RMR*IK*476020080331*PI*13.42*13.42*0
REF*PO*0020080401
REF*ST*04760
REF*DP*043
DTM*999*20080331
RMR*IK*476020080401*PI*55.8*55.8*0
REF*PO*0020080402
REF*ST*04760
REF*DP*043
DTM*999*20080401
RMR*IK*476020080402*PI*41.29*41.29*0
REF*PO*0020080403
REF*ST*04760
REF*DP*043
DTM*999*20080402
RMR*IK*476920080327*PI*26.05*26.05*0
REF*PO*0020080328
REF*ST*04769
REF*DP*043
DTM*999*20080327
RMR*IK*476920080328*PI*9.6*9.6*0
REF*PO*0020080329
REF*ST*04769
REF*DP*043
DTM*999*20080328
RMR*IK*476920080329*PI*152.5*152.5*0
REF*PO*0020080330
REF*ST*04769
REF*DP*043
DTM*999*20080329
RMR*IK*476920080330*PI*41*41*0
REF*PO*0020080331
REF*ST*04769
REF*DP*043
DTM*999*20080330
RMR*IK*476920080401*PI*32.4*32.4*0
REF*PO*0020080402
REF*ST*04769
REF*DP*043
DTM*999*20080401
RMR*IK*476920080402*PI*60.6*60.6*0
REF*PO*0020080403
REF*ST*04769
REF*DP*043
DTM*999*20080402
RMR*IK*477720080327*PI*56.65*56.65*0
REF*PO*0020080328
REF*ST*04777
REF*DP*043
DTM*999*20080327
RMR*IK*477720080328*PI*30.75*30.75*0
REF*PO*0020080329
REF*ST*04777
REF*DP*043
DTM*999*20080328
RMR*IK*477720080329*PI*68.2*68.2*0
REF*PO*0020080330
REF*ST*04777
REF*DP*043
DTM*999*20080329
RMR*IK*477720080331*PI*4.8*4.8*0
REF*PO*0020080401
REF*ST*04777
REF*DP*043
DTM*999*20080331
RMR*IK*477720080401*PI*45*45*0
REF*PO*0020080402
REF*ST*04777
REF*DP*043
DTM*999*20080401
RMR*IK*477720080402*PI*93.4*93.4*0
REF*PO*0020080403
REF*ST*04777
REF*DP*043
DTM*999*20080402
RMR*IK*481720080327*PI*104.35*104.35*0
REF*PO*0020080328
REF*ST*04817
REF*DP*043
DTM*999*20080327
RMR*IK*481720080328*PI*86.35*86.35*0
REF*PO*0020080329
REF*ST*04817
REF*DP*043
DTM*999*20080328
RMR*IK*481720080329*PI*195.34*195.34*0
REF*PO*0020080330
REF*ST*04817
REF*DP*043
DTM*999*20080329
RMR*IK*481720080330*PI*167.7*167.7*0
REF*PO*0020080331
REF*ST*04817
REF*DP*043
DTM*999*20080330
RMR*IK*481720080331*PI*56.8*56.8*0
REF*PO*0020080401
REF*ST*04817
REF*DP*043
DTM*999*20080331
RMR*IK*481720080401*PI*84.1*84.1*0
REF*PO*0020080402
REF*ST*04817
REF*DP*043
DTM*999*20080401
RMR*IK*481720080402*PI*197.31*197.31*0
REF*PO*0020080403
REF*ST*04817
REF*DP*043
DTM*999*20080402
RMR*IK*483520080327*PI*37*37*0
REF*PO*0020080328
REF*ST*04835
REF*DP*043
DTM*999*20080327
RMR*IK*483520080328*PI*49.75*49.75*0
REF*PO*0020080329
REF*ST*04835
REF*DP*043
DTM*999*20080328
RMR*IK*483520080329*PI*14*14*0
REF*PO*0020080330
REF*ST*04835
REF*DP*043
DTM*999*20080329
RMR*IK*483520080401*PI*17.95*17.95*0
REF*PO*0020080402
REF*ST*04835
REF*DP*043
DTM*999*20080401
RMR*IK*483520080402*PI*24*24*0
REF*PO*0020080403
REF*ST*04835
REF*DP*043
DTM*999*20080402
RMR*IK*486620080327*PI*79.55*79.55*0
REF*PO*0020080328
REF*ST*04866
REF*DP*043
DTM*999*20080327
RMR*IK*486620080328*PI*81.72*81.72*0
REF*PO*0020080329
REF*ST*04866
REF*DP*043
DTM*999*20080328
RMR*IK*486620080329*PI*25.95*25.95*0
REF*PO*0020080330
REF*ST*04866
REF*DP*043
DTM*999*20080329
RMR*IK*486620080330*PI*9*9*0
REF*PO*0020080331
REF*ST*04866
REF*DP*043
DTM*999*20080330
RMR*IK*486620080331*PI*49.06*49.06*0
REF*PO*0020080401
REF*ST*04866
REF*DP*043
DTM*999*20080331
RMR*IK*486620080401*PI*16.8*16.8*0
REF*PO*0020080402
REF*ST*04866
REF*DP*043
DTM*999*20080401
RMR*IK*486620080402*PI*58.95*58.95*0
REF*PO*0020080403
REF*ST*04866
REF*DP*043
DTM*999*20080402
RMR*IK*487220080327*PI*10.8*10.8*0
REF*PO*0020080328
REF*ST*04872
REF*DP*043
DTM*999*20080327
RMR*IK*487220080328*PI*24*24*0
REF*PO*0020080329
REF*ST*04872
REF*DP*043
DTM*999*20080328
RMR*IK*487220080329*PI*10.8*10.8*0
REF*PO*0020080330
REF*ST*04872
REF*DP*043
DTM*999*20080329
RMR*IK*487220080401*PI*30*30*0
REF*PO*0020080402
REF*ST*04872
REF*DP*043
DTM*999*20080401
RMR*IK*487220080402*PI*82.55*82.55*0
REF*PO*0020080403
REF*ST*04872
REF*DP*043
DTM*999*20080402
RMR*IK*488320080327*PI*57.01*57.01*0
REF*PO*0020080328
REF*ST*04883
REF*DP*043
DTM*999*20080327
RMR*IK*488320080328*PI*20*20*0
REF*PO*0020080329
REF*ST*04883
REF*DP*043
DTM*999*20080328
RMR*IK*488320080329*PI*54.4*54.4*0
REF*PO*0020080330
REF*ST*04883
REF*DP*043
DTM*999*20080329
RMR*IK*488320080331*PI*38.83*38.83*0
REF*PO*0020080401
REF*ST*04883
REF*DP*043
DTM*999*20080331
RMR*IK*488320080401*PI*17.38*17.38*0
REF*PO*0020080402
REF*ST*04883
REF*DP*043
DTM*999*20080401
RMR*IK*488320080402*PI*49.99*49.99*0
REF*PO*0020080403
REF*ST*04883
REF*DP*043
DTM*999*20080402
RMR*IK*489820080327*PI*8.35*8.35*0
REF*PO*0020080328
REF*ST*04898
REF*DP*043
DTM*999*20080327
RMR*IK*489820080328*PI*13.35*13.35*0
REF*PO*0020080329
REF*ST*04898
REF*DP*043
DTM*999*20080328
RMR*IK*489820080329*PI*32.35*32.35*0
REF*PO*0020080330
REF*ST*04898
REF*DP*043
DTM*999*20080329
RMR*IK*489820080330*PI*51.55*51.55*0
REF*PO*0020080331
REF*ST*04898
REF*DP*043
DTM*999*20080330
RMR*IK*489820080331*PI*55.05*55.05*0
REF*PO*0020080401
REF*ST*04898
REF*DP*043
DTM*999*20080331
RMR*IK*489820080401*PI*30.25*30.25*0
REF*PO*0020080402
REF*ST*04898
REF*DP*043
DTM*999*20080401
RMR*IK*489820080402*PI*107.25*107.25*0
REF*PO*0020080403
REF*ST*04898
REF*DP*043
DTM*999*20080402
RMR*IK*497020080327*PI*69.6*69.6*0
REF*PO*0020080328
REF*ST*04970
REF*DP*043
DTM*999*20080327
RMR*IK*497020080328*PI*18.5*18.5*0
REF*PO*0020080329
REF*ST*04970
REF*DP*043
DTM*999*20080328
RMR*IK*497020080329*PI*10.32*10.32*0
REF*PO*0020080330
REF*ST*04970
REF*DP*043
DTM*999*20080329
RMR*IK*497020080330*PI*14.4*14.4*0
REF*PO*0020080331
REF*ST*04970
REF*DP*043
DTM*999*20080330
RMR*IK*497020080331*PI*33.69*33.69*0
REF*PO*0020080401
REF*ST*04970
REF*DP*043
DTM*999*20080331
RMR*IK*497020080401*PI*26.64*26.64*0
REF*PO*0020080402
REF*ST*04970
REF*DP*043
DTM*999*20080401
RMR*IK*497020080402*PI*24.65*24.65*0
REF*PO*0020080403
REF*ST*04970
REF*DP*043
DTM*999*20080402
RMR*IK*497020080421*PI*-6*-6*0
REF*PO*0020080423
REF*ST*04970
REF*DP*043
DTM*999*20080421
RMR*IK*501420080327*PI*224.24*224.24*0
REF*PO*0020080329
REF*ST*05014
REF*DP*043
DTM*999*20080327
RMR*IK*501420080328*PI*251.97*251.97*0
REF*PO*0020080330
REF*ST*05014
REF*DP*043
DTM*999*20080328
RMR*IK*501420080329*PI*235.02*235.02*0
REF*PO*0020080331
REF*ST*05014
REF*DP*043
DTM*999*20080329
RMR*IK*501420080330*PI*71.4*71.4*0
REF*PO*0020080401
REF*ST*05014
REF*DP*043
DTM*999*20080330
RMR*IK*501420080331*PI*108.05*108.05*0
REF*PO*0020080402
REF*ST*05014
REF*DP*043
DTM*999*20080331
RMR*IK*501420080401*PI*62.04*62.04*0
REF*PO*0020080403
REF*ST*05014
REF*DP*043
DTM*999*20080401
RMR*IK*501420080402*PI*223.58*223.58*0
REF*PO*0020080404
REF*ST*05014
REF*DP*043
DTM*999*20080402
RMR*IK*502320080327*PI*1.2*1.2*0
REF*PO*0020080329
REF*ST*05023
REF*DP*043
DTM*999*20080327
RMR*IK*502320080328*PI*60.2*60.2*0
REF*PO*0020080330
REF*ST*05023
REF*DP*043
DTM*999*20080328
RMR*IK*502320080330*PI*10.75*10.75*0
REF*PO*0020080401
REF*ST*05023
REF*DP*043
DTM*999*20080330
RMR*IK*502320080402*PI*25.15*25.15*0
REF*PO*0020080404
REF*ST*05023
REF*DP*043
DTM*999*20080402
RMR*IK*506620080327*PI*1.2*1.2*0
REF*PO*0020080329
REF*ST*05066
REF*DP*043
DTM*999*20080327
RMR*IK*506620080328*PI*14.4*14.4*0
REF*PO*0020080330
REF*ST*05066
REF*DP*043
DTM*999*20080328
RMR*IK*506620080329*PI*25.2*25.2*0
REF*PO*0020080331
REF*ST*05066
REF*DP*043
DTM*999*20080329
RMR*IK*506620080330*PI*46.32*46.32*0
REF*PO*0020080401
REF*ST*05066
REF*DP*043
DTM*999*20080330
RMR*IK*506620080331*PI*4.8*4.8*0
REF*PO*0020080402
REF*ST*05066
REF*DP*043
DTM*999*20080331
RMR*IK*506620080401*PI*6*6*0
REF*PO*0020080403
REF*ST*05066
REF*DP*043
DTM*999*20080401
RMR*IK*506620080402*PI*37.5*37.5*0
REF*PO*0020080404
REF*ST*05066
REF*DP*043
DTM*999*20080402
RMR*IK*507020080327*PI*87.05*87.05*0
REF*PO*0020080329
REF*ST*05070
REF*DP*043
DTM*999*20080327
RMR*IK*507020080328*PI*177.12*177.12*0
REF*PO*0020080330
REF*ST*05070
REF*DP*043
DTM*999*20080328
RMR*IK*507020080329*PI*180.72*180.72*0
REF*PO*0020080331
REF*ST*05070
REF*DP*043
DTM*999*20080329
RMR*IK*507020080330*PI*101.83*101.83*0
REF*PO*0020080401
REF*ST*05070
REF*DP*043
DTM*999*20080330
RMR*IK*507020080331*PI*149.9*149.9*0
REF*PO*0020080402
REF*ST*05070
REF*DP*043
DTM*999*20080331
RMR*IK*507020080401*PI*39.5*39.5*0
REF*PO*0020080403
REF*ST*05070
REF*DP*043
DTM*999*20080401
RMR*IK*507020080402*PI*91.65*91.65*0
REF*PO*0020080404
REF*ST*05070
REF*DP*043
DTM*999*20080402
RMR*IK*507720080327*PI*34.4*34.4*0
REF*PO*0020080329
REF*ST*05077
REF*DP*043
DTM*999*20080327
RMR*IK*507720080328*PI*64.78*64.78*0
REF*PO*0020080330
REF*ST*05077
REF*DP*043
DTM*999*20080328
RMR*IK*507720080329*PI*92.1*92.1*0
REF*PO*0020080331
REF*ST*05077
REF*DP*043
DTM*999*20080329
RMR*IK*507720080330*PI*124.15*124.15*0
REF*PO*0020080401
REF*ST*05077
REF*DP*043
DTM*999*20080330
RMR*IK*507720080331*PI*31.2*31.2*0
REF*PO*0020080402
REF*ST*05077
REF*DP*043
DTM*999*20080331
RMR*IK*507720080402*PI*22.4*22.4*0
REF*PO*0020080404
REF*ST*05077
REF*DP*043
DTM*999*20080402
RMR*IK*704320080327*PI*22.79*22.79*0
REF*PO*0020080328
REF*ST*07043
REF*DP*043
DTM*999*20080327
RMR*IK*704320080328*PI*37.39*37.39*0
REF*PO*0020080329
REF*ST*07043
REF*DP*043
DTM*999*20080328
RMR*IK*704320080329*PI*14.4*14.4*0
REF*PO*0020080330
REF*ST*07043
REF*DP*043
DTM*999*20080329
RMR*IK*704320080330*PI*57.6*57.6*0
REF*PO*0020080331
REF*ST*07043
REF*DP*043
DTM*999*20080330
RMR*IK*704320080331*PI*10.8*10.8*0
REF*PO*0020080401
REF*ST*07043
REF*DP*043
DTM*999*20080331
RMR*IK*704320080401*PI*52.6*52.6*0
REF*PO*0020080402
REF*ST*07043
REF*DP*043
DTM*999*20080401
RMR*IK*704320080402*PI*60.35*60.35*0
REF*PO*0020080403
REF*ST*07043
REF*DP*043
DTM*999*20080402
RMR*IK*704520080327*PI*4.8*4.8*0
REF*PO*0020080328
REF*ST*07045
REF*DP*043
DTM*999*20080327
RMR*IK*704520080329*PI*7.2*7.2*0
REF*PO*0020080330
REF*ST*07045
REF*DP*043
DTM*999*20080329
RMR*IK*704520080330*PI*24*24*0
REF*PO*0020080331
REF*ST*07045
REF*DP*043
DTM*999*20080330
RMR*IK*704520080331*PI*14.3*14.3*0
REF*PO*0020080401
REF*ST*07045
REF*DP*043
DTM*999*20080331
RMR*IK*704520080401*PI*33.6*33.6*0
REF*PO*0020080402
REF*ST*07045
REF*DP*043
DTM*999*20080401
RMR*IK*705920080327*PI*53.74*53.74*0
REF*PO*0020080328
REF*ST*07059
REF*DP*043
DTM*999*20080327
RMR*IK*705920080328*PI*79.75*79.75*0
REF*PO*0020080329
REF*ST*07059
REF*DP*043
DTM*999*20080328
RMR*IK*705920080329*PI*84.54*84.54*0
REF*PO*0020080330
REF*ST*07059
REF*DP*043
DTM*999*20080329
RMR*IK*705920080330*PI*6.92*6.92*0
REF*PO*0020080331
REF*ST*07059
REF*DP*043
DTM*999*20080330
RMR*IK*705920080331*PI*15.32*15.32*0
REF*PO*0020080401
REF*ST*07059
REF*DP*043
DTM*999*20080331
RMR*IK*705920080401*PI*53.6*53.6*0
REF*PO*0020080402
REF*ST*07059
REF*DP*043
DTM*999*20080401
RMR*IK*705920080402*PI*52.7*52.7*0
REF*PO*0020080403
REF*ST*07059
REF*DP*043
DTM*999*20080402
RMR*IK*706020080327*PI*21.4*21.4*0
REF*PO*0020080328
REF*ST*07060
REF*DP*043
DTM*999*20080327
RMR*IK*706020080328*PI*26.15*26.15*0
REF*PO*0020080329
REF*ST*07060
REF*DP*043
DTM*999*20080328
RMR*IK*706020080329*PI*12*12*0
REF*PO*0020080330
REF*ST*07060
REF*DP*043
DTM*999*20080329
RMR*IK*706020080330*PI*4.8*4.8*0
REF*PO*0020080331
REF*ST*07060
REF*DP*043
DTM*999*20080330
RMR*IK*706020080331*PI*20.4*20.4*0
REF*PO*0020080401
REF*ST*07060
REF*DP*043
DTM*999*20080331
RMR*IK*706020080401*PI*34.15*34.15*0
REF*PO*0020080402
REF*ST*07060
REF*DP*043
DTM*999*20080401
RMR*IK*706020080402*PI*13.2*13.2*0
REF*PO*0020080403
REF*ST*07060
REF*DP*043
DTM*999*20080402
RMR*IK*706320080327*PI*12*12*0
REF*PO*0020080328
REF*ST*07063
REF*DP*043
DTM*999*20080327
RMR*IK*706320080328*PI*17.9*17.9*0
REF*PO*0020080329
REF*ST*07063
REF*DP*043
DTM*999*20080328
RMR*IK*706320080329*PI*5.35*5.35*0
REF*PO*0020080330
REF*ST*07063
REF*DP*043
DTM*999*20080329
RMR*IK*706320080330*PI*2.4*2.4*0
REF*PO*0020080331
REF*ST*07063
REF*DP*043
DTM*999*20080330
RMR*IK*706320080331*PI*5.95*5.95*0
REF*PO*0020080401
REF*ST*07063
REF*DP*043
DTM*999*20080331
RMR*IK*706320080401*PI*63.3*63.3*0
REF*PO*0020080402
REF*ST*07063
REF*DP*043
DTM*999*20080401
RMR*IK*706320080402*PI*62.45*62.45*0
REF*PO*0020080403
REF*ST*07063
REF*DP*043
DTM*999*20080402
RMR*IK*706420080328*PI*49.95*49.95*0
REF*PO*0020080329
REF*ST*07064
REF*DP*043
DTM*999*20080328
RMR*IK*706420080330*PI*22.4*22.4*0
REF*PO*0020080331
REF*ST*07064
REF*DP*043
DTM*999*20080330
RMR*IK*706420080401*PI*18*18*0
REF*PO*0020080402
REF*ST*07064
REF*DP*043
DTM*999*20080401
RMR*IK*706420080402*PI*31.4*31.4*0
REF*PO*0020080403
REF*ST*07064
REF*DP*043
DTM*999*20080402
RMR*IK*706620080327*PI*43.86*43.86*0
REF*PO*0020080328
REF*ST*07066
REF*DP*043
DTM*999*20080327
RMR*IK*706620080328*PI*45.77*45.77*0
REF*PO*0020080329
REF*ST*07066
REF*DP*043
DTM*999*20080328
RMR*IK*706620080329*PI*97.01*97.01*0
REF*PO*0020080330
REF*ST*07066
REF*DP*043
DTM*999*20080329
RMR*IK*706620080330*PI*55.74*55.74*0
REF*PO*0020080331
REF*ST*07066
REF*DP*043
DTM*999*20080330
RMR*IK*706620080331*PI*151.4*151.4*0
REF*PO*0020080401
REF*ST*07066
REF*DP*043
DTM*999*20080331
RMR*IK*706620080401*PI*82.91*82.91*0
REF*PO*0020080402
REF*ST*07066
REF*DP*043
DTM*999*20080401
RMR*IK*706620080402*PI*89.67*89.67*0
REF*PO*0020080403
REF*ST*07066
REF*DP*043
DTM*999*20080402
RMR*IK*706920080327*PI*27.6*27.6*0
REF*PO*0020080328
REF*ST*07069
REF*DP*043
DTM*999*20080327
RMR*IK*706920080328*PI*73.54*73.54*0
REF*PO*0020080329
REF*ST*07069
REF*DP*043
DTM*999*20080328
RMR*IK*706920080329*PI*78.5*78.5*0
REF*PO*0020080330
REF*ST*07069
REF*DP*043
DTM*999*20080329
RMR*IK*706920080330*PI*61.22*61.22*0
REF*PO*0020080331
REF*ST*07069
REF*DP*043
DTM*999*20080330
RMR*IK*706920080331*PI*109.28*109.28*0
REF*PO*0020080401
REF*ST*07069
REF*DP*043
DTM*999*20080331
RMR*IK*706920080401*PI*91.6*91.6*0
REF*PO*0020080402
REF*ST*07069
REF*DP*043
DTM*999*20080401
RMR*IK*706920080402*PI*113.05*113.05*0
REF*PO*0020080403
REF*ST*07069
REF*DP*043
DTM*999*20080402
RMR*IK*707620080327*PI*126.99*126.99*0
REF*PO*0020080328
REF*ST*07076
REF*DP*043
DTM*999*20080327
RMR*IK*707620080328*PI*58.16*58.16*0
REF*PO*0020080329
REF*ST*07076
REF*DP*043
DTM*999*20080328
RMR*IK*707620080329*PI*28.95*28.95*0
REF*PO*0020080330
REF*ST*07076
REF*DP*043
DTM*999*20080329
RMR*IK*707620080330*PI*34.7*34.7*0
REF*PO*0020080331
REF*ST*07076
REF*DP*043
DTM*999*20080330
RMR*IK*707620080331*PI*42.55*42.55*0
REF*PO*0020080401
REF*ST*07076
REF*DP*043
DTM*999*20080331
RMR*IK*707620080401*PI*57.75*57.75*0
REF*PO*0020080402
REF*ST*07076
REF*DP*043
DTM*999*20080401
RMR*IK*707620080402*PI*60.23*60.23*0
REF*PO*0020080403
REF*ST*07076
REF*DP*043
DTM*999*20080402
RMR*IK*713220080327*PI*69.7*69.7*0
REF*PO*0020080328
REF*ST*07132
REF*DP*043
DTM*999*20080327
RMR*IK*713220080328*PI*54.04*54.04*0
REF*PO*0020080329
REF*ST*07132
REF*DP*043
DTM*999*20080328
RMR*IK*713220080329*PI*29.14*29.14*0
REF*PO*0020080330
REF*ST*07132
REF*DP*043
DTM*999*20080329
RMR*IK*713220080330*PI*42.44*42.44*0
REF*PO*0020080331
REF*ST*07132
REF*DP*043
DTM*999*20080330
RMR*IK*713220080331*PI*40.3*40.3*0
REF*PO*0020080401
REF*ST*07132
REF*DP*043
DTM*999*20080331
RMR*IK*713220080401*PI*15.36*15.36*0
REF*PO*0020080402
REF*ST*07132
REF*DP*043
DTM*999*20080401
RMR*IK*713220080402*PI*42.91*42.91*0
REF*PO*0020080403
REF*ST*07132
REF*DP*043
DTM*999*20080402
RMR*IK*714620080327*PI*41*41*0
REF*PO*0020080328
REF*ST*07146
REF*DP*043
DTM*999*20080327
RMR*IK*714620080328*PI*40.2*40.2*0
REF*PO*0020080329
REF*ST*07146
REF*DP*043
DTM*999*20080328
RMR*IK*714620080329*PI*47.44*47.44*0
REF*PO*0020080330
REF*ST*07146
REF*DP*043
DTM*999*20080329
RMR*IK*714620080330*PI*25.44*25.44*0
REF*PO*0020080331
REF*ST*07146
REF*DP*043
DTM*999*20080330
RMR*IK*714620080331*PI*4.4*4.4*0
REF*PO*0020080401
REF*ST*07146
REF*DP*043
DTM*999*20080331
RMR*IK*714620080401*PI*16.8*16.8*0
REF*PO*0020080402
REF*ST*07146
REF*DP*043
DTM*999*20080401
RMR*IK*714620080402*PI*31.54*31.54*0
REF*PO*0020080403
REF*ST*07146
REF*DP*043
DTM*999*20080402
RMR*IK*715420080327*PI*45.37*45.37*0
REF*PO*0020080328
REF*ST*07154
REF*DP*043
DTM*999*20080327
RMR*IK*715420080328*PI*85.31*85.31*0
REF*PO*0020080329
REF*ST*07154
REF*DP*043
DTM*999*20080328
RMR*IK*715420080329*PI*131.01*131.01*0
REF*PO*0020080330
REF*ST*07154
REF*DP*043
DTM*999*20080329
RMR*IK*715420080330*PI*21.12*21.12*0
REF*PO*0020080331
REF*ST*07154
REF*DP*043
DTM*999*20080330
RMR*IK*715420080331*PI*9.55*9.55*0
REF*PO*0020080401
REF*ST*07154
REF*DP*043
DTM*999*20080331
RMR*IK*715420080401*PI*65.52*65.52*0
REF*PO*0020080402
REF*ST*07154
REF*DP*043
DTM*999*20080401
RMR*IK*715420080402*PI*24.45*24.45*0
REF*PO*0020080403
REF*ST*07154
REF*DP*043
DTM*999*20080402
RMR*IK*720820080327*PI*332.72*332.72*0
REF*PO*0020080328
REF*ST*07208
REF*DP*043
DTM*999*20080327
RMR*IK*720820080328*PI*596.1*596.1*0
REF*PO*0020080329
REF*ST*07208
REF*DP*043
DTM*999*20080328
RMR*IK*720820080329*PI*99.31*99.31*0
REF*PO*0020080330
REF*ST*07208
REF*DP*043
DTM*999*20080329
RMR*IK*720820080330*PI*118.47*118.47*0
REF*PO*0020080331
REF*ST*07208
REF*DP*043
DTM*999*20080330
RMR*IK*720820080331*PI*95.81*95.81*0
REF*PO*0020080401
REF*ST*07208
REF*DP*043
DTM*999*20080331
RMR*IK*720820080401*PI*146.25*146.25*0
REF*PO*0020080402
REF*ST*07208
REF*DP*043
DTM*999*20080401
RMR*IK*720820080402*PI*374.58*374.58*0
REF*PO*0020080403
REF*ST*07208
REF*DP*043
DTM*999*20080402
RMR*IK*725520080327*PI*67.85*67.85*0
REF*PO*0020080328
REF*ST*07255
REF*DP*043
DTM*999*20080327
RMR*IK*725520080328*PI*21.8*21.8*0
REF*PO*0020080329
REF*ST*07255
REF*DP*043
DTM*999*20080328
RMR*IK*725520080329*PI*68.45*68.45*0
REF*PO*0020080330
REF*ST*07255
REF*DP*043
DTM*999*20080329
RMR*IK*725520080330*PI*44.3*44.3*0
REF*PO*0020080331
REF*ST*07255
REF*DP*043
DTM*999*20080330
RMR*IK*725520080331*PI*25.8*25.8*0
REF*PO*0020080401
REF*ST*07255
REF*DP*043
DTM*999*20080331
RMR*IK*725520080401*PI*42*42*0
REF*PO*0020080402
REF*ST*07255
REF*DP*043
DTM*999*20080401
RMR*IK*725520080402*PI*134.01*134.01*0
REF*PO*0020080403
REF*ST*07255
REF*DP*043
DTM*999*20080402
RMR*IK*727420080327*PI*139.45*139.45*0
REF*PO*0020080328
REF*ST*07274
REF*DP*043
DTM*999*20080327
RMR*IK*727420080328*PI*161.06*161.06*0
REF*PO*0020080329
REF*ST*07274
REF*DP*043
DTM*999*20080328
RMR*IK*727420080329*PI*141.95*141.95*0
REF*PO*0020080330
REF*ST*07274
REF*DP*043
DTM*999*20080329
RMR*IK*727420080330*PI*69.68*69.68*0
REF*PO*0020080331
REF*ST*07274
REF*DP*043
DTM*999*20080330
RMR*IK*727420080331*PI*92.85*92.85*0
REF*PO*0020080401
REF*ST*07274
REF*DP*043
DTM*999*20080331
RMR*IK*727420080401*PI*209.48*209.48*0
REF*PO*0020080402
REF*ST*07274
REF*DP*043
DTM*999*20080401
RMR*IK*727420080402*PI*204.3*204.3*0
REF*PO*0020080403
REF*ST*07274
REF*DP*043
DTM*999*20080402
RMR*IK*727620080327*PI*8.4*8.4*0
REF*PO*0020080328
REF*ST*07276
REF*DP*043
DTM*999*20080327
RMR*IK*727620080328*PI*23.4*23.4*0
REF*PO*0020080329
REF*ST*07276
REF*DP*043
DTM*999*20080328
RMR*IK*727620080330*PI*2.4*2.4*0
REF*PO*0020080331
REF*ST*07276
REF*DP*043
DTM*999*20080330
RMR*IK*727620080331*PI*4.8*4.8*0
REF*PO*0020080401
REF*ST*07276
REF*DP*043
DTM*999*20080331
RMR*IK*727620080401*PI*47.85*47.85*0
REF*PO*0020080402
REF*ST*07276
REF*DP*043
DTM*999*20080401
RMR*IK*727620080402*PI*26.75*26.75*0
REF*PO*0020080403
REF*ST*07276
REF*DP*043
DTM*999*20080402
RMR*IK*727820080327*PI*85.47*85.47*0
REF*PO*0020080328
REF*ST*07278
REF*DP*043
DTM*999*20080327
RMR*IK*727820080328*PI*259.96*259.96*0
REF*PO*0020080329
REF*ST*07278
REF*DP*043
DTM*999*20080328
RMR*IK*727820080329*PI*25.27*25.27*0
REF*PO*0020080330
REF*ST*07278
REF*DP*043
DTM*999*20080329
RMR*IK*727820080330*PI*8.9*8.9*0
REF*PO*0020080331
REF*ST*07278
REF*DP*043
DTM*999*20080330
RMR*IK*727820080331*PI*8.3*8.3*0
REF*PO*0020080401
REF*ST*07278
REF*DP*043
DTM*999*20080331
RMR*IK*727820080401*PI*39.94*39.94*0
REF*PO*0020080402
REF*ST*07278
REF*DP*043
DTM*999*20080401
RMR*IK*727820080402*PI*62.32*62.32*0
REF*PO*0020080403
REF*ST*07278
REF*DP*043
DTM*999*20080402
RMR*IK*735120080327*PI*4.8*4.8*0
REF*PO*0020080328
REF*ST*07351
REF*DP*043
DTM*999*20080327
RMR*IK*735120080328*PI*25.05*25.05*0
REF*PO*0020080329
REF*ST*07351
REF*DP*043
DTM*999*20080328
RMR*IK*735120080329*PI*14.95*14.95*0
REF*PO*0020080330
REF*ST*07351
REF*DP*043
DTM*999*20080329
RMR*IK*735120080330*PI*2.4*2.4*0
REF*PO*0020080331
REF*ST*07351
REF*DP*043
DTM*999*20080330
RMR*IK*735120080331*PI*23.5*23.5*0
REF*PO*0020080401
REF*ST*07351
REF*DP*043
DTM*999*20080331
RMR*IK*735120080401*PI*4.8*4.8*0
REF*PO*0020080402
REF*ST*07351
REF*DP*043
DTM*999*20080401
RMR*IK*735120080402*PI*74.25*74.25*0
REF*PO*0020080403
REF*ST*07351
REF*DP*043
DTM*999*20080402
RMR*IK*735320080327*PI*7.2*7.2*0
REF*PO*0020080328
REF*ST*07353
REF*DP*043
DTM*999*20080327
RMR*IK*735320080328*PI*22.8*22.8*0
REF*PO*0020080329
REF*ST*07353
REF*DP*043
DTM*999*20080328
RMR*IK*735320080329*PI*14.4*14.4*0
REF*PO*0020080330
REF*ST*07353
REF*DP*043
DTM*999*20080329
RMR*IK*735320080330*PI*10.2*10.2*0
REF*PO*0020080331
REF*ST*07353
REF*DP*043
DTM*999*20080330
RMR*IK*735320080331*PI*14.4*14.4*0
REF*PO*0020080401
REF*ST*07353
REF*DP*043
DTM*999*20080331
RMR*IK*735320080401*PI*79.8*79.8*0
REF*PO*0020080402
REF*ST*07353
REF*DP*043
DTM*999*20080401
RMR*IK*735320080402*PI*79.3*79.3*0
REF*PO*0020080403
REF*ST*07353
REF*DP*043
DTM*999*20080402
RMR*IK*735420080327*PI*22.4*22.4*0
REF*PO*0020080328
REF*ST*07354
REF*DP*043
DTM*999*20080327
RMR*IK*735420080329*PI*21.55*21.55*0
REF*PO*0020080330
REF*ST*07354
REF*DP*043
DTM*999*20080329
RMR*IK*735420080330*PI*13.1*13.1*0
REF*PO*0020080331
REF*ST*07354
REF*DP*043
DTM*999*20080330
RMR*IK*735420080331*PI*36*36*0
REF*PO*0020080401
REF*ST*07354
REF*DP*043
DTM*999*20080331
RMR*IK*735420080401*PI*1.2*1.2*0
REF*PO*0020080402
REF*ST*07354
REF*DP*043
DTM*999*20080401
RMR*IK*735820080327*PI*117.04*117.04*0
REF*PO*0020080328
REF*ST*07358
REF*DP*043
DTM*999*20080327
RMR*IK*735820080328*PI*65.84*65.84*0
REF*PO*0020080329
REF*ST*07358
REF*DP*043
DTM*999*20080328
RMR*IK*735820080329*PI*40.45*40.45*0
REF*PO*0020080330
REF*ST*07358
REF*DP*043
DTM*999*20080329
RMR*IK*735820080330*PI*67.48*67.48*0
REF*PO*0020080331
REF*ST*07358
REF*DP*043
DTM*999*20080330
RMR*IK*735820080331*PI*75.07*75.07*0
REF*PO*0020080401
REF*ST*07358
REF*DP*043
DTM*999*20080331
RMR*IK*735820080401*PI*96.91*96.91*0
REF*PO*0020080402
REF*ST*07358
REF*DP*043
DTM*999*20080401
RMR*IK*735820080402*PI*142.54*142.54*0
REF*PO*0020080403
REF*ST*07358
REF*DP*043
DTM*999*20080402
RMR*IK*736220080327*PI*29.75*29.75*0
REF*PO*0020080328
REF*ST*07362
REF*DP*043
DTM*999*20080327
RMR*IK*736220080328*PI*14.4*14.4*0
REF*PO*0020080329
REF*ST*07362
REF*DP*043
DTM*999*20080328
RMR*IK*736220080329*PI*80.55*80.55*0
REF*PO*0020080330
REF*ST*07362
REF*DP*043
DTM*999*20080329
RMR*IK*736220080330*PI*29.2*29.2*0
REF*PO*0020080331
REF*ST*07362
REF*DP*043
DTM*999*20080330
RMR*IK*736220080331*PI*18.4*18.4*0
REF*PO*0020080401
REF*ST*07362
REF*DP*043
DTM*999*20080331
RMR*IK*736220080401*PI*111.55*111.55*0
REF*PO*0020080402
REF*ST*07362
REF*DP*043
DTM*999*20080401
RMR*IK*736220080402*PI*84.1*84.1*0
REF*PO*0020080403
REF*ST*07362
REF*DP*043
DTM*999*20080402
RMR*IK*738220080327*PI*4.8*4.8*0
REF*PO*0020080328
REF*ST*07382
REF*DP*043
DTM*999*20080327
RMR*IK*738220080328*PI*6*6*0
REF*PO*0020080329
REF*ST*07382
REF*DP*043
DTM*999*20080328
RMR*IK*738220080329*PI*4.8*4.8*0
REF*PO*0020080330
REF*ST*07382
REF*DP*043
DTM*999*20080329
RMR*IK*738220080331*PI*3.6*3.6*0
REF*PO*0020080401
REF*ST*07382
REF*DP*043
DTM*999*20080331
RMR*IK*738220080401*PI*26.8*26.8*0
REF*PO*0020080402
REF*ST*07382
REF*DP*043
DTM*999*20080401
RMR*IK*738220080402*PI*12*12*0
REF*PO*0020080403
REF*ST*07382
REF*DP*043
DTM*999*20080402
RMR*IK*738820080327*PI*81.68*81.68*0
REF*PO*0020080328
REF*ST*07388
REF*DP*043
DTM*999*20080327
RMR*IK*738820080328*PI*29.4*29.4*0
REF*PO*0020080329
REF*ST*07388
REF*DP*043
DTM*999*20080328
RMR*IK*738820080329*PI*84.56*84.56*0
REF*PO*0020080330
REF*ST*07388
REF*DP*043
DTM*999*20080329
RMR*IK*738820080330*PI*45.4*45.4*0
REF*PO*0020080331
REF*ST*07388
REF*DP*043
DTM*999*20080330
RMR*IK*738820080331*PI*27.24*27.24*0
REF*PO*0020080401
REF*ST*07388
REF*DP*043
DTM*999*20080331
RMR*IK*738820080401*PI*175.66*175.66*0
REF*PO*0020080402
REF*ST*07388
REF*DP*043
DTM*999*20080401
RMR*IK*738820080402*PI*127.85*127.85*0
REF*PO*0020080403
REF*ST*07388
REF*DP*043
DTM*999*20080402
RMR*IK*740720080327*PI*83.67*83.67*0
REF*PO*0020080328
REF*ST*07407
REF*DP*043
DTM*999*20080327
RMR*IK*740720080328*PI*209.1*209.1*0
REF*PO*0020080329
REF*ST*07407
REF*DP*043
DTM*999*20080328
RMR*IK*740720080329*PI*75.32*75.32*0
REF*PO*0020080330
REF*ST*07407
REF*DP*043
DTM*999*20080329
RMR*IK*740720080330*PI*1.2*1.2*0
REF*PO*0020080331
REF*ST*07407
REF*DP*043
DTM*999*20080330
RMR*IK*740720080331*PI*10.15*10.15*0
REF*PO*0020080401
REF*ST*07407
REF*DP*043
DTM*999*20080331
RMR*IK*740720080401*PI*104.68*104.68*0
REF*PO*0020080402
REF*ST*07407
REF*DP*043
DTM*999*20080401
RMR*IK*740720080402*PI*67.3*67.3*0
REF*PO*0020080403
REF*ST*07407
REF*DP*043
DTM*999*20080402
RMR*IK*743720080327*PI*1.2*1.2*0
REF*PO*0020080328
REF*ST*07437
REF*DP*043
DTM*999*20080327
RMR*IK*743720080328*PI*7.1*7.1*0
REF*PO*0020080329
REF*ST*07437
REF*DP*043
DTM*999*20080328
RMR*IK*743720080331*PI*7.2*7.2*0
REF*PO*0020080401
REF*ST*07437
REF*DP*043
DTM*999*20080331
RMR*IK*743720080401*PI*9.6*9.6*0
REF*PO*0020080402
REF*ST*07437
REF*DP*043
DTM*999*20080401
RMR*IK*743720080402*PI*16.7*16.7*0
REF*PO*0020080403
REF*ST*07437
REF*DP*043
DTM*999*20080402
RMR*IK*746020080327*PI*35.8*35.8*0
REF*PO*0020080328
REF*ST*07460
REF*DP*043
DTM*999*20080327
RMR*IK*746020080328*PI*65.9*65.9*0
REF*PO*0020080329
REF*ST*07460
REF*DP*043
DTM*999*20080328
RMR*IK*746020080329*PI*45.97*45.97*0
REF*PO*0020080330
REF*ST*07460
REF*DP*043
DTM*999*20080329
RMR*IK*746020080330*PI*74.13*74.13*0
REF*PO*0020080331
REF*ST*07460
REF*DP*043
DTM*999*20080330
RMR*IK*746020080331*PI*20.4*20.4*0
REF*PO*0020080401
REF*ST*07460
REF*DP*043
DTM*999*20080331
RMR*IK*746020080401*PI*61.44*61.44*0
REF*PO*0020080402
REF*ST*07460
REF*DP*043
DTM*999*20080401
RMR*IK*746020080402*PI*137.21*137.21*0
REF*PO*0020080403
REF*ST*07460
REF*DP*043
DTM*999*20080402
RMR*IK*746120080327*PI*9.6*9.6*0
REF*PO*0020080328
REF*ST*07461
REF*DP*043
DTM*999*20080327
RMR*IK*746120080328*PI*10.4*10.4*0
REF*PO*0020080329
REF*ST*07461
REF*DP*043
DTM*999*20080328
RMR*IK*746120080329*PI*23.05*23.05*0
REF*PO*0020080330
REF*ST*07461
REF*DP*043
DTM*999*20080329
RMR*IK*746120080330*PI*14.15*14.15*0
REF*PO*0020080331
REF*ST*07461
REF*DP*043
DTM*999*20080330
RMR*IK*746120080331*PI*75.1*75.1*0
REF*PO*0020080401
REF*ST*07461
REF*DP*043
DTM*999*20080331
RMR*IK*746120080401*PI*25.75*25.75*0
REF*PO*0020080402
REF*ST*07461
REF*DP*043
DTM*999*20080401
RMR*IK*746120080402*PI*47.9*47.9*0
REF*PO*0020080403
REF*ST*07461
REF*DP*043
DTM*999*20080402
RMR*IK*755820080327*PI*67.52*67.52*0
REF*PO*0020080328
REF*ST*07558
REF*DP*043
DTM*999*20080327
RMR*IK*755820080328*PI*124.64*124.64*0
REF*PO*0020080329
REF*ST*07558
REF*DP*043
DTM*999*20080328
RMR*IK*755820080329*PI*202.54*202.54*0
REF*PO*0020080330
REF*ST*07558
REF*DP*043
DTM*999*20080329
RMR*IK*755820080330*PI*133.45*133.45*0
REF*PO*0020080331
REF*ST*07558
REF*DP*043
DTM*999*20080330
RMR*IK*755820080331*PI*88.4*88.4*0
REF*PO*0020080401
REF*ST*07558
REF*DP*043
DTM*999*20080331
RMR*IK*755820080401*PI*105.38*105.38*0
REF*PO*0020080402
REF*ST*07558
REF*DP*043
DTM*999*20080401
RMR*IK*755820080402*PI*85*85*0
REF*PO*0020080403
REF*ST*07558
REF*DP*043
DTM*999*20080402
RMR*IK*760720080327*PI*10.75*10.75*0
REF*PO*0020080328
REF*ST*07607
REF*DP*043
DTM*999*20080327
RMR*IK*760720080328*PI*19.65*19.65*0
REF*PO*0020080329
REF*ST*07607
REF*DP*043
DTM*999*20080328
RMR*IK*760720080329*PI*27.75*27.75*0
REF*PO*0020080330
REF*ST*07607
REF*DP*043
DTM*999*20080329
RMR*IK*760720080330*PI*10.4*10.4*0
REF*PO*0020080331
REF*ST*07607
REF*DP*043
DTM*999*20080330
RMR*IK*760720080331*PI*56.85*56.85*0
REF*PO*0020080401
REF*ST*07607
REF*DP*043
DTM*999*20080331
RMR*IK*760720080401*PI*62.35*62.35*0
REF*PO*0020080402
REF*ST*07607
REF*DP*043
DTM*999*20080401
RMR*IK*760720080402*PI*85.35*85.35*0
REF*PO*0020080403
REF*ST*07607
REF*DP*043
DTM*999*20080402
RMR*IK*761020080327*PI*62.75*62.75*0
REF*PO*0020080328
REF*ST*07610
REF*DP*043
DTM*999*20080327
RMR*IK*761020080328*PI*114.95*114.95*0
REF*PO*0020080329
REF*ST*07610
REF*DP*043
DTM*999*20080328
RMR*IK*761020080329*PI*87.52*87.52*0
REF*PO*0020080330
REF*ST*07610
REF*DP*043
DTM*999*20080329
RMR*IK*761020080330*PI*44.15*44.15*0
REF*PO*0020080331
REF*ST*07610
REF*DP*043
DTM*999*20080330
RMR*IK*761020080331*PI*30.55*30.55*0
REF*PO*0020080401
REF*ST*07610
REF*DP*043
DTM*999*20080331
RMR*IK*761020080401*PI*82.7*82.7*0
REF*PO*0020080402
REF*ST*07610
REF*DP*043
DTM*999*20080401
RMR*IK*761020080402*PI*150.67*150.67*0
REF*PO*0020080403
REF*ST*07610
REF*DP*043
DTM*999*20080402
RMR*IK*762220080327*PI*9.6*9.6*0
REF*PO*0020080328
REF*ST*07622
REF*DP*043
DTM*999*20080327
RMR*IK*762220080329*PI*1.2*1.2*0
REF*PO*0020080330
REF*ST*07622
REF*DP*043
DTM*999*20080329
RMR*IK*762220080330*PI*13.2*13.2*0
REF*PO*0020080331
REF*ST*07622
REF*DP*043
DTM*999*20080330
RMR*IK*762220080331*PI*4.8*4.8*0
REF*PO*0020080401
REF*ST*07622
REF*DP*043
DTM*999*20080331
RMR*IK*762220080401*PI*47.3*47.3*0
REF*PO*0020080402
REF*ST*07622
REF*DP*043
DTM*999*20080401
RMR*IK*762220080402*PI*89.9*89.9*0
REF*PO*0020080403
REF*ST*07622
REF*DP*043
DTM*999*20080402
RMR*IK*762620080328*PI*15*15*0
REF*PO*0020080329
REF*ST*07626
REF*DP*043
DTM*999*20080328
RMR*IK*762620080329*PI*13.2*13.2*0
REF*PO*0020080330
REF*ST*07626
REF*DP*043
DTM*999*20080329
RMR*IK*762620080330*PI*1.2*1.2*0
REF*PO*0020080331
REF*ST*07626
REF*DP*043
DTM*999*20080330
RMR*IK*762620080401*PI*20.4*20.4*0
REF*PO*0020080402
REF*ST*07626
REF*DP*043
DTM*999*20080401
RMR*IK*762620080402*PI*16.3*16.3*0
REF*PO*0020080403
REF*ST*07626
REF*DP*043
DTM*999*20080402
RMR*IK*762920080327*PI*9.77*9.77*0
REF*PO*0020080328
REF*ST*07629
REF*DP*043
DTM*999*20080327
RMR*IK*762920080328*PI*25.56*25.56*0
REF*PO*0020080329
REF*ST*07629
REF*DP*043
DTM*999*20080328
RMR*IK*762920080329*PI*14.4*14.4*0
REF*PO*0020080330
REF*ST*07629
REF*DP*043
DTM*999*20080329
RMR*IK*762920080330*PI*3.2*3.2*0
REF*PO*0020080331
REF*ST*07629
REF*DP*043
DTM*999*20080330
RMR*IK*762920080331*PI*35.5*35.5*0
REF*PO*0020080401
REF*ST*07629
REF*DP*043
DTM*999*20080331
RMR*IK*762920080401*PI*16.75*16.75*0
REF*PO*0020080402
REF*ST*07629
REF*DP*043
DTM*999*20080401
RMR*IK*762920080402*PI*77.81*77.81*0
REF*PO*0020080403
REF*ST*07629
REF*DP*043
DTM*999*20080402
RMR*IK*763720080327*PI*24.25*24.25*0
REF*PO*0020080328
REF*ST*07637
REF*DP*043
DTM*999*20080327
RMR*IK*763720080328*PI*45.68*45.68*0
REF*PO*0020080329
REF*ST*07637
REF*DP*043
DTM*999*20080328
RMR*IK*763720080329*PI*44.55*44.55*0
REF*PO*0020080330
REF*ST*07637
REF*DP*043
DTM*999*20080329
RMR*IK*763720080330*PI*12.95*12.95*0
REF*PO*0020080331
REF*ST*07637
REF*DP*043
DTM*999*20080330
RMR*IK*763720080331*PI*44.42*44.42*0
REF*PO*0020080401
REF*ST*07637
REF*DP*043
DTM*999*20080331
RMR*IK*763720080401*PI*29.72*29.72*0
REF*PO*0020080402
REF*ST*07637
REF*DP*043
DTM*999*20080401
RMR*IK*763720080402*PI*58.59*58.59*0
REF*PO*0020080403
REF*ST*07637
REF*DP*043
DTM*999*20080402
RMR*IK*771820080327*PI*131.87*131.87*0
REF*PO*0020080328
REF*ST*07718
REF*DP*043
DTM*999*20080327
RMR*IK*771820080328*PI*33.5*33.5*0
REF*PO*0020080329
REF*ST*07718
REF*DP*043
DTM*999*20080328
RMR*IK*771820080329*PI*73.03*73.03*0
REF*PO*0020080330
REF*ST*07718
REF*DP*043
DTM*999*20080329
RMR*IK*771820080330*PI*103.51*103.51*0
REF*PO*0020080331
REF*ST*07718
REF*DP*043
DTM*999*20080330
RMR*IK*771820080331*PI*52.52*52.52*0
REF*PO*0020080401
REF*ST*07718
REF*DP*043
DTM*999*20080331
RMR*IK*771820080401*PI*80.51*80.51*0
REF*PO*0020080402
REF*ST*07718
REF*DP*043
DTM*999*20080401
RMR*IK*771820080402*PI*133.84*133.84*0
REF*PO*0020080403
REF*ST*07718
REF*DP*043
DTM*999*20080402
RMR*IK*771920080327*PI*119.41*119.41*0
REF*PO*0020080328
REF*ST*07719
REF*DP*043
DTM*999*20080327
RMR*IK*771920080328*PI*86.61*86.61*0
REF*PO*0020080329
REF*ST*07719
REF*DP*043
DTM*999*20080328
RMR*IK*771920080329*PI*221.97*221.97*0
REF*PO*0020080330
REF*ST*07719
REF*DP*043
DTM*999*20080329
RMR*IK*771920080330*PI*98.15*98.15*0
REF*PO*0020080331
REF*ST*07719
REF*DP*043
DTM*999*20080330
RMR*IK*771920080331*PI*116.1*116.1*0
REF*PO*0020080401
REF*ST*07719
REF*DP*043
DTM*999*20080331
RMR*IK*771920080401*PI*76.13*76.13*0
REF*PO*0020080402
REF*ST*07719
REF*DP*043
DTM*999*20080401
RMR*IK*771920080402*PI*266.32*266.32*0
REF*PO*0020080403
REF*ST*07719
REF*DP*043
DTM*999*20080402
RMR*IK*775420080327*PI*103.32*103.32*0
REF*PO*0020080328
REF*ST*07754
REF*DP*043
DTM*999*20080327
RMR*IK*775420080328*PI*87.88*87.88*0
REF*PO*0020080329
REF*ST*07754
REF*DP*043
DTM*999*20080328
RMR*IK*775420080329*PI*21.27*21.27*0
REF*PO*0020080330
REF*ST*07754
REF*DP*043
DTM*999*20080329
RMR*IK*775420080330*PI*1.2*1.2*0
REF*PO*0020080331
REF*ST*07754
REF*DP*043
DTM*999*20080330
RMR*IK*775420080331*PI*23.44*23.44*0
REF*PO*0020080401
REF*ST*07754
REF*DP*043
DTM*999*20080331
RMR*IK*775420080401*PI*40.86*40.86*0
REF*PO*0020080402
REF*ST*07754
REF*DP*043
DTM*999*20080401
RMR*IK*775420080402*PI*77.97*77.97*0
REF*PO*0020080403
REF*ST*07754
REF*DP*043
DTM*999*20080402
RMR*IK*912920080327*PI*20.95*20.95*0
REF*PO*0020080328
REF*ST*09129
REF*DP*043
DTM*999*20080327
RMR*IK*912920080328*PI*39.65*39.65*0
REF*PO*0020080329
REF*ST*09129
REF*DP*043
DTM*999*20080328
RMR*IK*912920080329*PI*7.15*7.15*0
REF*PO*0020080330
REF*ST*09129
REF*DP*043
DTM*999*20080329
RMR*IK*912920080330*PI*2.4*2.4*0
REF*PO*0020080331
REF*ST*09129
REF*DP*043
DTM*999*20080330
RMR*IK*912920080331*PI*2.4*2.4*0
REF*PO*0020080401
REF*ST*09129
REF*DP*043
DTM*999*20080331
RMR*IK*912920080401*PI*3.6*3.6*0
REF*PO*0020080402
REF*ST*09129
REF*DP*043
DTM*999*20080401
RMR*IK*912920080402*PI*9.2*9.2*0
REF*PO*0020080403
REF*ST*09129
REF*DP*043
DTM*999*20080402
RMR*IK*921720080327*PI*70.26*70.26*0
REF*PO*0020080328
REF*ST*09217
REF*DP*043
DTM*999*20080327
RMR*IK*921720080328*PI*129.29*129.29*0
REF*PO*0020080329
REF*ST*09217
REF*DP*043
DTM*999*20080328
RMR*IK*921720080329*PI*90.33*90.33*0
REF*PO*0020080330
REF*ST*09217
REF*DP*043
DTM*999*20080329
RMR*IK*921720080330*PI*37.85*37.85*0
REF*PO*0020080331
REF*ST*09217
REF*DP*043
DTM*999*20080330
RMR*IK*921720080331*PI*102.09*102.09*0
REF*PO*0020080401
REF*ST*09217
REF*DP*043
DTM*999*20080331
RMR*IK*921720080401*PI*114.45*114.45*0
REF*PO*0020080402
REF*ST*09217
REF*DP*043
DTM*999*20080401
RMR*IK*921720080402*PI*51.7*51.7*0
REF*PO*0020080403
REF*ST*09217
REF*DP*043
DTM*999*20080402
RMR*IK*932020080327*PI*8.48*8.48*0
REF*PO*0020080328
REF*ST*09320
REF*DP*043
DTM*999*20080327
RMR*IK*932020080328*PI*15.55*15.55*0
REF*PO*0020080329
REF*ST*09320
REF*DP*043
DTM*999*20080328
RMR*IK*932020080330*PI*11*11*0
REF*PO*0020080331
REF*ST*09320
REF*DP*043
DTM*999*20080330
RMR*IK*932020080331*PI*2.4*2.4*0
REF*PO*0020080401
REF*ST*09320
REF*DP*043
DTM*999*20080331
RMR*IK*932020080401*PI*2.36*2.36*0
REF*PO*0020080402
REF*ST*09320
REF*DP*043
DTM*999*20080401
RMR*IK*932020080402*PI*39.6*39.6*0
REF*PO*0020080403
REF*ST*09320
REF*DP*043
DTM*999*20080402
RMR*IK*951320080327*PI*28.8*28.8*0
REF*PO*0020080328
REF*ST*09513
REF*DP*043
DTM*999*20080327
RMR*IK*951320080328*PI*18.65*18.65*0
REF*PO*0020080329
REF*ST*09513
REF*DP*043
DTM*999*20080328
RMR*IK*951320080329*PI*50.9*50.9*0
REF*PO*0020080330
REF*ST*09513
REF*DP*043
DTM*999*20080329
RMR*IK*951320080330*PI*14.05*14.05*0
REF*PO*0020080331
REF*ST*09513
REF*DP*043
DTM*999*20080330
RMR*IK*951320080331*PI*3.6*3.6*0
REF*PO*0020080401
REF*ST*09513
REF*DP*043
DTM*999*20080331
RMR*IK*951320080401*PI*16*16*0
REF*PO*0020080402
REF*ST*09513
REF*DP*043
DTM*999*20080401
RMR*IK*951320080402*PI*22.7*22.7*0
REF*PO*0020080403
REF*ST*09513
REF*DP*043
DTM*999*20080402
RMR*IK*954720080327*PI*9.6*9.6*0
REF*PO*0020080328
REF*ST*09547
REF*DP*043
DTM*999*20080327
RMR*IK*954720080328*PI*20.3*20.3*0
REF*PO*0020080329
REF*ST*09547
REF*DP*043
DTM*999*20080328
RMR*IK*954720080329*PI*9.55*9.55*0
REF*PO*0020080330
REF*ST*09547
REF*DP*043
DTM*999*20080329
RMR*IK*954720080331*PI*36.3*36.3*0
REF*PO*0020080401
REF*ST*09547
REF*DP*043
DTM*999*20080331
RMR*IK*954720080401*PI*6*6*0
REF*PO*0020080402
REF*ST*09547
REF*DP*043
DTM*999*20080401
RMR*IK*954720080402*PI*9.6*9.6*0
REF*PO*0020080403
REF*ST*09547
REF*DP*043
DTM*999*20080402
RMR*IK*954920080327*PI*11.16*11.16*0
REF*PO*0020080328
REF*ST*09549
REF*DP*043
DTM*999*20080327
RMR*IK*954920080328*PI*43.76*43.76*0
REF*PO*0020080329
REF*ST*09549
REF*DP*043
DTM*999*20080328
RMR*IK*954920080330*PI*11.95*11.95*0
REF*PO*0020080331
REF*ST*09549
REF*DP*043
DTM*999*20080330
RMR*IK*954920080401*PI*10.8*10.8*0
REF*PO*0020080402
REF*ST*09549
REF*DP*043
DTM*999*20080401
RMR*IK*954920080402*PI*42.79*42.79*0
REF*PO*0020080403
REF*ST*09549
REF*DP*043
DTM*999*20080402
RMR*IK*956020080327*PI*1.2*1.2*0
REF*PO*0020080328
REF*ST*09560
REF*DP*043
DTM*999*20080327
RMR*IK*956020080328*PI*9.2*9.2*0
REF*PO*0020080329
REF*ST*09560
REF*DP*043
DTM*999*20080328
RMR*IK*956020080329*PI*14.3*14.3*0
REF*PO*0020080330
REF*ST*09560
REF*DP*043
DTM*999*20080329
RMR*IK*956020080330*PI*3.6*3.6*0
REF*PO*0020080331
REF*ST*09560
REF*DP*043
DTM*999*20080330
RMR*IK*956020080401*PI*24*24*0
REF*PO*0020080402
REF*ST*09560
REF*DP*043
DTM*999*20080401
RMR*IK*956020080402*PI*8.4*8.4*0
REF*PO*0020080403
REF*ST*09560
REF*DP*043
DTM*999*20080402
RMR*IK*956320080327*PI*57.13*57.13*0
REF*PO*0020080328
REF*ST*09563
REF*DP*043
DTM*999*20080327
RMR*IK*956320080328*PI*70.3*70.3*0
REF*PO*0020080329
REF*ST*09563
REF*DP*043
DTM*999*20080328
RMR*IK*956320080329*PI*3.6*3.6*0
REF*PO*0020080330
REF*ST*09563
REF*DP*043
DTM*999*20080329
RMR*IK*956320080330*PI*19.15*19.15*0
REF*PO*0020080331
REF*ST*09563
REF*DP*043
DTM*999*20080330
RMR*IK*956320080331*PI*8.35*8.35*0
REF*PO*0020080401
REF*ST*09563
REF*DP*043
DTM*999*20080331
RMR*IK*956320080401*PI*34.75*34.75*0
REF*PO*0020080402
REF*ST*09563
REF*DP*043
DTM*999*20080401
RMR*IK*956320080402*PI*12.55*12.55*0
REF*PO*0020080403
REF*ST*09563
REF*DP*043
DTM*999*20080402
RMR*IK*957120080327*PI*33.93*33.93*0
REF*PO*0020080328
REF*ST*09571
REF*DP*043
DTM*999*20080327
RMR*IK*957120080328*PI*88.6*88.6*0
REF*PO*0020080329
REF*ST*09571
REF*DP*043
DTM*999*20080328
RMR*IK*957120080329*PI*116.55*116.55*0
REF*PO*0020080330
REF*ST*09571
REF*DP*043
DTM*999*20080329
RMR*IK*957120080330*PI*58.91*58.91*0
REF*PO*0020080331
REF*ST*09571
REF*DP*043
DTM*999*20080330
RMR*IK*957120080331*PI*67.99*67.99*0
REF*PO*0020080401
REF*ST*09571
REF*DP*043
DTM*999*20080331
RMR*IK*957120080401*PI*47.25*47.25*0
REF*PO*0020080402
REF*ST*09571
REF*DP*043
DTM*999*20080401
RMR*IK*957120080402*PI*99.15*99.15*0
REF*PO*0020080403
REF*ST*09571
REF*DP*043
DTM*999*20080402
RMR*IK*957120080419*PI*-21.5*-21.5*0
REF*PO*0020080421
REF*ST*09571
REF*DP*043
DTM*999*20080419
RMR*IK*962020080327*PI*66.45*66.45*0
REF*PO*0020080328
REF*ST*09620
REF*DP*043
DTM*999*20080327
RMR*IK*962020080328*PI*53.72*53.72*0
REF*PO*0020080329
REF*ST*09620
REF*DP*043
DTM*999*20080328
RMR*IK*962020080329*PI*177.65*177.65*0
REF*PO*0020080330
REF*ST*09620
REF*DP*043
DTM*999*20080329
RMR*IK*962020080330*PI*36.15*36.15*0
REF*PO*0020080331
REF*ST*09620
REF*DP*043
DTM*999*20080330
RMR*IK*962020080331*PI*51.04*51.04*0
REF*PO*0020080401
REF*ST*09620
REF*DP*043
DTM*999*20080331
RMR*IK*962020080401*PI*87.33*87.33*0
REF*PO*0020080402
REF*ST*09620
REF*DP*043
DTM*999*20080401
RMR*IK*962020080402*PI*93.75*93.75*0
REF*PO*0020080403
REF*ST*09620
REF*DP*043
DTM*999*20080402
RMR*IK*962120080327*PI*26.3*26.3*0
REF*PO*0020080328
REF*ST*09621
REF*DP*043
DTM*999*20080327
RMR*IK*962120080328*PI*85.04*85.04*0
REF*PO*0020080329
REF*ST*09621
REF*DP*043
DTM*999*20080328
RMR*IK*962120080329*PI*34.35*34.35*0
REF*PO*0020080330
REF*ST*09621
REF*DP*043
DTM*999*20080329
RMR*IK*962120080330*PI*37.56*37.56*0
REF*PO*0020080331
REF*ST*09621
REF*DP*043
DTM*999*20080330
RMR*IK*962120080331*PI*62.6*62.6*0
REF*PO*0020080401
REF*ST*09621
REF*DP*043
DTM*999*20080331
RMR*IK*962120080401*PI*14.64*14.64*0
REF*PO*0020080402
REF*ST*09621
REF*DP*043
DTM*999*20080401
RMR*IK*962120080402*PI*42*42*0
REF*PO*0020080403
REF*ST*09621
REF*DP*043
DTM*999*20080402
RMR*IK*962220080327*PI*20.25*20.25*0
REF*PO*0020080328
REF*ST*09622
REF*DP*043
DTM*999*20080327
RMR*IK*962220080328*PI*51.45*51.45*0
REF*PO*0020080329
REF*ST*09622
REF*DP*043
DTM*999*20080328
RMR*IK*962220080329*PI*27.6*27.6*0
REF*PO*0020080330
REF*ST*09622
REF*DP*043
DTM*999*20080329
RMR*IK*962220080330*PI*46.35*46.35*0
REF*PO*0020080331
REF*ST*09622
REF*DP*043
DTM*999*20080330
RMR*IK*962220080331*PI*9.6*9.6*0
REF*PO*0020080401
REF*ST*09622
REF*DP*043
DTM*999*20080331
RMR*IK*962220080401*PI*135.45*135.45*0
REF*PO*0020080402
REF*ST*09622
REF*DP*043
DTM*999*20080401
RMR*IK*962220080402*PI*53.75*53.75*0
REF*PO*0020080403
REF*ST*09622
REF*DP*043
DTM*999*20080402
RMR*IK*962520080327*PI*55.35*55.35*0
REF*PO*0020080328
REF*ST*09625
REF*DP*043
DTM*999*20080327
RMR*IK*962520080328*PI*137.34*137.34*0
REF*PO*0020080329
REF*ST*09625
REF*DP*043
DTM*999*20080328
RMR*IK*962520080329*PI*77.55*77.55*0
REF*PO*0020080330
REF*ST*09625
REF*DP*043
DTM*999*20080329
RMR*IK*962520080330*PI*17.2*17.2*0
REF*PO*0020080331
REF*ST*09625
REF*DP*043
DTM*999*20080330
RMR*IK*962520080331*PI*86.51*86.51*0
REF*PO*0020080401
REF*ST*09625
REF*DP*043
DTM*999*20080331
RMR*IK*962520080401*PI*90.25*90.25*0
REF*PO*0020080402
REF*ST*09625
REF*DP*043
DTM*999*20080401
RMR*IK*962520080402*PI*152.42*152.42*0
REF*PO*0020080403
REF*ST*09625
REF*DP*043
DTM*999*20080402
RMR*IK*962920080327*PI*47.65*47.65*0
REF*PO*0020080328
REF*ST*09629
REF*DP*043
DTM*999*20080327
RMR*IK*962920080328*PI*34.15*34.15*0
REF*PO*0020080329
REF*ST*09629
REF*DP*043
DTM*999*20080328
RMR*IK*962920080329*PI*17.95*17.95*0
REF*PO*0020080330
REF*ST*09629
REF*DP*043
DTM*999*20080329
RMR*IK*962920080330*PI*26.4*26.4*0
REF*PO*0020080331
REF*ST*09629
REF*DP*043
DTM*999*20080330
RMR*IK*962920080331*PI*43.6*43.6*0
REF*PO*0020080401
REF*ST*09629
REF*DP*043
DTM*999*20080331
RMR*IK*962920080401*PI*70.44*70.44*0
REF*PO*0020080402
REF*ST*09629
REF*DP*043
DTM*999*20080401
RMR*IK*962920080402*PI*95.04*95.04*0
REF*PO*0020080403
REF*ST*09629
REF*DP*043
DTM*999*20080402
RMR*IK*963320080327*PI*13.2*13.2*0
REF*PO*0020080328
REF*ST*09633
REF*DP*043
DTM*999*20080327
RMR*IK*963320080328*PI*40.6*40.6*0
REF*PO*0020080329
REF*ST*09633
REF*DP*043
DTM*999*20080328
RMR*IK*963320080329*PI*30.75*30.75*0
REF*PO*0020080330
REF*ST*09633
REF*DP*043
DTM*999*20080329
RMR*IK*963320080330*PI*67.55*67.55*0
REF*PO*0020080331
REF*ST*09633
REF*DP*043
DTM*999*20080330
RMR*IK*963320080331*PI*80.85*80.85*0
REF*PO*0020080401
REF*ST*09633
REF*DP*043
DTM*999*20080331
RMR*IK*963320080401*PI*25.75*25.75*0
REF*PO*0020080402
REF*ST*09633
REF*DP*043
DTM*999*20080401
RMR*IK*963320080402*PI*45.15*45.15*0
REF*PO*0020080403
REF*ST*09633
REF*DP*043
DTM*999*20080402
RMR*IK*963920080327*PI*19.1*19.1*0
REF*PO*0020080328
REF*ST*09639
REF*DP*043
DTM*999*20080327
RMR*IK*963920080328*PI*8*8*0
REF*PO*0020080329
REF*ST*09639
REF*DP*043
DTM*999*20080328
RMR*IK*963920080329*PI*12*12*0
REF*PO*0020080330
REF*ST*09639
REF*DP*043
DTM*999*20080329
RMR*IK*963920080330*PI*62*62*0
REF*PO*0020080331
REF*ST*09639
REF*DP*043
DTM*999*20080330
RMR*IK*963920080331*PI*20.8*20.8*0
REF*PO*0020080401
REF*ST*09639
REF*DP*043
DTM*999*20080331
RMR*IK*963920080401*PI*30.1*30.1*0
REF*PO*0020080402
REF*ST*09639
REF*DP*043
DTM*999*20080401
RMR*IK*963920080402*PI*40.55*40.55*0
REF*PO*0020080403
REF*ST*09639
REF*DP*043
DTM*999*20080402
RMR*IK*964820080327*PI*153.73*153.73*0
REF*PO*0020080328
REF*ST*09648
REF*DP*043
DTM*999*20080327
RMR*IK*964820080328*PI*211.73*211.73*0
REF*PO*0020080329
REF*ST*09648
REF*DP*043
DTM*999*20080328
RMR*IK*964820080329*PI*228.2*228.2*0
REF*PO*0020080330
REF*ST*09648
REF*DP*043
DTM*999*20080329
RMR*IK*964820080330*PI*170.44*170.44*0
REF*PO*0020080331
REF*ST*09648
REF*DP*043
DTM*999*20080330
RMR*IK*964820080331*PI*222.15*222.15*0
REF*PO*0020080401
REF*ST*09648
REF*DP*043
DTM*999*20080331
RMR*IK*964820080401*PI*409.06*409.06*0
REF*PO*0020080402
REF*ST*09648
REF*DP*043
DTM*999*20080401
RMR*IK*964820080402*PI*302.7*302.7*0
REF*PO*0020080403
REF*ST*09648
REF*DP*043
DTM*999*20080402
RMR*IK*965720080327*PI*52.2*52.2*0
REF*PO*0020080328
REF*ST*09657
REF*DP*043
DTM*999*20080327
RMR*IK*965720080328*PI*69.71*69.71*0
REF*PO*0020080329
REF*ST*09657
REF*DP*043
DTM*999*20080328
RMR*IK*965720080329*PI*15.96*15.96*0
REF*PO*0020080330
REF*ST*09657
REF*DP*043
DTM*999*20080329
RMR*IK*965720080330*PI*4.8*4.8*0
REF*PO*0020080331
REF*ST*09657
REF*DP*043
DTM*999*20080330
RMR*IK*965720080331*PI*37.2*37.2*0
REF*PO*0020080401
REF*ST*09657
REF*DP*043
DTM*999*20080331
RMR*IK*965720080401*PI*5.6*5.6*0
REF*PO*0020080402
REF*ST*09657
REF*DP*043
DTM*999*20080401
RMR*IK*965720080402*PI*61.32*61.32*0
REF*PO*0020080403
REF*ST*09657
REF*DP*043
DTM*999*20080402
RMR*IK*965720080423*PI*-19.8*-19.8*0
REF*PO*0020080425
REF*ST*09657
REF*DP*043
DTM*999*20080423
RMR*IK*967420080327*PI*28.25*28.25*0
REF*PO*0020080328
REF*ST*09674
REF*DP*043
DTM*999*20080327
RMR*IK*967420080328*PI*119.1*119.1*0
REF*PO*0020080329
REF*ST*09674
REF*DP*043
DTM*999*20080328
RMR*IK*967420080329*PI*25.8*25.8*0
REF*PO*0020080330
REF*ST*09674
REF*DP*043
DTM*999*20080329
RMR*IK*967420080330*PI*47.4*47.4*0
REF*PO*0020080331
REF*ST*09674
REF*DP*043
DTM*999*20080330
RMR*IK*967420080331*PI*51.45*51.45*0
REF*PO*0020080401
REF*ST*09674
REF*DP*043
DTM*999*20080331
RMR*IK*967420080401*PI*95.35*95.35*0
REF*PO*0020080402
REF*ST*09674
REF*DP*043
DTM*999*20080401
RMR*IK*967420080402*PI*109.12*109.12*0
REF*PO*0020080403
REF*ST*09674
REF*DP*043
DTM*999*20080402
RMR*IK*971420080327*PI*104.25*104.25*0
REF*PO*0020080328
REF*ST*09714
REF*DP*043
DTM*999*20080327
RMR*IK*971420080328*PI*135.97*135.97*0
REF*PO*0020080329
REF*ST*09714
REF*DP*043
DTM*999*20080328
RMR*IK*971420080329*PI*233.88*233.88*0
REF*PO*0020080330
REF*ST*09714
REF*DP*043
DTM*999*20080329
RMR*IK*971420080330*PI*128.15*128.15*0
REF*PO*0020080331
REF*ST*09714
REF*DP*043
DTM*999*20080330
RMR*IK*971420080331*PI*85.12*85.12*0
REF*PO*0020080401
REF*ST*09714
REF*DP*043
DTM*999*20080331
RMR*IK*971420080401*PI*131.39*131.39*0
REF*PO*0020080402
REF*ST*09714
REF*DP*043
DTM*999*20080401
RMR*IK*971420080402*PI*110.71*110.71*0
REF*PO*0020080403
REF*ST*09714
REF*DP*043
DTM*999*20080402
RMR*IK*972820080327*PI*12.05*12.05*0
REF*PO*0020080328
REF*ST*09728
REF*DP*043
DTM*999*20080327
RMR*IK*972820080330*PI*7.2*7.2*0
REF*PO*0020080331
REF*ST*09728
REF*DP*043
DTM*999*20080330
RMR*IK*972820080331*PI*4.8*4.8*0
REF*PO*0020080401
REF*ST*09728
REF*DP*043
DTM*999*20080331
RMR*IK*972820080401*PI*13.15*13.15*0
REF*PO*0020080402
REF*ST*09728
REF*DP*043
DTM*999*20080401
RMR*IK*972820080402*PI*32.29*32.29*0
REF*PO*0020080403
REF*ST*09728
REF*DP*043
DTM*999*20080402
RMR*IK*973520080327*PI*16.7*16.7*0
REF*PO*0020080328
REF*ST*09735
REF*DP*043
DTM*999*20080327
RMR*IK*973520080328*PI*80.42*80.42*0
REF*PO*0020080329
REF*ST*09735
REF*DP*043
DTM*999*20080328
RMR*IK*973520080329*PI*7.6*7.6*0
REF*PO*0020080330
REF*ST*09735
REF*DP*043
DTM*999*20080329
RMR*IK*973520080330*PI*14.8*14.8*0
REF*PO*0020080331
REF*ST*09735
REF*DP*043
DTM*999*20080330
RMR*IK*973520080331*PI*9.55*9.55*0
REF*PO*0020080401
REF*ST*09735
REF*DP*043
DTM*999*20080331
RMR*IK*973520080401*PI*49.98*49.98*0
REF*PO*0020080402
REF*ST*09735
REF*DP*043
DTM*999*20080401
RMR*IK*973520080402*PI*30.8*30.8*0
REF*PO*0020080403
REF*ST*09735
REF*DP*043
DTM*999*20080402
RMR*IK*975820080327*PI*51.38*51.38*0
REF*PO*0020080328
REF*ST*09758
REF*DP*043
DTM*999*20080327
RMR*IK*975820080328*PI*74.05*74.05*0
REF*PO*0020080329
REF*ST*09758
REF*DP*043
DTM*999*20080328
RMR*IK*975820080329*PI*54.24*54.24*0
REF*PO*0020080330
REF*ST*09758
REF*DP*043
DTM*999*20080329
RMR*IK*975820080330*PI*67.85*67.85*0
REF*PO*0020080331
REF*ST*09758
REF*DP*043
DTM*999*20080330
RMR*IK*975820080331*PI*58.93*58.93*0
REF*PO*0020080401
REF*ST*09758
REF*DP*043
DTM*999*20080331
RMR*IK*975820080401*PI*81.45*81.45*0
REF*PO*0020080402
REF*ST*09758
REF*DP*043
DTM*999*20080401
RMR*IK*975820080402*PI*135.22*135.22*0
REF*PO*0020080403
REF*ST*09758
REF*DP*043
DTM*999*20080402
SE*4879*0001
GE*1*1000114
IEA*1*001000114
ISA*00*          *00*          *08*9254291001     *12*6154525825     *080429*0420*U*00400*000000328*0*P*>
GS*PD*9254291001*6154525825*20080429*0420*328*X*004010
ST*852*0001
XQ*H*20080429
N9*AD*T00000040
LIN**IN*002904411*ZZ*43*UP*831664001160*****DG*1*VS*00000
ZA*QS***006*20080428
CTP**UCP*.7
SDQ*EA*ZZ*3022*4*3348*3*3685*1*3822*8*3931*5*3978*1*4071*3*7045*3*7064*4*7274*1
SDQ*EA*ZZ*7276*2*7353*2*7354*2*7362*2*7460*1*7629*1*7718*2*9513*1*9622*6*9629*5
SDQ*EA*ZZ*9639*1*9735*1*9758*1
CTT*1
SE*11*0001
ST*852*0002
XQ*H*20080429
N9*AD*T00000040
LIN**IN*002916611*ZZ*43*UP*831664001184*****DG*1*VS*00000
ZA*QS***006*20080428
CTP**UCP*3.4
SDQ*EA*ZZ*3632*1*3644*1*3703*2*3836*1*4883*1*7358*1*7437*1*7719*1*9217*1*9571*1
SDQ*EA*ZZ*9620*2*9633*1
CTT*1
SE*10*0002
ST*852*0003
XQ*H*20080429
N9*AD*T00000040
LIN**IN*016303311*ZZ*43*UP*831664001283*****DG*1*VS*00000
ZA*QS***006*20080428
CTP**UCP*9.5
SDQ*EA*ZZ*3672*1*3703*3*4093*2*4103*1*4244*3*4717*1*4719*7*7132*1*7274*1*7358*3
SDQ*EA*ZZ*7388*1*9513*1*9633*1*9648*2*9758*1
CTT*1
SE*10*0003
ST*852*0004
XQ*H*20080429
N9*AD*T00000040
LIN**IN*025393811*ZZ*43*UP*831664001238*****DG*1*VS*00000
ZA*QS***006*20080427
CTP**UCP*9.25
SDQ*EA*ZZ*5014*1
ZA*QS***006*20080428
CTP**UCP*9.25
SDQ*EA*ZZ*3083*2*3143*1*3147*1*3223*1*3661*1*3703*3*3941*2*3996*1*4016*1*4198*4
SDQ*EA*ZZ*4244*4*4760*1*4769*2*4817*1*7060*1*7066*1*7076*2*7255*1*7274*1*7460*1
SDQ*EA*ZZ*7610*1*7719*1*7754*1*9620*1*9633*3*9639*1*9674*1
LIN**IN*025393811*ZZ*43*UP*831664001238*****DG*5*VS*00000
ZA*QS***006*20080428
CTP**UCP*9.25
SDQ*EA*ZZ*7154*1
CTT*2
SE*18*0004
ST*852*0005
XQ*H*20080429
N9*AD*T00000040
LIN**IN*025395211*ZZ*43*UP*831664001252*****DG*1*VS*00000
ZA*QS***006*20080428
CTP**UCP*8
SDQ*EA*ZZ*3022*2*3083*1*3143*2*3223*2*3646*1*3703*5*3848*1*3975*2*4016*2*4093*6
SDQ*EA*ZZ*4103*2*4189*2*4202*2*4244*2*4719*5*4739*1*4760*1*4769*1*4777*1*4817*6
SDQ*EA*ZZ*4883*2*7059*4*7208*1*7358*2*7461*1*7607*2*7629*1*9217*2*9571*2*9620*1
SDQ*EA*ZZ*9622*1*9625*1*9674*1
CTT*1
SE*12*0005
ST*852*0006
XQ*H*20080429
N9*AD*T00000040
LIN**IN*025397611*ZZ*43*UP*831664001245*****DG*1*VS*00000
ZA*QS***006*20080428
CTP**UCP*5.95
SDQ*EA*ZZ*3773*2*4883*3*7353*1
LIN**IN*025397611*ZZ*43*UP*831664001245*****DG*3*VS*00000
ZA*QS***006*20080428
CTP**UCP*5.95
SDQ*EA*ZZ*3143*8*3223*1*3289*1*3348*4*3408*2*3661*1*3675*2*3701*3*3703*21*3836*2
SDQ*EA*ZZ*3848*1*3957*1*3996*1*4016*5*4071*1*4093*30*4122*2*4189*3*4244*6*4719*1
SDQ*EA*ZZ*4757*4*4760*1*7059*2*7064*1*7066*1*7132*9*7255*2*7362*2*7607*2*7629*1
SDQ*EA*ZZ*7718*6*9620*1*9622*1*9633*12*9648*4*9714*1
LIN**IN*025397611*ZZ*43*UP*831664001245*****DG*8*VS*00000
ZA*QS***006*20080428
CTP**UCP*5.95
SDQ*EA*ZZ*4122*1
CTT*3
SE*20*0006
ST*852*0007
XQ*H*20080429
N9*AD*T00000040
LIN**IN*025408511*ZZ*43*UP*831664001269*****DG*1*VS*00000
ZA*QS***006*20080428
CTP**UCP*4
SDQ*EA*ZZ*3083*1*3408*8*3644*5*3703*5*4093*1*4103*1*4244*3*4717*3*7358*2
CTT*1
SE*9*0007
ST*852*0008
XQ*H*20080429
N9*AD*T00000040
LIN**IN*025412011*ZZ*43*UP*831664001276*****DG*1*VS*00000
ZA*QS***006*20080427
CTP**UCP*2.45
SDQ*EA*ZZ*5023*2*5077*3
ZA*QS***006*20080428
CTP**UCP*2.45
SDQ*EA*ZZ*3083*5*3143*5*3147*1*3223*6*3240*1*3408*3*3428*1*3644*4*3645*4*3661*1
SDQ*EA*ZZ*3672*2*3685*1*3703*6*3822*-2*3848*1*3876*1*3941*2*3966*2*3975*4*3978*1
SDQ*EA*ZZ*4016*10*4071*3*4093*4*4103*1*4122*2*4198*2*4202*15*4312*5*4475*3*4719*3
SDQ*EA*ZZ*4723*1*4769*1*4817*2*4883*1*4970*6*7045*1*7063*5*7066*5*7069*2*7076*1
SDQ*EA*ZZ*7146*2*7154*1*7274*4*7278*6*7351*1*7382*2*7437*3*7460*48*7461*1*7607*1
SDQ*EA*ZZ*7610*6*7622*2*7637*1*7718*4*7754*4*9217*2*9320*6*9513*3*9560*4*9571*2
SDQ*EA*ZZ*9620*16*9622*1*9629*5*9639*2*9648*12*9714*2*9728*1*9735*2
CTT*1
SE*18*0008
ST*852*0009
XQ*H*20080429
N9*AD*T00000040
LIN**IN*033281811*ZZ*43*UP*831664001290*****DG*1*VS*00000
ZA*QS***006*20080428
CTP**UCP*3.4
SDQ*EA*ZZ*3685*1
CTT*1
SE*9*0009
ST*852*0010
XQ*H*20080429
N9*AD*T00000040
LIN**IN*039868311*ZZ*43*UP*831664001405*****DG*1*VS*00000
ZA*QS***006*20080428
CTP**UCP*2.95
SDQ*EA*ZZ*3143*1*3289*1*3359*6*3408*1*3645*1*3646*3*3685*4*3703*9*3713*3*3848*3
SDQ*EA*ZZ*4016*1*4093*5*4122*1*4475*1*4717*7*4719*2*4835*1*4883*5*7060*2*7066*2
SDQ*EA*ZZ*7076*3*7132*1*7208*2*7278*1*7358*3*7388*1*7460*2*7461*3*7607*2*7610*1
SDQ*EA*ZZ*7629*1*7754*1*9620*1*9621*2*9625*2*9648*3*9674*3*9758*1
CTT*1
SE*12*0010
ST*852*0011
XQ*H*20080429
N9*AD*T00000040
LIN**IN*044488711*ZZ*43*UP*831664001306*****DG*1*VS*00000
ZA*QS***006*20080428
CTP**UCP*8.7
SDQ*EA*ZZ*3223*1*3359*1*3646*1*3672*2*3675*1*3848*1*3975*2*3996*1*4093*1*4103*2
SDQ*EA*ZZ*4202*1*4719*3*4760*1*4817*1*4970*5*7358*1*7388*1*7460*3*7610*1*9620*2
CTT*1
SE*10*0011
ST*852*0012
XQ*H*20080429
N9*AD*T00000040
LIN**IN*048848711*ZZ*43*UP*831664001153*****DG*1*VS*00000
ZA*QS***006*20080428
CTP**UCP*3.4
SDQ*EA*ZZ*3672*2
CTT*1
SE*9*0012
ST*852*0013
XQ*H*20080429
N9*AD*T00000040
LIN**IN*053241411*ZZ*43*UP*831664001313*****DG*1*VS*00000
ZA*QS***006*20080428
CTP**UCP*1.44
SDQ*EA*ZZ*3083*2*3084*16*3143*13*3147*3*3289*1*3359*4*3408*7*3632*5*3644*2*3645*5
SDQ*EA*ZZ*3646*54*3685*8*3703*21*3715*1*3808*3*3822*9*3836*1*3848*3*3876*2*3939*2
SDQ*EA*ZZ*3941*1*3975*1*3978*4*4016*4*4093*7*4103*19*4198*2*4202*4*4312*3*4475*1
SDQ*EA*ZZ*4717*1*4719*1*4760*2*4769*1*4817*5*4835*2*4866*1*4883*1*4970*4*7045*4
SDQ*EA*ZZ*7064*3*7066*3*7069*2*7132*4*7208*6*7255*3*7278*2*7354*2*7358*11*7388*1
SDQ*EA*ZZ*7407*1*7460*7*7461*2*7607*1*7610*9*7622*10*7626*5*7629*5*7718*6*7719*2
SDQ*EA*ZZ*9217*1*9320*4*9547*1*9571*1*9620*3*9621*4*9625*3*9629*1*9633*3*9639*1
SDQ*EA*ZZ*9648*34*9674*2*9714*1
LIN**IN*053241411*ZZ*43*UP*831664001313*****DG*5*VS*00000
ZA*QS***006*20080428
CTP**UCP*1.44
SDQ*EA*ZZ*9217*1
CTT*2
SE*20*0013
ST*852*0014
XQ*H*20080429
N9*AD*T00000040
LIN**IN*059646911*ZZ*43*UP*831664001177*****DG*1*VS*00000
ZA*QS***006*20080428
CTP**UCP*4.25
SDQ*EA*ZZ*9571*1
CTT*1
SE*9*0014
ST*852*0015
XQ*H*20080429
N9*AD*T00000040
LIN**IN*076496411*ZZ*43*UP*831664001320*****DG*1*VS*00000
ZA*QS***006*20080428
CTP**UCP*2.95
SDQ*EA*ZZ*3703*13
CTT*1
SE*9*0015
ST*852*0016
XQ*H*20080429
N9*AD*T00000040
LIN**IN*093644611*ZZ*43*UP*831664001382*****DG*1*VS*00000
ZA*QS***006*20080428
CTP**UCP*3.85
SDQ*EA*ZZ*4093*5
CTT*1
SE*9*0016
ST*852*0017
XQ*H*20080429
N9*AD*T00000040
LIN**IN*094825411*ZZ*43*UP*831664001399*****DG*1*VS*00000
ZA*QS***006*20080428
CTP**UCP*7.9
SDQ*EA*ZZ*3632*1
CTT*1
SE*9*0017
ST*852*0018
XQ*H*20080429
N9*AD*T00000040
LIN**IN*096698911*ZZ*43*UP*831664001115*****DG*1*VS*00000
ZA*QS***006*20080427
CTP**UCP*10.25
SDQ*EA*ZZ*5014*4
ZA*QS***006*20080428
CTP**UCP*10.25
SDQ*EA*ZZ*3022*1*3143*1*3348*2*3359*1*3408*8*3632*1*3646*9*3661*2*3703*16*3715*1
SDQ*EA*ZZ*3773*5*3876*2*3941*2*3975*2*3978*3*4071*1*4093*2*4103*2*4189*1*4244*5
SDQ*EA*ZZ*4308*4*4312*1*4717*1*4719*3*4739*1*4760*4*4883*3*7076*2*7154*1*7208*3
SDQ*EA*ZZ*7255*10*7354*6*7358*5*7388*9*7407*3*7460*1*7607*4*7718*3*9217*1*9621*3
SDQ*EA*ZZ*9625*2*9633*14*9648*1*9674*1
LIN**IN*096698911*ZZ*43*UP*831664001115*****DG*5*VS*00000
ZA*QS***006*20080428
CTP**UCP*10.25
SDQ*EA*ZZ*4198*1*9217*4*9674*1
LIN**IN*096698911*ZZ*43*UP*831664001115*****DG*8*VS*00000
ZA*QS***006*20080428
CTP**UCP*10.25
SDQ*EA*ZZ*4198*2*7607*1*9621*1*9674*2
CTT*3
SE*24*0018
ST*852*0019
XQ*H*20080429
N9*AD*T00000040
LIN**IN*096901411*ZZ*43*UP*831664001139*****DG*1*VS*00000
ZA*QS***006*20080428
CTP**UCP*2.95
SDQ*EA*ZZ*3083*4*3084*3*3223*6*3253*1*3289*3*3359*1*3408*2*3645*1*3646*2*3661*1
SDQ*EA*ZZ*3672*1*3675*1*3701*1*3713*2*3715*2*3876*1*3975*3*3978*2*4016*3*4093*1
SDQ*EA*ZZ*4103*4*4189*2*4198*1*4202*1*4312*3*4475*1*4717*4*4719*3*4760*1*4777*1
SDQ*EA*ZZ*4835*3*4883*8*4898*2*4970*8*7045*2*7154*1*7208*1*7358*6*7607*1*7610*4
SDQ*EA*ZZ*7626*1*7718*2*7754*1*9217*5*9513*5*9571*1*9620*4*9629*1*9633*2*9648*2
SDQ*EA*ZZ*9674*3*9735*1*9758*1
CTT*1
SE*14*0019
ST*852*0020
XQ*H*20080429
N9*AD*T00000040
LIN**IN*096901811*ZZ*43*UP*831664001122*****DG*6*VS*00000
ZA*QS***006*20080428
CTP**UCP*4.85
SDQ*EA*ZZ*3063*1*3083*3*3084*3*3223*1*3240*1*3408*1*3644*1*3645*4*3646*1*3661*1
SDQ*EA*ZZ*3672*1*3685*1*3703*2*3713*2*3822*7*3836*4*3941*3*3957*2*3996*2*4071*2
SDQ*EA*ZZ*4093*26*4103*2*4122*3*4189*3*4198*2*4312*3*4475*2*4717*2*4719*2*4723*1
SDQ*EA*ZZ*4760*4*4817*1*4970*1*7045*2*7059*2*7064*1*7066*2*7132*1*7208*3*7255*1
SDQ*EA*ZZ*7274*2*7388*2*7607*1*7610*2*7718*2*7719*4*9217*1*9513*1*9620*3*9633*1
SDQ*EA*ZZ*9639*1*9648*1*9657*2*9674*1*9735*1*9758*1
CTT*1
SE*14*0020
ST*852*0021
XQ*H*20080429
N9*AD*T00000040
LIN**IN*096907311*ZZ*43*UP*831664001146*****DG*1*VS*00000
ZA*QS***006*20080428
CTP**UCP*6
SDQ*EA*ZZ*3084*1*7358*2
CTT*1
SE*9*0021
ST*852*0022
XQ*H*20080429
N9*AD*T00000040
LIN**IN*097065711*ZZ*43*UP*831664000842*****DG*1*VS*00000
ZA*QS***006*20080427
CTP**UCP*6.6
SDQ*EA*ZZ*5014*6
ZA*QS***006*20080428
CTP**UCP*6.6
SDQ*EA*ZZ*7626*2
LIN**IN*097065711*ZZ*43*UP*831664000842*****DG*6*VS*00000
ZA*QS***006*20080428
CTP**UCP*6.6
SDQ*EA*ZZ*3083*6*3084*1*3143*11*3223*1*3348*1*3355*5*3408*3*3602*6*3632*1*3644*1
SDQ*EA*ZZ*3646*19*3661*6*3703*15*3808*3*3822*1*3836*1*3848*2*3941*7*3996*2*4016*3
SDQ*EA*ZZ*4093*9*4103*2*4198*4*4244*3*4717*2*4719*9*4760*3*4777*3*4817*1*4898*1
SDQ*EA*ZZ*4970*2*7043*1*7066*2*7069*2*7132*4*7208*3*7255*9*7362*2*7607*7*9129*1
SDQ*EA*ZZ*9320*3*9563*1*9621*2*9625*2*9633*17*9639*4*9657*1*9714*5
CTT*2
SE*20*0022
ST*852*0023
XQ*H*20080429
N9*AD*T00000040
LIN**IN*097095611*ZZ*43*UP*831664000019*****DG*1*VS*00000
ZA*QS***006*20080427
CTP**UCP*1.2
SDQ*EA*ZZ*5014*46*5023*14*9620*-4
LIN**IN*097095611*ZZ*43*UP*831664000019*****DG*3*VS*00000
ZA*QS***006*20080427
CTP**UCP*1.2
SDQ*EA*ZZ*5070*4*5077*8
LIN**IN*097095611*ZZ*43*UP*831664000019*****DG*1*VS*00000
ZA*QS***006*20080428
CTP**UCP*1.2
SDQ*EA*ZZ*4137*30*9547*6
LIN**IN*097095611*ZZ*43*UP*831664000019*****DG*3*VS*00000
ZA*QS***006*20080428
CTP**UCP*1.2
SDQ*EA*ZZ*3022*4*3063*59*3083*136*3084*114*3143*95*3147*13*3194*37*3223*41*3240*27*3253*14
SDQ*EA*ZZ*3289*20*3348*49*3355*50*3359*36*3408*54*3428*17*3602*17*3632*52*3644*23*3645*32
SDQ*EA*ZZ*3646*207*3660*30*3661*30*3672*65*3675*38*3685*13*3701*40*3703*96*3713*54*3715*50
SDQ*EA*ZZ*3808*23*3822*58*3836*35*3848*57*3852*11*3876*23*3886*5*3925*35*3931*7*3939*9
SDQ*EA*ZZ*3941*53*3957*3*3966*34*3967*18*3975*46*3978*39*3994*25*3996*29*4016*91*4033*9
SDQ*EA*ZZ*4071*43*4093*172*4103*190*4112*3*4122*20*4189*64*4198*36*4202*89*4244*153*4308*19
SDQ*EA*ZZ*4312*52*4475*118*4717*60*4719*131*4723*30*4739*19*4757*13*4758*7*4760*64*4769*59
SDQ*EA*ZZ*4777*25*4817*93*4835*38*4866*32*4872*32*4883*59*4898*33*4970*100*7043*37*7045*44
SDQ*EA*ZZ*7059*52*7060*42*7063*35*7064*24*7066*57*7069*74*7076*53*7132*59*7146*24*7154*39
SDQ*EA*ZZ*7208*61*7255*126*7274*41*7276*15*7278*29*7351*7*7353*28*7354*11*7358*78*7362*56
SDQ*EA*ZZ*7382*13*7388*42*7407*40*7437*10*7460*54*7461*13*7558*30*7607*28*7610*90*7622*35
SDQ*EA*ZZ*7626*29*7629*39*7637*31*7718*146*7719*77*7754*60*9129*2*9217*36*9320*30*9513*55
SDQ*EA*ZZ*9549*25*9560*23*9563*35*9571*26*9620*117*9621*78*9622*19*9625*23*9629*26*9633*140
SDQ*EA*ZZ*9639*71*9648*388*9657*68*9674*72*9714*18*9728*26*9735*10*9758*72
LIN**IN*097095611*ZZ*43*UP*831664000019*****DG*8*VS*00000
ZA*QS***006*20080428
CTP**UCP*1.2
SDQ*EA*ZZ*4198*2
CTT*5
SE*38*0023
ST*852*0024
XQ*H*20080429
N9*AD*T00000040
LIN**IN*097095711*ZZ*43*UP*831664000255*****DG*1*VS*00000
ZA*QS***006*20080427
CTP**UCP*.92
SDQ*EA*ZZ*5014*2
ZA*QS***006*20080428
CTP**UCP*.92
SDQ*EA*ZZ*3063*4*3083*6*3084*8*3143*2*3147*7*3194*1*3223*6*3240*2*3253*8*3355*4
SDQ*EA*ZZ*3408*4*3632*2*3644*5*3645*3*3646*25*3661*6*3672*1*3685*5*3701*1*3703*3
SDQ*EA*ZZ*3713*1*3773*2*3822*4*3836*2*3848*3*3886*4*3925*5*3939*1*3941*6*3966*1
SDQ*EA*ZZ*3975*2*4093*5*4103*5*4122*2*4137*3*4189*1*4198*4*4244*1*4308*2*4312*6
SDQ*EA*ZZ*4717*8*4719*14*4760*1*4817*4*4872*2*4883*6*4970*2*7045*5*7059*2*7066*5
SDQ*EA*ZZ*7069*6*7076*3*7154*1*7208*9*7255*1*7276*2*7354*2*7358*14*7460*3*7461*4
SDQ*EA*ZZ*7558*1*7607*4*7610*12*7622*1*7629*7*7718*34*7754*1*9217*1*9513*2*9547*1
SDQ*EA*ZZ*9549*1*9620*7*9625*11*9629*7*9633*4*9648*20*9657*1*9674*6*9714*2*9735*1
SDQ*EA*ZZ*9758*3
CTT*1
SE*20*0024
ST*852*0025
XQ*H*20080429
N9*AD*T00000040
LIN**IN*097095811*ZZ*43*UP*831664000699*****DG*1*VS*00000
ZA*QS***006*20080427
CTP**UCP*.92
SDQ*EA*ZZ*5023*7
ZA*QS***006*20080428
CTP**UCP*.92
SDQ*EA*ZZ*3083*15*3084*5*3143*18*3147*1*3194*5*3223*10*3240*17*3355*2*3359*5*3408*2
SDQ*EA*ZZ*3644*6*3645*3*3646*2*3660*14*3661*1*3672*3*3675*21*3685*17*3701*3*3703*5
SDQ*EA*ZZ*3713*8*3715*8*3808*2*3822*10*3848*10*3925*5*3931*10*3939*1*3941*13*3966*1
SDQ*EA*ZZ*3975*18*3978*4*4016*45*4093*17*4103*18*4112*1*4122*3*4244*14*4308*5*4312*2
SDQ*EA*ZZ*4717*4*4719*27*4757*4*4760*4*4769*2*4817*15*4835*8*4866*1*4872*3*4883*2
SDQ*EA*ZZ*4970*2*7045*2*7064*8*7066*3*7069*10*7076*7*7132*10*7154*5*7208*7*7278*2
SDQ*EA*ZZ*7354*2*7358*12*7437*5*7461*2*7558*3*7607*5*7626*1*7629*9*7718*2*7719*4
SDQ*EA*ZZ*9217*3*9320*2*9513*16*9571*6*9620*9*9621*10*9622*5*9625*1*9633*3*9648*24
SDQ*EA*ZZ*9657*1*9674*10*9728*7*9735*5*9758*9
CTT*1
SE*20*0025
ST*852*0026
XQ*H*20080429
N9*AD*T00000040
LIN**IN*097095911*ZZ*43*UP*831664000675*****DG*1*VS*00000
ZA*QS***006*20080427
CTP**UCP*2
SDQ*EA*ZZ*5014*4*5070*2
ZA*QS***006*20080428
CTP**UCP*2
SDQ*EA*ZZ*3063*3*3083*2*3084*4*3143*3*3147*2*3194*1*3408*5*3646*7*3661*3*3672*3
SDQ*EA*ZZ*3675*1*3701*2*3703*15*3713*3*3715*9*3808*5*3836*1*3848*5*3886*-1*3925*1
SDQ*EA*ZZ*3939*1*3941*5*3966*1*3978*6*3996*7*4016*12*4033*2*4071*6*4093*18*4103*1
SDQ*EA*ZZ*4112*1*4198*13*4202*4*4308*7*4475*1*4717*4*4723*1*4760*8*4769*1*4817*4
SDQ*EA*ZZ*4835*1*4866*6*4872*4*4883*4*4970*1*7045*5*7059*1*7060*3*7064*4*7066*9
SDQ*EA*ZZ*7069*4*7076*4*7132*4*7154*3*7208*1*7255*13*7274*4*7276*1*7358*1*7362*3
SDQ*EA*ZZ*7382*6*7437*1*7460*3*7461*1*7607*4*7610*11*7626*3*7629*1*7718*16*9563*2
SDQ*EA*ZZ*9621*1*9625*2*9629*2*9648*21*9674*2*9728*4
CTT*1
SE*19*0026
ST*852*0027
XQ*H*20080429
N9*AD*T00000040
LIN**IN*097096011*ZZ*43*UP*831664000682*****DG*1*VS*00000
ZA*QS***006*20080428
CTP**UCP*1.4
SDQ*EA*ZZ*3063*16*3083*5*3084*4*3143*8*3194*7*3240*1*3253*2*3289*2*3348*9*3408*3
SDQ*EA*ZZ*3632*4*3645*3*3646*6*3661*3*3672*2*3675*1*3685*1*3701*6*3703*28*3713*6
SDQ*EA*ZZ*3822*5*3836*1*3848*4*3852*6*3941*1*3975*14*3978*4*3994*8*3996*2*4016*7
SDQ*EA*ZZ*4071*9*4103*6*4112*1*4137*1*4198*4*4202*29*4312*12*4475*4*4717*6*4719*37
SDQ*EA*ZZ*4757*6*4758*8*4769*1*4777*1*4817*10*4835*2*4872*2*4883*9*4898*2*4970*15
SDQ*EA*ZZ*7043*4*7045*5*7059*1*7066*9*7076*3*7146*7*7154*4*7274*1*7278*6*7351*8
SDQ*EA*ZZ*7358*2*7362*8*7388*1*7407*2*7460*8*7461*4*7607*2*7610*5*7629*2*7718*10
SDQ*EA*ZZ*7719*4*9217*8*9320*7*9513*1*9547*5*9560*4*9563*2*9571*8*9620*3*9621*4
SDQ*EA*ZZ*9622*2*9625*16*9629*4*9633*1*9639*13*9648*24*9657*5*9714*1*9728*1*9735*6
SDQ*EA*ZZ*9758*3
CTT*1
SE*18*0027
ST*852*0028
XQ*H*20080429
N9*AD*T00000040
LIN**IN*097096111*ZZ*43*UP*831664000330*****DG*1*VS*00000
ZA*QS***006*20080427
CTP**UCP*2
SDQ*EA*ZZ*5014*2*5066*2*5070*7
ZA*QS***006*20080428
CTP**UCP*2
SDQ*EA*ZZ*3063*7*3083*11*3084*8*3143*4*3147*2*3194*4*3223*15*3240*6*3253*2*3289*7
SDQ*EA*ZZ*3348*3*3355*1*3408*4*3428*5*3632*3*3644*1*3645*6*3646*44*3660*2*3661*4
SDQ*EA*ZZ*3672*25*3675*5*3685*5*3703*11*3715*2*3773*4*3822*8*3836*1*3848*11*3852*11
SDQ*EA*ZZ*3876*5*3886*1*3925*4*3941*2*3967*2*3978*1*3996*2*4016*5*4033*1*4093*9
SDQ*EA*ZZ*4103*1*4112*6*4122*4*4189*10*4198*19*4202*30*4244*10*4308*2*4475*1*4717*8
SDQ*EA*ZZ*4719*14*4739*3*4757*4*4769*4*4817*1*4835*10*4872*1*4883*4*4898*1*4970*11
SDQ*EA*ZZ*7043*2*7059*1*7060*1*7064*1*7066*12*7069*9*7076*4*7132*2*7146*5*7154*1
SDQ*EA*ZZ*7208*2*7274*4*7276*4*7278*1*7351*5*7353*7*7358*17*7362*3*7407*2*7437*2
SDQ*EA*ZZ*7460*8*7558*7*7607*10*7610*8*7629*2*7637*1*7718*10*7719*10*7754*2*9217*2
SDQ*EA*ZZ*9320*18*9513*5*9547*11*9560*6*9563*1*9571*7*9621*4*9622*1*9625*18*9629*17
SDQ*EA*ZZ*9633*23*9639*12*9648*17*9657*8*9674*2*9714*4*9728*6*9758*5
LIN**IN*097096111*ZZ*43*UP*831664000330*****DG*5*VS*00000
ZA*QS***006*20080428
CTP**UCP*2
SDQ*EA*ZZ*3083*4
CTT*2
SE*26*0028
ST*852*0029
XQ*H*20080429
N9*AD*T00000040
LIN**IN*097096211*ZZ*43*UP*831664000941*****DG*1*VS*00000
ZA*QS***006*20080427
CTP**UCP*2.45
SDQ*EA*ZZ*5070*1
ZA*QS***006*20080428
CTP**UCP*2.45
SDQ*EA*ZZ*3084*4*3240*2*3646*1*3672*2*3701*2*3703*3*3715*1*3941*1*3978*10*4093*3
SDQ*EA*ZZ*4198*2*4202*2*4244*1*4717*3*4719*1*4769*2*4883*1*4970*1*7064*2*7069*2
SDQ*EA*ZZ*7132*1*7255*1*7276*2*7358*8*7437*1*7610*3*7718*7*7719*1*9217*16*9648*3
SDQ*EA*ZZ*9714*1*9758*5
CTT*1
SE*15*0029
ST*852*0030
XQ*H*20080429
N9*AD*T00000040
LIN**IN*097096311*ZZ*43*UP*831664000743*****DG*1*VS*00000
ZA*QS***006*20080427
CTP**UCP*2.95
SDQ*EA*ZZ*5023*3
LIN**IN*097096311*ZZ*43*UP*831664000743*****DG*3*VS*00000
ZA*QS***006*20080427
CTP**UCP*2.95
SDQ*EA*ZZ*5077*3
LIN**IN*097096311*ZZ*43*UP*831664000743*****DG*1*VS*00000
ZA*QS***006*20080428
CTP**UCP*2.95
SDQ*EA*ZZ*3083*1*3084*11*3143*8*3194*1*3223*6*3240*3*3253*7*3289*2*3359*1*3408*1
SDQ*EA*ZZ*3428*2*3602*3*3632*1*3645*4*3646*37*3661*1*3672*14*3675*3*3685*1*3703*5
SDQ*EA*ZZ*3713*2*3715*3*3808*3*3822*12*3876*1*3886*1*3931*3*3939*1*3941*7*3967*1
SDQ*EA*ZZ*3975*7*3978*5*3994*1*4016*10*4071*3*4093*8*4103*2*4112*2*4122*1*4137*3
SDQ*EA*ZZ*4202*1*4308*4*4312*5*4475*4*4717*2*4719*11*4723*1*4757*1*4760*1*4769*8
SDQ*EA*ZZ*4777*1*4817*3*4835*4*4872*1*4883*4*4898*8*4970*7*7043*1*7045*4*7059*2
SDQ*EA*ZZ*7060*2*7064*11*7066*2*7076*3*7132*8*7146*1*7154*4*7208*1*7255*29*7274*8
SDQ*EA*ZZ*7278*2*7351*1*7353*1*7358*4*7362*1*7388*1*7437*1*7460*2*7607*8*7610*3
SDQ*EA*ZZ*7622*5*7629*3*7718*10*7719*1*9217*1*9513*2*9563*3*9571*1*9620*2*9621*2
SDQ*EA*ZZ*9622*3*9625*1*9633*13*9639*2*9648*10*9674*1*9714*3*9728*1*9758*1
CTT*3
SE*26*0030
ST*852*0031
XQ*H*20080429
N9*AD*T00000040
LIN**IN*097096411*ZZ*43*UP*831664000453*****DG*1*VS*00000
ZA*QS***006*20080427
CTP**UCP*4.8
SDQ*EA*ZZ*5014*4*5066*1
LIN**IN*097096411*ZZ*43*UP*831664000453*****DG*3*VS*00000
ZA*QS***006*20080427
CTP**UCP*4.8
SDQ*EA*ZZ*5070*1
LIN**IN*097096411*ZZ*43*UP*831664000453*****DG*1*VS*00000
ZA*QS***006*20080428
CTP**UCP*4.8
SDQ*EA*ZZ*3063*1*3083*5*3084*4*3143*15*3147*3*3194*1*3223*6*3240*1*3289*6*3348*1
SDQ*EA*ZZ*3355*1*3359*3*3408*1*3632*6*3645*5*3646*5*3660*1*3661*7*3672*6*3675*2
SDQ*EA*ZZ*3685*2*3701*5*3703*11*3713*6*3808*6*3822*7*3836*5*3848*4*3852*3*3876*4
SDQ*EA*ZZ*3886*1*3931*3*3939*2*3941*3*3957*6*3966*3*3967*3*3975*4*3978*7*3996*2
SDQ*EA*ZZ*4016*8*4071*4*4093*17*4103*14*4112*4*4122*3*4189*1*4198*2*4202*11*4244*12
SDQ*EA*ZZ*4308*2*4475*2*4717*7*4719*8*4723*2*4739*2*4757*4*4758*2*4769*3*4777*3
SDQ*EA*ZZ*4817*3*4866*1*4898*3*7045*2*7059*3*7063*1*7064*5*7066*4*7069*3*7076*1
SDQ*EA*ZZ*7132*12*7146*4*7154*8*7208*2*7255*20*7276*2*7278*3*7351*2*7358*7*7362*1
SDQ*EA*ZZ*7382*1*7437*1*7460*5*7461*1*7607*1*7610*2*7626*1*7629*6*7637*2*7718*8
SDQ*EA*ZZ*7719*2*9217*4*9320*2*9513*2*9560*5*9563*3*9571*4*9621*5*9622*5*9633*6
SDQ*EA*ZZ*9648*10*9674*2*9714*1*9728*4*9735*4*9758*11
LIN**IN*097096411*ZZ*43*UP*831664000453*****DG*3*VS*00000
ZA*QS***006*20080428
CTP**UCP*4.8
SDQ*EA*ZZ*4883*2*4970*10
LIN**IN*097096411*ZZ*43*UP*831664000453*****DG*5*VS*00000
ZA*QS***006*20080428
CTP**UCP*4.8
SDQ*EA*ZZ*7274*1*9625*1
LIN**IN*097096411*ZZ*43*UP*831664000453*****DG*8*VS*00000
ZA*QS***006*20080428
CTP**UCP*4.8
SDQ*EA*ZZ*7719*1
CTT*6
SE*39*0031
ST*852*0032
XQ*H*20080429
N9*AD*T00000040
LIN**IN*097096511*ZZ*43*UP*831664000460*****DG*1*VS*00000
ZA*QS***006*20080427
CTP**UCP*5.95
SDQ*EA*ZZ*5014*3*5023*3
LIN**IN*097096511*ZZ*43*UP*831664000460*****DG*3*VS*00000
ZA*QS***006*20080427
CTP**UCP*5.95
SDQ*EA*ZZ*5070*3
LIN**IN*097096511*ZZ*43*UP*831664000460*****DG*1*VS*00000
ZA*QS***006*20080428
CTP**UCP*5.95
SDQ*EA*ZZ*4872*3*4883*3*4970*5*7276*3*7353*3*7622*1
LIN**IN*097096511*ZZ*43*UP*831664000460*****DG*3*VS*00000
ZA*QS***006*20080428
CTP**UCP*5.95
SDQ*EA*ZZ*3063*1*3084*2*3223*10*3240*1*3289*1*3348*4*3355*1*3359*1*3408*2*3644*1
SDQ*EA*ZZ*3645*4*3646*3*3672*4*3675*1*3685*2*3701*3*3703*9*3713*2*3715*3*3808*2
SDQ*EA*ZZ*3836*3*3852*1*3876*1*3925*1*3939*5*3941*1*3966*2*3967*1*3975*1*3978*3
SDQ*EA*ZZ*3994*1*4016*4*4071*1*4093*4*4103*8*4122*3*4189*1*4198*5*4202*6*4244*6
SDQ*EA*ZZ*4308*2*4312*2*4475*3*4717*5*4719*7*4723*1*4739*2*4757*1*4760*3*4769*5
SDQ*EA*ZZ*4777*1*4817*3*4866*1*4898*1*7059*1*7064*2*7066*2*7069*1*7076*2*7132*4
SDQ*EA*ZZ*7154*2*7208*3*7255*3*7278*4*7351*1*7358*3*7362*6*7388*1*7407*2*7437*1
SDQ*EA*ZZ*7558*1*7610*1*7629*2*7718*1*7719*2*7754*2*9129*2*9217*1*9320*2*9513*2
SDQ*EA*ZZ*9560*2*9563*1*9571*1*9621*6*9622*3*9625*8*9633*12*9639*2*9648*21*9657*1
SDQ*EA*ZZ*9674*3*9714*1*9728*3*9735*2
LIN**IN*097096511*ZZ*43*UP*831664000460*****DG*8*VS*00000
ZA*QS***006*20080428
CTP**UCP*5.95
SDQ*EA*ZZ*3931*1*7045*1
CTT*5
SE*34*0032
ST*852*0033
XQ*H*20080429
N9*AD*T00000040
LIN**IN*097096711*ZZ*43*UP*831664000484*****DG*1*VS*00000
ZA*QS***006*20080428
CTP**UCP*8
SDQ*EA*ZZ*3083*5*3084*2*3143*1*3644*1*3646*1*3701*3*3703*8*3848*1*3852*1*3876*2
SDQ*EA*ZZ*3966*1*3975*1*3978*2*4093*2*4189*2*4198*3*4719*1*4739*3*4757*1*4835*1
SDQ*EA*ZZ*7059*3*7132*3*7255*11*7276*1*7358*15*7437*2*7626*1*9571*2*9620*2*9621*5
SDQ*EA*ZZ*9648*7*9657*2
CTT*1
SE*12*0033
ST*852*0034
XQ*H*20080429
N9*AD*T00000040
LIN**IN*097096911*ZZ*43*UP*831664000491*****DG*1*VS*00000
ZA*QS***006*20080428
CTP**UCP*8.75
SDQ*EA*ZZ*3143*3*3348*2*3408*2*3646*14*3661*1*3675*1*3941*1*3967*1*3978*1*3996*1
SDQ*EA*ZZ*4016*1*4122*1*4189*1*4198*2*4883*1*7059*1*7388*2*7718*2*9621*2*9633*1
SDQ*EA*ZZ*9714*1
CTT*1
SE*11*0034
ST*852*0035
XQ*H*20080429
N9*AD*T00000040
LIN**IN*097097011*ZZ*43*UP*831664000859*****DG*1*VS*00000
ZA*QS***006*20080428
CTP**UCP*2.7
SDQ*EA*ZZ*9633*3
CTT*1
SE*9*0035
ST*852*0036
XQ*H*20080429
N9*AD*T00000040
LIN**IN*097097211*ZZ*43*UP*831664000651*****DG*1*VS*00000
ZA*QS***006*20080428
CTP**UCP*1.55
SDQ*EA*ZZ*3063*3*3083*2*3084*10*3408*6*3644*1*3646*7*3685*5*3703*4*3822*9*3876*7
SDQ*EA*ZZ*3941*4*4093*1*4103*11*4244*4*4308*3*4475*2*4717*3*4719*8*4769*2*4817*3
SDQ*EA*ZZ*7063*1*7064*5*7066*2*7255*1*7358*3*7362*1*7437*1*7607*4*7610*5*7719*3
SDQ*EA*ZZ*9633*6*9648*8*9728*7*9758*1
CTT*1
SE*12*0036
GE*36*328
IEA*1*000000328
*** SUPERTRACS READY FOR INPUT
