ISA*00*          *00*          *09*006985290EFT   *12*6154525825     *080530*2301*U*00400*001000119*0*P*>
GS*RA*006985290EFT*6154525825*20080530*2301*1000119*X*004010
ST*820*0001
BPR*I*384071.15*C*ACH*CCP*01*021000018*DA*0300955622*9008965873**01*064102601*DA*3000289*20080603*VEN
TRN*3*770300193*9008965873
DTM*097*20080530
N1*PR*KMART CORPORATION*1*008965873
N1*PE*YOUNGS FARMS*92*00069099588
N1*SE*YOUNGS FARMS*92*00069099588
ENT*1
RMR*IK*302220080501*PI*481.92*481.92*0
REF*PO*0020080502
REF*ST*03022
REF*DP*043
DTM*999*20080501
RMR*IK*302220080502*PI*631.99*631.99*0
REF*PO*0020080503
REF*ST*03022
REF*DP*043
DTM*999*20080502
RMR*IK*302220080503*PI*592.78*592.78*0
REF*PO*0020080504
REF*ST*03022
REF*DP*043
DTM*999*20080503
RMR*IK*302220080504*PI*687.8*687.8*0
REF*PO*0020080505
REF*ST*03022
REF*DP*043
DTM*999*20080504
RMR*IK*302220080505*PI*425.6*425.6*0
REF*PO*0020080506
REF*ST*03022
REF*DP*043
DTM*999*20080505
RMR*IK*302220080506*PI*550.81*550.81*0
REF*PO*0020080507
REF*ST*03022
REF*DP*043
DTM*999*20080506
RMR*IK*302220080507*PI*469.84*469.84*0
REF*PO*0020080508
REF*ST*03022
REF*DP*043
DTM*999*20080507
RMR*IK*306320080501*PI*88.76*88.76*0
REF*PO*0020080502
REF*ST*03063
REF*DP*043
DTM*999*20080501
RMR*IK*306320080502*PI*164.27*164.27*0
REF*PO*0020080503
REF*ST*03063
REF*DP*043
DTM*999*20080502
RMR*IK*306320080503*PI*257.8*257.8*0
REF*PO*0020080504
REF*ST*03063
REF*DP*043
DTM*999*20080503
RMR*IK*306320080504*PI*246.2*246.2*0
REF*PO*0020080505
REF*ST*03063
REF*DP*043
DTM*999*20080504
RMR*IK*306320080505*PI*323.05*323.05*0
REF*PO*0020080506
REF*ST*03063
REF*DP*043
DTM*999*20080505
RMR*IK*306320080506*PI*272.79*272.79*0
REF*PO*0020080507
REF*ST*03063
REF*DP*043
DTM*999*20080506
RMR*IK*306320080507*PI*283.66*283.66*0
REF*PO*0020080508
REF*ST*03063
REF*DP*043
DTM*999*20080507
RMR*IK*308320080501*PI*809.98*809.98*0
REF*PO*0020080502
REF*ST*03083
REF*DP*043
DTM*999*20080501
RMR*IK*308320080502*PI*833.19*833.19*0
REF*PO*0020080503
REF*ST*03083
REF*DP*043
DTM*999*20080502
RMR*IK*308320080503*PI*774.8*774.8*0
REF*PO*0020080504
REF*ST*03083
REF*DP*043
DTM*999*20080503
RMR*IK*308320080504*PI*809.89*809.89*0
REF*PO*0020080505
REF*ST*03083
REF*DP*043
DTM*999*20080504
RMR*IK*308320080505*PI*1457.58*1457.58*0
REF*PO*0020080506
REF*ST*03083
REF*DP*043
DTM*999*20080505
RMR*IK*308320080506*PI*888.84*888.84*0
REF*PO*0020080507
REF*ST*03083
REF*DP*043
DTM*999*20080506
RMR*IK*308320080507*PI*624.28*624.28*0
REF*PO*0020080508
REF*ST*03083
REF*DP*043
DTM*999*20080507
RMR*IK*308320080528*PI*-3.6*-3.6*0
REF*PO*0020080530
REF*ST*03083
REF*DP*043
DTM*999*20080528
RMR*IK*308420080501*PI*540*540*0
REF*PO*0020080502
REF*ST*03084
REF*DP*043
DTM*999*20080501
RMR*IK*308420080502*PI*450.62*450.62*0
REF*PO*0020080503
REF*ST*03084
REF*DP*043
DTM*999*20080502
RMR*IK*308420080503*PI*714.97*714.97*0
REF*PO*0020080504
REF*ST*03084
REF*DP*043
DTM*999*20080503
RMR*IK*308420080504*PI*750.96*750.96*0
REF*PO*0020080505
REF*ST*03084
REF*DP*043
DTM*999*20080504
RMR*IK*308420080505*PI*682.83*682.83*0
REF*PO*0020080506
REF*ST*03084
REF*DP*043
DTM*999*20080505
RMR*IK*308420080506*PI*917.74*917.74*0
REF*PO*0020080507
REF*ST*03084
REF*DP*043
DTM*999*20080506
RMR*IK*308420080507*PI*815.07*815.07*0
REF*PO*0020080508
REF*ST*03084
REF*DP*043
DTM*999*20080507
RMR*IK*310320080527*PI*-8.95*-8.95*0
REF*PO*0020080528
REF*ST*03103
REF*DP*043
DTM*999*20080527
RMR*IK*314320080501*PI*634.17*634.17*0
REF*PO*0020080502
REF*ST*03143
REF*DP*043
DTM*999*20080501
RMR*IK*314320080502*PI*346.97*346.97*0
REF*PO*0020080503
REF*ST*03143
REF*DP*043
DTM*999*20080502
RMR*IK*314320080503*PI*754.73*754.73*0
REF*PO*0020080504
REF*ST*03143
REF*DP*043
DTM*999*20080503
RMR*IK*314320080504*PI*400.24*400.24*0
REF*PO*0020080505
REF*ST*03143
REF*DP*043
DTM*999*20080504
RMR*IK*314320080505*PI*534.74*534.74*0
REF*PO*0020080506
REF*ST*03143
REF*DP*043
DTM*999*20080505
RMR*IK*314320080506*PI*797.38*797.38*0
REF*PO*0020080507
REF*ST*03143
REF*DP*043
DTM*999*20080506
RMR*IK*314320080507*PI*661.62*661.62*0
REF*PO*0020080508
REF*ST*03143
REF*DP*043
DTM*999*20080507
RMR*IK*314720080501*PI*257.67*257.67*0
REF*PO*0020080502
REF*ST*03147
REF*DP*043
DTM*999*20080501
RMR*IK*314720080502*PI*263.31*263.31*0
REF*PO*0020080503
REF*ST*03147
REF*DP*043
DTM*999*20080502
RMR*IK*314720080503*PI*539.65*539.65*0
REF*PO*0020080504
REF*ST*03147
REF*DP*043
DTM*999*20080503
RMR*IK*314720080504*PI*533.27*533.27*0
REF*PO*0020080505
REF*ST*03147
REF*DP*043
DTM*999*20080504
RMR*IK*314720080505*PI*306.28*306.28*0
REF*PO*0020080506
REF*ST*03147
REF*DP*043
DTM*999*20080505
RMR*IK*314720080506*PI*379.9*379.9*0
REF*PO*0020080507
REF*ST*03147
REF*DP*043
DTM*999*20080506
RMR*IK*314720080507*PI*333.82*333.82*0
REF*PO*0020080508
REF*ST*03147
REF*DP*043
DTM*999*20080507
RMR*IK*319420080501*PI*92.45*92.45*0
REF*PO*0020080502
REF*ST*03194
REF*DP*043
DTM*999*20080501
RMR*IK*319420080502*PI*68.51*68.51*0
REF*PO*0020080503
REF*ST*03194
REF*DP*043
DTM*999*20080502
RMR*IK*319420080503*PI*40*40*0
REF*PO*0020080504
REF*ST*03194
REF*DP*043
DTM*999*20080503
RMR*IK*319420080504*PI*96.34*96.34*0
REF*PO*0020080505
REF*ST*03194
REF*DP*043
DTM*999*20080504
RMR*IK*319420080505*PI*4.8*4.8*0
REF*PO*0020080507
REF*ST*03194
REF*DP*043
DTM*999*20080505
RMR*IK*319420080505*PI*152.46*152.46*0
REF*PO*0020080506
REF*ST*03194
REF*DP*043
DTM*999*20080505
RMR*IK*319420080506*PI*114.11*114.11*0
REF*PO*0020080507
REF*ST*03194
REF*DP*043
DTM*999*20080506
RMR*IK*319420080507*PI*190.72*190.72*0
REF*PO*0020080508
REF*ST*03194
REF*DP*043
DTM*999*20080507
RMR*IK*322320080501*PI*234.06*234.06*0
REF*PO*0020080502
REF*ST*03223
REF*DP*043
DTM*999*20080501
RMR*IK*322320080502*PI*155.39*155.39*0
REF*PO*0020080503
REF*ST*03223
REF*DP*043
DTM*999*20080502
RMR*IK*322320080503*PI*42.04*42.04*0
REF*PO*0020080504
REF*ST*03223
REF*DP*043
DTM*999*20080503
RMR*IK*322320080504*PI*254.12*254.12*0
REF*PO*0020080505
REF*ST*03223
REF*DP*043
DTM*999*20080504
RMR*IK*322320080505*PI*110.16*110.16*0
REF*PO*0020080506
REF*ST*03223
REF*DP*043
DTM*999*20080505
RMR*IK*322320080506*PI*160.93*160.93*0
REF*PO*0020080507
REF*ST*03223
REF*DP*043
DTM*999*20080506
RMR*IK*322320080507*PI*90.3*90.3*0
REF*PO*0020080508
REF*ST*03223
REF*DP*043
DTM*999*20080507
RMR*IK*324020080501*PI*167.66*167.66*0
REF*PO*0020080502
REF*ST*03240
REF*DP*043
DTM*999*20080501
RMR*IK*324020080502*PI*136.56*136.56*0
REF*PO*0020080503
REF*ST*03240
REF*DP*043
DTM*999*20080502
RMR*IK*324020080503*PI*134.83*134.83*0
REF*PO*0020080504
REF*ST*03240
REF*DP*043
DTM*999*20080503
RMR*IK*324020080504*PI*223.44*223.44*0
REF*PO*0020080505
REF*ST*03240
REF*DP*043
DTM*999*20080504
RMR*IK*324020080505*PI*168.75*168.75*0
REF*PO*0020080506
REF*ST*03240
REF*DP*043
DTM*999*20080505
RMR*IK*324020080506*PI*165.76*165.76*0
REF*PO*0020080507
REF*ST*03240
REF*DP*043
DTM*999*20080506
RMR*IK*324020080507*PI*98.02*98.02*0
REF*PO*0020080508
REF*ST*03240
REF*DP*043
DTM*999*20080507
RMR*IK*325320080501*PI*62.07*62.07*0
REF*PO*0020080502
REF*ST*03253
REF*DP*043
DTM*999*20080501
RMR*IK*325320080502*PI*100.54*100.54*0
REF*PO*0020080503
REF*ST*03253
REF*DP*043
DTM*999*20080502
RMR*IK*325320080503*PI*59.37*59.37*0
REF*PO*0020080504
REF*ST*03253
REF*DP*043
DTM*999*20080503
RMR*IK*325320080504*PI*93.62*93.62*0
REF*PO*0020080505
REF*ST*03253
REF*DP*043
DTM*999*20080504
RMR*IK*325320080505*PI*132.34*132.34*0
REF*PO*0020080506
REF*ST*03253
REF*DP*043
DTM*999*20080505
RMR*IK*325320080506*PI*209.9*209.9*0
REF*PO*0020080507
REF*ST*03253
REF*DP*043
DTM*999*20080506
RMR*IK*325320080507*PI*141.1*141.1*0
REF*PO*0020080508
REF*ST*03253
REF*DP*043
DTM*999*20080507
RMR*IK*328920080501*PI*153.84*153.84*0
REF*PO*0020080502
REF*ST*03289
REF*DP*043
DTM*999*20080501
RMR*IK*328920080502*PI*134.58*134.58*0
REF*PO*0020080503
REF*ST*03289
REF*DP*043
DTM*999*20080502
RMR*IK*328920080503*PI*312.87*312.87*0
REF*PO*0020080504
REF*ST*03289
REF*DP*043
DTM*999*20080503
RMR*IK*328920080504*PI*207.22*207.22*0
REF*PO*0020080505
REF*ST*03289
REF*DP*043
DTM*999*20080504
RMR*IK*328920080505*PI*144.23*144.23*0
REF*PO*0020080506
REF*ST*03289
REF*DP*043
DTM*999*20080505
RMR*IK*328920080506*PI*197.48*197.48*0
REF*PO*0020080507
REF*ST*03289
REF*DP*043
DTM*999*20080506
RMR*IK*328920080507*PI*119.86*119.86*0
REF*PO*0020080508
REF*ST*03289
REF*DP*043
DTM*999*20080507
RMR*IK*334820080501*PI*203.41*203.41*0
REF*PO*0020080502
REF*ST*03348
REF*DP*043
DTM*999*20080501
RMR*IK*334820080502*PI*198.54*198.54*0
REF*PO*0020080503
REF*ST*03348
REF*DP*043
DTM*999*20080502
RMR*IK*334820080503*PI*227.1*227.1*0
REF*PO*0020080504
REF*ST*03348
REF*DP*043
DTM*999*20080503
RMR*IK*334820080504*PI*148.73*148.73*0
REF*PO*0020080505
REF*ST*03348
REF*DP*043
DTM*999*20080504
RMR*IK*334820080505*PI*352.26*352.26*0
REF*PO*0020080506
REF*ST*03348
REF*DP*043
DTM*999*20080505
RMR*IK*334820080506*PI*328.96*328.96*0
REF*PO*0020080507
REF*ST*03348
REF*DP*043
DTM*999*20080506
RMR*IK*334820080507*PI*295.3*295.3*0
REF*PO*0020080508
REF*ST*03348
REF*DP*043
DTM*999*20080507
RMR*IK*335520080501*PI*45.57*45.57*0
REF*PO*0020080502
REF*ST*03355
REF*DP*043
DTM*999*20080501
RMR*IK*335520080502*PI*115.28*115.28*0
REF*PO*0020080503
REF*ST*03355
REF*DP*043
DTM*999*20080502
RMR*IK*335520080503*PI*123.15*123.15*0
REF*PO*0020080504
REF*ST*03355
REF*DP*043
DTM*999*20080503
RMR*IK*335520080504*PI*187.06*187.06*0
REF*PO*0020080505
REF*ST*03355
REF*DP*043
DTM*999*20080504
RMR*IK*335520080505*PI*50.76*50.76*0
REF*PO*0020080506
REF*ST*03355
REF*DP*043
DTM*999*20080505
RMR*IK*335520080506*PI*55.73*55.73*0
REF*PO*0020080507
REF*ST*03355
REF*DP*043
DTM*999*20080506
RMR*IK*335520080507*PI*60.45*60.45*0
REF*PO*0020080508
REF*ST*03355
REF*DP*043
DTM*999*20080507
RMR*IK*335920080501*PI*195.47*195.47*0
REF*PO*0020080502
REF*ST*03359
REF*DP*043
DTM*999*20080501
RMR*IK*335920080502*PI*220.93*220.93*0
REF*PO*0020080503
REF*ST*03359
REF*DP*043
DTM*999*20080502
RMR*IK*335920080503*PI*187.05*187.05*0
REF*PO*0020080504
REF*ST*03359
REF*DP*043
DTM*999*20080503
RMR*IK*335920080504*PI*161.36*161.36*0
REF*PO*0020080505
REF*ST*03359
REF*DP*043
DTM*999*20080504
RMR*IK*335920080505*PI*246.69*246.69*0
REF*PO*0020080506
REF*ST*03359
REF*DP*043
DTM*999*20080505
RMR*IK*335920080506*PI*221.64*221.64*0
REF*PO*0020080507
REF*ST*03359
REF*DP*043
DTM*999*20080506
RMR*IK*335920080507*PI*253.39*253.39*0
REF*PO*0020080508
REF*ST*03359
REF*DP*043
DTM*999*20080507
RMR*IK*340820080501*PI*246.63*246.63*0
REF*PO*0020080502
REF*ST*03408
REF*DP*043
DTM*999*20080501
RMR*IK*340820080502*PI*341.75*341.75*0
REF*PO*0020080503
REF*ST*03408
REF*DP*043
DTM*999*20080502
RMR*IK*340820080503*PI*128.2*128.2*0
REF*PO*0020080504
REF*ST*03408
REF*DP*043
DTM*999*20080503
RMR*IK*340820080504*PI*420.12*420.12*0
REF*PO*0020080505
REF*ST*03408
REF*DP*043
DTM*999*20080504
RMR*IK*340820080505*PI*623.06*623.06*0
REF*PO*0020080506
REF*ST*03408
REF*DP*043
DTM*999*20080505
RMR*IK*340820080506*PI*599.68*599.68*0
REF*PO*0020080507
REF*ST*03408
REF*DP*043
DTM*999*20080506
RMR*IK*340820080507*PI*539.08*539.08*0
REF*PO*0020080508
REF*ST*03408
REF*DP*043
DTM*999*20080507
RMR*IK*342820080501*PI*336.61*336.61*0
REF*PO*0020080502
REF*ST*03428
REF*DP*043
DTM*999*20080501
RMR*IK*342820080502*PI*248.52*248.52*0
REF*PO*0020080503
REF*ST*03428
REF*DP*043
DTM*999*20080502
RMR*IK*342820080503*PI*380.85*380.85*0
REF*PO*0020080504
REF*ST*03428
REF*DP*043
DTM*999*20080503
RMR*IK*342820080504*PI*247.73*247.73*0
REF*PO*0020080505
REF*ST*03428
REF*DP*043
DTM*999*20080504
RMR*IK*342820080505*PI*195.73*195.73*0
REF*PO*0020080506
REF*ST*03428
REF*DP*043
DTM*999*20080505
RMR*IK*342820080506*PI*217.15*217.15*0
REF*PO*0020080507
REF*ST*03428
REF*DP*043
DTM*999*20080506
RMR*IK*342820080507*PI*241.79*241.79*0
REF*PO*0020080508
REF*ST*03428
REF*DP*043
DTM*999*20080507
RMR*IK*342820080525*PI*-3.2*-3.2*0
REF*PO*0020080527
REF*ST*03428
REF*DP*043
DTM*999*20080525
RMR*IK*360220080501*PI*231.43*231.43*0
REF*PO*0020080502
REF*ST*03602
REF*DP*043
DTM*999*20080501
RMR*IK*360220080502*PI*224.25*224.25*0
REF*PO*0020080503
REF*ST*03602
REF*DP*043
DTM*999*20080502
RMR*IK*360220080503*PI*159.55*159.55*0
REF*PO*0020080504
REF*ST*03602
REF*DP*043
DTM*999*20080503
RMR*IK*360220080504*PI*276.76*276.76*0
REF*PO*0020080505
REF*ST*03602
REF*DP*043
DTM*999*20080504
RMR*IK*360220080505*PI*261.65*261.65*0
REF*PO*0020080506
REF*ST*03602
REF*DP*043
DTM*999*20080505
RMR*IK*360220080506*PI*151.64*151.64*0
REF*PO*0020080507
REF*ST*03602
REF*DP*043
DTM*999*20080506
RMR*IK*360220080507*PI*160.08*160.08*0
REF*PO*0020080508
REF*ST*03602
REF*DP*043
DTM*999*20080507
RMR*IK*363220080501*PI*392.75*392.75*0
REF*PO*0020080502
REF*ST*03632
REF*DP*043
DTM*999*20080501
RMR*IK*363220080502*PI*779.32*779.32*0
REF*PO*0020080503
REF*ST*03632
REF*DP*043
DTM*999*20080502
RMR*IK*363220080503*PI*1411.02*1411.02*0
REF*PO*0020080504
REF*ST*03632
REF*DP*043
DTM*999*20080503
RMR*IK*363220080504*PI*763.08*763.08*0
REF*PO*0020080505
REF*ST*03632
REF*DP*043
DTM*999*20080504
RMR*IK*363220080505*PI*708.4*708.4*0
REF*PO*0020080506
REF*ST*03632
REF*DP*043
DTM*999*20080505
RMR*IK*363220080506*PI*1333.9*1333.9*0
REF*PO*0020080507
REF*ST*03632
REF*DP*043
DTM*999*20080506
RMR*IK*363220080507*PI*759.64*759.64*0
REF*PO*0020080508
REF*ST*03632
REF*DP*043
DTM*999*20080507
RMR*IK*364420080501*PI*633.07*633.07*0
REF*PO*0020080502
REF*ST*03644
REF*DP*043
DTM*999*20080501
RMR*IK*364420080502*PI*351.09*351.09*0
REF*PO*0020080503
REF*ST*03644
REF*DP*043
DTM*999*20080502
RMR*IK*364420080503*PI*774.04*774.04*0
REF*PO*0020080504
REF*ST*03644
REF*DP*043
DTM*999*20080503
RMR*IK*364420080504*PI*998.73*998.73*0
REF*PO*0020080505
REF*ST*03644
REF*DP*043
DTM*999*20080504
RMR*IK*364420080505*PI*647.48*647.48*0
REF*PO*0020080506
REF*ST*03644
REF*DP*043
DTM*999*20080505
RMR*IK*364420080506*PI*626.33*626.33*0
REF*PO*0020080507
REF*ST*03644
REF*DP*043
DTM*999*20080506
RMR*IK*364420080507*PI*387.19*387.19*0
REF*PO*0020080508
REF*ST*03644
REF*DP*043
DTM*999*20080507
RMR*IK*364420080524*PI*-6*-6*0
REF*PO*0020080526
REF*ST*03644
REF*DP*043
DTM*999*20080524
RMR*IK*364520080501*PI*275.73*275.73*0
REF*PO*0020080502
REF*ST*03645
REF*DP*043
DTM*999*20080501
RMR*IK*364520080502*PI*323.53*323.53*0
REF*PO*0020080503
REF*ST*03645
REF*DP*043
DTM*999*20080502
RMR*IK*364520080503*PI*329.36*329.36*0
REF*PO*0020080504
REF*ST*03645
REF*DP*043
DTM*999*20080503
RMR*IK*364520080504*PI*233.87*233.87*0
REF*PO*0020080505
REF*ST*03645
REF*DP*043
DTM*999*20080504
RMR*IK*364520080505*PI*296.35*296.35*0
REF*PO*0020080506
REF*ST*03645
REF*DP*043
DTM*999*20080505
RMR*IK*364520080506*PI*260.6*260.6*0
REF*PO*0020080507
REF*ST*03645
REF*DP*043
DTM*999*20080506
RMR*IK*364520080507*PI*292.69*292.69*0
REF*PO*0020080508
REF*ST*03645
REF*DP*043
DTM*999*20080507
RMR*IK*364620080501*PI*1917.95*1917.95*0
REF*PO*0020080502
REF*ST*03646
REF*DP*043
DTM*999*20080501
RMR*IK*364620080502*PI*840.71*840.71*0
REF*PO*0020080503
REF*ST*03646
REF*DP*043
DTM*999*20080502
RMR*IK*364620080503*PI*2143.6*2143.6*0
REF*PO*0020080504
REF*ST*03646
REF*DP*043
DTM*999*20080503
RMR*IK*364620080504*PI*2996.53*2996.53*0
REF*PO*0020080505
REF*ST*03646
REF*DP*043
DTM*999*20080504
RMR*IK*364620080505*PI*2062.85*2062.85*0
REF*PO*0020080506
REF*ST*03646
REF*DP*043
DTM*999*20080505
RMR*IK*364620080506*PI*1650.81*1650.81*0
REF*PO*0020080507
REF*ST*03646
REF*DP*043
DTM*999*20080506
RMR*IK*364620080507*PI*2246.06*2246.06*0
REF*PO*0020080508
REF*ST*03646
REF*DP*043
DTM*999*20080507
RMR*IK*366020080501*PI*118.16*118.16*0
REF*PO*0020080502
REF*ST*03660
REF*DP*043
DTM*999*20080501
RMR*IK*366020080502*PI*130*130*0
REF*PO*0020080503
REF*ST*03660
REF*DP*043
DTM*999*20080502
RMR*IK*366020080503*PI*105.24*105.24*0
REF*PO*0020080504
REF*ST*03660
REF*DP*043
DTM*999*20080503
RMR*IK*366020080504*PI*150.04*150.04*0
REF*PO*0020080505
REF*ST*03660
REF*DP*043
DTM*999*20080504
RMR*IK*366020080505*PI*138.39*138.39*0
REF*PO*0020080506
REF*ST*03660
REF*DP*043
DTM*999*20080505
RMR*IK*366020080506*PI*110.23*110.23*0
REF*PO*0020080507
REF*ST*03660
REF*DP*043
DTM*999*20080506
RMR*IK*366020080507*PI*134.32*134.32*0
REF*PO*0020080508
REF*ST*03660
REF*DP*043
DTM*999*20080507
RMR*IK*366020080527*PI*-8*-8*0
REF*PO*0020080528
REF*ST*03660
REF*DP*043
DTM*999*20080527
RMR*IK*366120080501*PI*268.81*268.81*0
REF*PO*0020080502
REF*ST*03661
REF*DP*043
DTM*999*20080501
RMR*IK*366120080502*PI*376.22*376.22*0
REF*PO*0020080503
REF*ST*03661
REF*DP*043
DTM*999*20080502
RMR*IK*366120080503*PI*401.93*401.93*0
REF*PO*0020080504
REF*ST*03661
REF*DP*043
DTM*999*20080503
RMR*IK*366120080504*PI*438.16*438.16*0
REF*PO*0020080505
REF*ST*03661
REF*DP*043
DTM*999*20080504
RMR*IK*366120080505*PI*394.39*394.39*0
REF*PO*0020080506
REF*ST*03661
REF*DP*043
DTM*999*20080505
RMR*IK*366120080506*PI*172.9*172.9*0
REF*PO*0020080507
REF*ST*03661
REF*DP*043
DTM*999*20080506
RMR*IK*366120080507*PI*170.48*170.48*0
REF*PO*0020080508
REF*ST*03661
REF*DP*043
DTM*999*20080507
RMR*IK*367220080501*PI*179.63*179.63*0
REF*PO*0020080502
REF*ST*03672
REF*DP*043
DTM*999*20080501
RMR*IK*367220080502*PI*231.48*231.48*0
REF*PO*0020080503
REF*ST*03672
REF*DP*043
DTM*999*20080502
RMR*IK*367220080503*PI*307.76*307.76*0
REF*PO*0020080504
REF*ST*03672
REF*DP*043
DTM*999*20080503
RMR*IK*367220080504*PI*418.4*418.4*0
REF*PO*0020080505
REF*ST*03672
REF*DP*043
DTM*999*20080504
RMR*IK*367220080505*PI*269.98*269.98*0
REF*PO*0020080506
REF*ST*03672
REF*DP*043
DTM*999*20080505
RMR*IK*367220080506*PI*362.48*362.48*0
REF*PO*0020080507
REF*ST*03672
REF*DP*043
DTM*999*20080506
RMR*IK*367220080507*PI*342.34*342.34*0
REF*PO*0020080508
REF*ST*03672
REF*DP*043
DTM*999*20080507
RMR*IK*367520080501*PI*151.43*151.43*0
REF*PO*0020080502
REF*ST*03675
REF*DP*043
DTM*999*20080501
RMR*IK*367520080502*PI*216.52*216.52*0
REF*PO*0020080503
REF*ST*03675
REF*DP*043
DTM*999*20080502
RMR*IK*367520080503*PI*106.51*106.51*0
REF*PO*0020080504
REF*ST*03675
REF*DP*043
DTM*999*20080503
RMR*IK*367520080504*PI*95.36*95.36*0
REF*PO*0020080505
REF*ST*03675
REF*DP*043
DTM*999*20080504
RMR*IK*367520080505*PI*140.84*140.84*0
REF*PO*0020080506
REF*ST*03675
REF*DP*043
DTM*999*20080505
RMR*IK*367520080506*PI*115.03*115.03*0
REF*PO*0020080507
REF*ST*03675
REF*DP*043
DTM*999*20080506
RMR*IK*367520080507*PI*129.41*129.41*0
REF*PO*0020080508
REF*ST*03675
REF*DP*043
DTM*999*20080507
RMR*IK*368520080501*PI*199.75*199.75*0
REF*PO*0020080502
REF*ST*03685
REF*DP*043
DTM*999*20080501
RMR*IK*368520080502*PI*147.25*147.25*0
REF*PO*0020080503
REF*ST*03685
REF*DP*043
DTM*999*20080502
RMR*IK*368520080503*PI*202.74*202.74*0
REF*PO*0020080504
REF*ST*03685
REF*DP*043
DTM*999*20080503
RMR*IK*368520080504*PI*319.82*319.82*0
REF*PO*0020080505
REF*ST*03685
REF*DP*043
DTM*999*20080504
RMR*IK*368520080505*PI*210.34*210.34*0
REF*PO*0020080506
REF*ST*03685
REF*DP*043
DTM*999*20080505
RMR*IK*368520080506*PI*236.06*236.06*0
REF*PO*0020080507
REF*ST*03685
REF*DP*043
DTM*999*20080506
RMR*IK*368520080507*PI*247.41*247.41*0
REF*PO*0020080508
REF*ST*03685
REF*DP*043
DTM*999*20080507
RMR*IK*370120080501*PI*223.44*223.44*0
REF*PO*0020080502
REF*ST*03701
REF*DP*043
DTM*999*20080501
RMR*IK*370120080502*PI*227.95*227.95*0
REF*PO*0020080503
REF*ST*03701
REF*DP*043
DTM*999*20080502
RMR*IK*370120080503*PI*141.73*141.73*0
REF*PO*0020080504
REF*ST*03701
REF*DP*043
DTM*999*20080503
RMR*IK*370120080504*PI*235.8*235.8*0
REF*PO*0020080505
REF*ST*03701
REF*DP*043
DTM*999*20080504
RMR*IK*370120080505*PI*233.19*233.19*0
REF*PO*0020080506
REF*ST*03701
REF*DP*043
DTM*999*20080505
RMR*IK*370120080506*PI*215.76*215.76*0
REF*PO*0020080507
REF*ST*03701
REF*DP*043
DTM*999*20080506
RMR*IK*370120080507*PI*216.65*216.65*0
REF*PO*0020080508
REF*ST*03701
REF*DP*043
DTM*999*20080507
RMR*IK*370320080501*PI*1749.33*1749.33*0
REF*PO*0020080502
REF*ST*03703
REF*DP*043
DTM*999*20080501
RMR*IK*370320080502*PI*1055.51*1055.51*0
REF*PO*0020080503
REF*ST*03703
REF*DP*043
DTM*999*20080502
RMR*IK*370320080503*PI*2829.07*2829.07*0
REF*PO*0020080504
REF*ST*03703
REF*DP*043
DTM*999*20080503
RMR*IK*370320080504*PI*2548.84*2548.84*0
REF*PO*0020080505
REF*ST*03703
REF*DP*043
DTM*999*20080504
RMR*IK*370320080505*PI*1902.11*1902.11*0
REF*PO*0020080506
REF*ST*03703
REF*DP*043
DTM*999*20080505
RMR*IK*370320080506*PI*583.99*583.99*0
REF*PO*0020080507
REF*ST*03703
REF*DP*043
DTM*999*20080506
RMR*IK*370320080507*PI*1933.82*1933.82*0
REF*PO*0020080508
REF*ST*03703
REF*DP*043
DTM*999*20080507
RMR*IK*371320080501*PI*110.08*110.08*0
REF*PO*0020080502
REF*ST*03713
REF*DP*043
DTM*999*20080501
RMR*IK*371320080502*PI*221.5*221.5*0
REF*PO*0020080503
REF*ST*03713
REF*DP*043
DTM*999*20080502
RMR*IK*371320080503*PI*409.84*409.84*0
REF*PO*0020080504
REF*ST*03713
REF*DP*043
DTM*999*20080503
RMR*IK*371320080504*PI*303.93*303.93*0
REF*PO*0020080505
REF*ST*03713
REF*DP*043
DTM*999*20080504
RMR*IK*371320080505*PI*374.18*374.18*0
REF*PO*0020080506
REF*ST*03713
REF*DP*043
DTM*999*20080505
RMR*IK*371320080506*PI*335.43*335.43*0
REF*PO*0020080507
REF*ST*03713
REF*DP*043
DTM*999*20080506
RMR*IK*371320080507*PI*276.66*276.66*0
REF*PO*0020080508
REF*ST*03713
REF*DP*043
DTM*999*20080507
RMR*IK*371520080501*PI*164.99*164.99*0
REF*PO*0020080502
REF*ST*03715
REF*DP*043
DTM*999*20080501
RMR*IK*371520080502*PI*251.2*251.2*0
REF*PO*0020080503
REF*ST*03715
REF*DP*043
DTM*999*20080502
RMR*IK*371520080503*PI*562.54*562.54*0
REF*PO*0020080504
REF*ST*03715
REF*DP*043
DTM*999*20080503
RMR*IK*371520080504*PI*546.05*546.05*0
REF*PO*0020080505
REF*ST*03715
REF*DP*043
DTM*999*20080504
RMR*IK*371520080505*PI*441.24*441.24*0
REF*PO*0020080506
REF*ST*03715
REF*DP*043
DTM*999*20080505
RMR*IK*371520080506*PI*342.14*342.14*0
REF*PO*0020080507
REF*ST*03715
REF*DP*043
DTM*999*20080506
RMR*IK*371520080507*PI*799.46*799.46*0
REF*PO*0020080508
REF*ST*03715
REF*DP*043
DTM*999*20080507
RMR*IK*377320080501*PI*111.57*111.57*0
REF*PO*0020080502
REF*ST*03773
REF*DP*043
DTM*999*20080501
RMR*IK*377320080502*PI*228.1*228.1*0
REF*PO*0020080503
REF*ST*03773
REF*DP*043
DTM*999*20080502
RMR*IK*377320080503*PI*250.47*250.47*0
REF*PO*0020080504
REF*ST*03773
REF*DP*043
DTM*999*20080503
RMR*IK*377320080504*PI*386*386*0
REF*PO*0020080505
REF*ST*03773
REF*DP*043
DTM*999*20080504
RMR*IK*377320080505*PI*280.74*280.74*0
REF*PO*0020080506
REF*ST*03773
REF*DP*043
DTM*999*20080505
RMR*IK*377320080506*PI*389.55*389.55*0
REF*PO*0020080507
REF*ST*03773
REF*DP*043
DTM*999*20080506
RMR*IK*377320080507*PI*373.45*373.45*0
REF*PO*0020080508
REF*ST*03773
REF*DP*043
DTM*999*20080507
RMR*IK*380820080501*PI*245.6*245.6*0
REF*PO*0020080502
REF*ST*03808
REF*DP*043
DTM*999*20080501
RMR*IK*380820080502*PI*364.17*364.17*0
REF*PO*0020080503
REF*ST*03808
REF*DP*043
DTM*999*20080502
RMR*IK*380820080503*PI*311.46*311.46*0
REF*PO*0020080504
REF*ST*03808
REF*DP*043
DTM*999*20080503
RMR*IK*380820080504*PI*212.54*212.54*0
REF*PO*0020080505
REF*ST*03808
REF*DP*043
DTM*999*20080504
RMR*IK*380820080505*PI*265.87*265.87*0
REF*PO*0020080506
REF*ST*03808
REF*DP*043
DTM*999*20080505
RMR*IK*380820080506*PI*188*188*0
REF*PO*0020080507
REF*ST*03808
REF*DP*043
DTM*999*20080506
RMR*IK*380820080507*PI*284.62*284.62*0
REF*PO*0020080508
REF*ST*03808
REF*DP*043
DTM*999*20080507
RMR*IK*382220080501*PI*145.52*145.52*0
REF*PO*0020080502
REF*ST*03822
REF*DP*043
DTM*999*20080501
RMR*IK*382220080502*PI*123.35*123.35*0
REF*PO*0020080503
REF*ST*03822
REF*DP*043
DTM*999*20080502
RMR*IK*382220080503*PI*911.61*911.61*0
REF*PO*0020080504
REF*ST*03822
REF*DP*043
DTM*999*20080503
RMR*IK*382220080504*PI*797.51*797.51*0
REF*PO*0020080505
REF*ST*03822
REF*DP*043
DTM*999*20080504
RMR*IK*382220080505*PI*615.82*615.82*0
REF*PO*0020080506
REF*ST*03822
REF*DP*043
DTM*999*20080505
RMR*IK*382220080506*PI*422.42*422.42*0
REF*PO*0020080507
REF*ST*03822
REF*DP*043
DTM*999*20080506
RMR*IK*382220080507*PI*427.53*427.53*0
REF*PO*0020080508
REF*ST*03822
REF*DP*043
DTM*999*20080507
RMR*IK*383620080501*PI*138.64*138.64*0
REF*PO*0020080502
REF*ST*03836
REF*DP*043
DTM*999*20080501
RMR*IK*383620080502*PI*482.08*482.08*0
REF*PO*0020080503
REF*ST*03836
REF*DP*043
DTM*999*20080502
RMR*IK*383620080503*PI*240.88*240.88*0
REF*PO*0020080504
REF*ST*03836
REF*DP*043
DTM*999*20080503
RMR*IK*383620080504*PI*206.67*206.67*0
REF*PO*0020080505
REF*ST*03836
REF*DP*043
DTM*999*20080504
RMR*IK*383620080505*PI*297.19*297.19*0
REF*PO*0020080506
REF*ST*03836
REF*DP*043
DTM*999*20080505
RMR*IK*383620080506*PI*468.09*468.09*0
REF*PO*0020080507
REF*ST*03836
REF*DP*043
DTM*999*20080506
RMR*IK*383620080507*PI*279.7*279.7*0
REF*PO*0020080508
REF*ST*03836
REF*DP*043
DTM*999*20080507
RMR*IK*383620080525*PI*-11.9*-11.9*0
REF*PO*0020080527
REF*ST*03836
REF*DP*043
DTM*999*20080525
RMR*IK*384820080501*PI*164.52*164.52*0
REF*PO*0020080502
REF*ST*03848
REF*DP*043
DTM*999*20080501
RMR*IK*384820080502*PI*202.46*202.46*0
REF*PO*0020080503
REF*ST*03848
REF*DP*043
DTM*999*20080502
RMR*IK*384820080503*PI*555.36*555.36*0
REF*PO*0020080504
REF*ST*03848
REF*DP*043
DTM*999*20080503
RMR*IK*384820080504*PI*412.2*412.2*0
REF*PO*0020080505
REF*ST*03848
REF*DP*043
DTM*999*20080504
RMR*IK*384820080505*PI*488.7*488.7*0
REF*PO*0020080506
REF*ST*03848
REF*DP*043
DTM*999*20080505
RMR*IK*384820080506*PI*438.48*438.48*0
REF*PO*0020080507
REF*ST*03848
REF*DP*043
DTM*999*20080506
RMR*IK*384820080507*PI*229.62*229.62*0
REF*PO*0020080508
REF*ST*03848
REF*DP*043
DTM*999*20080507
RMR*IK*385220080501*PI*298.03*298.03*0
REF*PO*0020080502
REF*ST*03852
REF*DP*043
DTM*999*20080501
RMR*IK*385220080502*PI*248.61*248.61*0
REF*PO*0020080503
REF*ST*03852
REF*DP*043
DTM*999*20080502
RMR*IK*385220080503*PI*349.28*349.28*0
REF*PO*0020080504
REF*ST*03852
REF*DP*043
DTM*999*20080503
RMR*IK*385220080504*PI*260.67*260.67*0
REF*PO*0020080505
REF*ST*03852
REF*DP*043
DTM*999*20080504
RMR*IK*385220080505*PI*258.54*258.54*0
REF*PO*0020080506
REF*ST*03852
REF*DP*043
DTM*999*20080505
RMR*IK*385220080506*PI*110.11*110.11*0
REF*PO*0020080507
REF*ST*03852
REF*DP*043
DTM*999*20080506
RMR*IK*385220080507*PI*129.49*129.49*0
REF*PO*0020080508
REF*ST*03852
REF*DP*043
DTM*999*20080507
RMR*IK*387620080501*PI*53.54*53.54*0
REF*PO*0020080502
REF*ST*03876
REF*DP*043
DTM*999*20080501
RMR*IK*387620080502*PI*175.16*175.16*0
REF*PO*0020080503
REF*ST*03876
REF*DP*043
DTM*999*20080502
RMR*IK*387620080503*PI*227.12*227.12*0
REF*PO*0020080504
REF*ST*03876
REF*DP*043
DTM*999*20080503
RMR*IK*387620080504*PI*99.64*99.64*0
REF*PO*0020080505
REF*ST*03876
REF*DP*043
DTM*999*20080504
RMR*IK*387620080505*PI*171.1*171.1*0
REF*PO*0020080506
REF*ST*03876
REF*DP*043
DTM*999*20080505
RMR*IK*387620080506*PI*184.54*184.54*0
REF*PO*0020080507
REF*ST*03876
REF*DP*043
DTM*999*20080506
RMR*IK*387620080507*PI*195.93*195.93*0
REF*PO*0020080508
REF*ST*03876
REF*DP*043
DTM*999*20080507
RMR*IK*388620080501*PI*72.26*72.26*0
REF*PO*0020080502
REF*ST*03886
REF*DP*043
DTM*999*20080501
RMR*IK*388620080502*PI*111.03*111.03*0
REF*PO*0020080503
REF*ST*03886
REF*DP*043
DTM*999*20080502
RMR*IK*388620080503*PI*42.12*42.12*0
REF*PO*0020080504
REF*ST*03886
REF*DP*043
DTM*999*20080503
RMR*IK*388620080504*PI*98.89*98.89*0
REF*PO*0020080505
REF*ST*03886
REF*DP*043
DTM*999*20080504
RMR*IK*388620080505*PI*221.49*221.49*0
REF*PO*0020080506
REF*ST*03886
REF*DP*043
DTM*999*20080505
RMR*IK*388620080506*PI*261.34*261.34*0
REF*PO*0020080507
REF*ST*03886
REF*DP*043
DTM*999*20080506
RMR*IK*388620080507*PI*225.54*225.54*0
REF*PO*0020080508
REF*ST*03886
REF*DP*043
DTM*999*20080507
RMR*IK*392520080501*PI*263.65*263.65*0
REF*PO*0020080502
REF*ST*03925
REF*DP*043
DTM*999*20080501
RMR*IK*392520080502*PI*160.96*160.96*0
REF*PO*0020080503
REF*ST*03925
REF*DP*043
DTM*999*20080502
RMR*IK*392520080503*PI*402.66*402.66*0
REF*PO*0020080504
REF*ST*03925
REF*DP*043
DTM*999*20080503
RMR*IK*392520080504*PI*256.69*256.69*0
REF*PO*0020080505
REF*ST*03925
REF*DP*043
DTM*999*20080504
RMR*IK*392520080505*PI*184.15*184.15*0
REF*PO*0020080506
REF*ST*03925
REF*DP*043
DTM*999*20080505
RMR*IK*392520080506*PI*152.94*152.94*0
REF*PO*0020080507
REF*ST*03925
REF*DP*043
DTM*999*20080506
RMR*IK*392520080507*PI*287.56*287.56*0
REF*PO*0020080508
REF*ST*03925
REF*DP*043
DTM*999*20080507
RMR*IK*393120080501*PI*58.94*58.94*0
REF*PO*0020080502
REF*ST*03931
REF*DP*043
DTM*999*20080501
RMR*IK*393120080502*PI*77.55*77.55*0
REF*PO*0020080503
REF*ST*03931
REF*DP*043
DTM*999*20080502
RMR*IK*393120080503*PI*56.6*56.6*0
REF*PO*0020080504
REF*ST*03931
REF*DP*043
DTM*999*20080503
RMR*IK*393120080504*PI*58.01*58.01*0
REF*PO*0020080505
REF*ST*03931
REF*DP*043
DTM*999*20080504
RMR*IK*393120080505*PI*141.4*141.4*0
REF*PO*0020080506
REF*ST*03931
REF*DP*043
DTM*999*20080505
RMR*IK*393120080506*PI*58.51*58.51*0
REF*PO*0020080507
REF*ST*03931
REF*DP*043
DTM*999*20080506
RMR*IK*393120080507*PI*69.88*69.88*0
REF*PO*0020080508
REF*ST*03931
REF*DP*043
DTM*999*20080507
RMR*IK*393920080501*PI*19.12*19.12*0
REF*PO*0020080502
REF*ST*03939
REF*DP*043
DTM*999*20080501
RMR*IK*393920080502*PI*42.05*42.05*0
REF*PO*0020080503
REF*ST*03939
REF*DP*043
DTM*999*20080502
RMR*IK*393920080503*PI*36.5*36.5*0
REF*PO*0020080504
REF*ST*03939
REF*DP*043
DTM*999*20080503
RMR*IK*393920080504*PI*133.37*133.37*0
REF*PO*0020080505
REF*ST*03939
REF*DP*043
DTM*999*20080504
RMR*IK*393920080505*PI*34.99*34.99*0
REF*PO*0020080506
REF*ST*03939
REF*DP*043
DTM*999*20080505
RMR*IK*393920080506*PI*27.55*27.55*0
REF*PO*0020080507
REF*ST*03939
REF*DP*043
DTM*999*20080506
RMR*IK*393920080507*PI*67.42*67.42*0
REF*PO*0020080508
REF*ST*03939
REF*DP*043
DTM*999*20080507
RMR*IK*394120080501*PI*480.99*480.99*0
REF*PO*0020080502
REF*ST*03941
REF*DP*043
DTM*999*20080501
RMR*IK*394120080502*PI*541.97*541.97*0
REF*PO*0020080503
REF*ST*03941
REF*DP*043
DTM*999*20080502
RMR*IK*394120080503*PI*665.12*665.12*0
REF*PO*0020080504
REF*ST*03941
REF*DP*043
DTM*999*20080503
RMR*IK*394120080504*PI*790.52*790.52*0
REF*PO*0020080505
REF*ST*03941
REF*DP*043
DTM*999*20080504
RMR*IK*394120080505*PI*492.13*492.13*0
REF*PO*0020080506
REF*ST*03941
REF*DP*043
DTM*999*20080505
RMR*IK*394120080506*PI*589.84*589.84*0
REF*PO*0020080507
REF*ST*03941
REF*DP*043
DTM*999*20080506
RMR*IK*394120080507*PI*1127.04*1127.04*0
REF*PO*0020080508
REF*ST*03941
REF*DP*043
DTM*999*20080507
RMR*IK*395720080501*PI*54.35*54.35*0
REF*PO*0020080502
REF*ST*03957
REF*DP*043
DTM*999*20080501
RMR*IK*395720080502*PI*69.83*69.83*0
REF*PO*0020080503
REF*ST*03957
REF*DP*043
DTM*999*20080502
RMR*IK*395720080503*PI*91.88*91.88*0
REF*PO*0020080504
REF*ST*03957
REF*DP*043
DTM*999*20080503
RMR*IK*395720080504*PI*39.15*39.15*0
REF*PO*0020080505
REF*ST*03957
REF*DP*043
DTM*999*20080504
RMR*IK*395720080505*PI*83.88*83.88*0
REF*PO*0020080506
REF*ST*03957
REF*DP*043
DTM*999*20080505
RMR*IK*395720080506*PI*68.07*68.07*0
REF*PO*0020080507
REF*ST*03957
REF*DP*043
DTM*999*20080506
RMR*IK*395720080507*PI*44.93*44.93*0
REF*PO*0020080508
REF*ST*03957
REF*DP*043
DTM*999*20080507
RMR*IK*396620080501*PI*154.01*154.01*0
REF*PO*0020080502
REF*ST*03966
REF*DP*043
DTM*999*20080501
RMR*IK*396620080502*PI*172.39*172.39*0
REF*PO*0020080503
REF*ST*03966
REF*DP*043
DTM*999*20080502
RMR*IK*396620080503*PI*141.88*141.88*0
REF*PO*0020080504
REF*ST*03966
REF*DP*043
DTM*999*20080503
RMR*IK*396620080504*PI*409.95*409.95*0
REF*PO*0020080505
REF*ST*03966
REF*DP*043
DTM*999*20080504
RMR*IK*396620080505*PI*239.8*239.8*0
REF*PO*0020080506
REF*ST*03966
REF*DP*043
DTM*999*20080505
RMR*IK*396620080506*PI*106.87*106.87*0
REF*PO*0020080507
REF*ST*03966
REF*DP*043
DTM*999*20080506
RMR*IK*396620080507*PI*185.67*185.67*0
REF*PO*0020080508
REF*ST*03966
REF*DP*043
DTM*999*20080507
RMR*IK*396720080501*PI*87.35*87.35*0
REF*PO*0020080502
REF*ST*03967
REF*DP*043
DTM*999*20080501
RMR*IK*396720080502*PI*119.45*119.45*0
REF*PO*0020080503
REF*ST*03967
REF*DP*043
DTM*999*20080502
RMR*IK*396720080503*PI*75.2*75.2*0
REF*PO*0020080504
REF*ST*03967
REF*DP*043
DTM*999*20080503
RMR*IK*396720080504*PI*74.24*74.24*0
REF*PO*0020080505
REF*ST*03967
REF*DP*043
DTM*999*20080504
RMR*IK*396720080505*PI*78.47*78.47*0
REF*PO*0020080506
REF*ST*03967
REF*DP*043
DTM*999*20080505
RMR*IK*396720080506*PI*79.37*79.37*0
REF*PO*0020080507
REF*ST*03967
REF*DP*043
DTM*999*20080506
RMR*IK*396720080507*PI*50.86*50.86*0
REF*PO*0020080508
REF*ST*03967
REF*DP*043
DTM*999*20080507
RMR*IK*397520080501*PI*165.9*165.9*0
REF*PO*0020080502
REF*ST*03975
REF*DP*043
DTM*999*20080501
RMR*IK*397520080502*PI*231.58*231.58*0
REF*PO*0020080503
REF*ST*03975
REF*DP*043
DTM*999*20080502
RMR*IK*397520080503*PI*138.86*138.86*0
REF*PO*0020080504
REF*ST*03975
REF*DP*043
DTM*999*20080503
RMR*IK*397520080504*PI*175.59*175.59*0
REF*PO*0020080505
REF*ST*03975
REF*DP*043
DTM*999*20080504
RMR*IK*397520080505*PI*287.88*287.88*0
REF*PO*0020080506
REF*ST*03975
REF*DP*043
DTM*999*20080505
RMR*IK*397520080506*PI*124.41*124.41*0
REF*PO*0020080507
REF*ST*03975
REF*DP*043
DTM*999*20080506
RMR*IK*397520080507*PI*185.9*185.9*0
REF*PO*0020080508
REF*ST*03975
REF*DP*043
DTM*999*20080507
RMR*IK*397820080501*PI*251.12*251.12*0
REF*PO*0020080502
REF*ST*03978
REF*DP*043
DTM*999*20080501
RMR*IK*397820080502*PI*422.47*422.47*0
REF*PO*0020080503
REF*ST*03978
REF*DP*043
DTM*999*20080502
RMR*IK*397820080503*PI*508.42*508.42*0
REF*PO*0020080504
REF*ST*03978
REF*DP*043
DTM*999*20080503
RMR*IK*397820080504*PI*584.83*584.83*0
REF*PO*0020080505
REF*ST*03978
REF*DP*043
DTM*999*20080504
RMR*IK*397820080505*PI*388.64*388.64*0
REF*PO*0020080506
REF*ST*03978
REF*DP*043
DTM*999*20080505
RMR*IK*397820080506*PI*206.05*206.05*0
REF*PO*0020080507
REF*ST*03978
REF*DP*043
DTM*999*20080506
RMR*IK*397820080507*PI*209.11*209.11*0
REF*PO*0020080508
REF*ST*03978
REF*DP*043
DTM*999*20080507
RMR*IK*399420080501*PI*65.45*65.45*0
REF*PO*0020080502
REF*ST*03994
REF*DP*043
DTM*999*20080501
RMR*IK*399420080502*PI*60.95*60.95*0
REF*PO*0020080503
REF*ST*03994
REF*DP*043
DTM*999*20080502
RMR*IK*399420080503*PI*69.25*69.25*0
REF*PO*0020080504
REF*ST*03994
REF*DP*043
DTM*999*20080503
RMR*IK*399420080504*PI*120.59*120.59*0
REF*PO*0020080505
REF*ST*03994
REF*DP*043
DTM*999*20080504
RMR*IK*399420080505*PI*129.75*129.75*0
REF*PO*0020080506
REF*ST*03994
REF*DP*043
DTM*999*20080505
RMR*IK*399420080506*PI*149.02*149.02*0
REF*PO*0020080507
REF*ST*03994
REF*DP*043
DTM*999*20080506
RMR*IK*399420080507*PI*146.75*146.75*0
REF*PO*0020080508
REF*ST*03994
REF*DP*043
DTM*999*20080507
RMR*IK*399620080501*PI*180.47*180.47*0
REF*PO*0020080502
REF*ST*03996
REF*DP*043
DTM*999*20080501
RMR*IK*399620080502*PI*398.28*398.28*0
REF*PO*0020080503
REF*ST*03996
REF*DP*043
DTM*999*20080502
RMR*IK*399620080503*PI*267.58*267.58*0
REF*PO*0020080504
REF*ST*03996
REF*DP*043
DTM*999*20080503
RMR*IK*399620080504*PI*463.94*463.94*0
REF*PO*0020080505
REF*ST*03996
REF*DP*043
DTM*999*20080504
RMR*IK*399620080505*PI*217.68*217.68*0
REF*PO*0020080506
REF*ST*03996
REF*DP*043
DTM*999*20080505
RMR*IK*399620080506*PI*345.52*345.52*0
REF*PO*0020080507
REF*ST*03996
REF*DP*043
DTM*999*20080506
RMR*IK*399620080507*PI*295.68*295.68*0
REF*PO*0020080508
REF*ST*03996
REF*DP*043
DTM*999*20080507
RMR*IK*401620080501*PI*537.95*537.95*0
REF*PO*0020080502
REF*ST*04016
REF*DP*043
DTM*999*20080501
RMR*IK*401620080502*PI*540.78*540.78*0
REF*PO*0020080503
REF*ST*04016
REF*DP*043
DTM*999*20080502
RMR*IK*401620080503*PI*530.73*530.73*0
REF*PO*0020080504
REF*ST*04016
REF*DP*043
DTM*999*20080503
RMR*IK*401620080504*PI*442.98*442.98*0
REF*PO*0020080505
REF*ST*04016
REF*DP*043
DTM*999*20080504
RMR*IK*401620080505*PI*669.91*669.91*0
REF*PO*0020080506
REF*ST*04016
REF*DP*043
DTM*999*20080505
RMR*IK*401620080506*PI*558.06*558.06*0
REF*PO*0020080507
REF*ST*04016
REF*DP*043
DTM*999*20080506
RMR*IK*401620080507*PI*610.18*610.18*0
REF*PO*0020080508
REF*ST*04016
REF*DP*043
DTM*999*20080507
RMR*IK*403320080501*PI*223.84*223.84*0
REF*PO*0020080502
REF*ST*04033
REF*DP*043
DTM*999*20080501
RMR*IK*403320080502*PI*130.35*130.35*0
REF*PO*0020080503
REF*ST*04033
REF*DP*043
DTM*999*20080502
RMR*IK*403320080503*PI*131.6*131.6*0
REF*PO*0020080504
REF*ST*04033
REF*DP*043
DTM*999*20080503
RMR*IK*403320080504*PI*161.89*161.89*0
REF*PO*0020080505
REF*ST*04033
REF*DP*043
DTM*999*20080504
RMR*IK*403320080505*PI*207.1*207.1*0
REF*PO*0020080506
REF*ST*04033
REF*DP*043
DTM*999*20080505
RMR*IK*403320080506*PI*80.07*80.07*0
REF*PO*0020080507
REF*ST*04033
REF*DP*043
DTM*999*20080506
RMR*IK*403320080507*PI*33.85*33.85*0
REF*PO*0020080508
REF*ST*04033
REF*DP*043
DTM*999*20080507
RMR*IK*407120080501*PI*121.25*121.25*0
REF*PO*0020080502
REF*ST*04071
REF*DP*043
DTM*999*20080501
RMR*IK*407120080502*PI*221.93*221.93*0
REF*PO*0020080503
REF*ST*04071
REF*DP*043
DTM*999*20080502
RMR*IK*407120080503*PI*278.07*278.07*0
REF*PO*0020080504
REF*ST*04071
REF*DP*043
DTM*999*20080503
RMR*IK*407120080504*PI*265.67*265.67*0
REF*PO*0020080505
REF*ST*04071
REF*DP*043
DTM*999*20080504
RMR*IK*407120080505*PI*175.03*175.03*0
REF*PO*0020080506
REF*ST*04071
REF*DP*043
DTM*999*20080505
RMR*IK*407120080506*PI*214.64*214.64*0
REF*PO*0020080507
REF*ST*04071
REF*DP*043
DTM*999*20080506
RMR*IK*407120080507*PI*146.35*146.35*0
REF*PO*0020080508
REF*ST*04071
REF*DP*043
DTM*999*20080507
RMR*IK*409320080501*PI*1357.2*1357.2*0
REF*PO*0020080502
REF*ST*04093
REF*DP*043
DTM*999*20080501
RMR*IK*409320080502*PI*876.02*876.02*0
REF*PO*0020080503
REF*ST*04093
REF*DP*043
DTM*999*20080502
RMR*IK*409320080503*PI*1942.67*1942.67*0
REF*PO*0020080504
REF*ST*04093
REF*DP*043
DTM*999*20080503
RMR*IK*409320080504*PI*1787.42*1787.42*0
REF*PO*0020080505
REF*ST*04093
REF*DP*043
DTM*999*20080504
RMR*IK*409320080505*PI*2135.3*2135.3*0
REF*PO*0020080506
REF*ST*04093
REF*DP*043
DTM*999*20080505
RMR*IK*409320080506*PI*2143.5*2143.5*0
REF*PO*0020080507
REF*ST*04093
REF*DP*043
DTM*999*20080506
RMR*IK*409320080507*PI*1392.96*1392.96*0
REF*PO*0020080508
REF*ST*04093
REF*DP*043
DTM*999*20080507
RMR*IK*410320080501*PI*882.38*882.38*0
REF*PO*0020080502
REF*ST*04103
REF*DP*043
DTM*999*20080501
RMR*IK*410320080502*PI*438.57*438.57*0
REF*PO*0020080503
REF*ST*04103
REF*DP*043
DTM*999*20080502
RMR*IK*410320080503*PI*1100.37*1100.37*0
REF*PO*0020080504
REF*ST*04103
REF*DP*043
DTM*999*20080503
RMR*IK*410320080504*PI*1194.29*1194.29*0
REF*PO*0020080505
REF*ST*04103
REF*DP*043
DTM*999*20080504
RMR*IK*410320080505*PI*796.21*796.21*0
REF*PO*0020080506
REF*ST*04103
REF*DP*043
DTM*999*20080505
RMR*IK*410320080506*PI*1048.74*1048.74*0
REF*PO*0020080507
REF*ST*04103
REF*DP*043
DTM*999*20080506
RMR*IK*410320080507*PI*986.18*986.18*0
REF*PO*0020080508
REF*ST*04103
REF*DP*043
DTM*999*20080507
RMR*IK*411220080501*PI*114.65*114.65*0
REF*PO*0020080502
REF*ST*04112
REF*DP*043
DTM*999*20080501
RMR*IK*411220080502*PI*132.52*132.52*0
REF*PO*0020080503
REF*ST*04112
REF*DP*043
DTM*999*20080502
RMR*IK*411220080503*PI*71*71*0
REF*PO*0020080504
REF*ST*04112
REF*DP*043
DTM*999*20080503
RMR*IK*411220080504*PI*183.95*183.95*0
REF*PO*0020080505
REF*ST*04112
REF*DP*043
DTM*999*20080504
RMR*IK*411220080505*PI*368.49*368.49*0
REF*PO*0020080506
REF*ST*04112
REF*DP*043
DTM*999*20080505
RMR*IK*411220080506*PI*330.18*330.18*0
REF*PO*0020080507
REF*ST*04112
REF*DP*043
DTM*999*20080506
RMR*IK*411220080507*PI*266.73*266.73*0
REF*PO*0020080508
REF*ST*04112
REF*DP*043
DTM*999*20080507
RMR*IK*412220080501*PI*59.95*59.95*0
REF*PO*0020080502
REF*ST*04122
REF*DP*043
DTM*999*20080501
RMR*IK*412220080502*PI*108.12*108.12*0
REF*PO*0020080503
REF*ST*04122
REF*DP*043
DTM*999*20080502
RMR*IK*412220080503*PI*72.72*72.72*0
REF*PO*0020080504
REF*ST*04122
REF*DP*043
DTM*999*20080503
RMR*IK*412220080504*PI*128.1*128.1*0
REF*PO*0020080505
REF*ST*04122
REF*DP*043
DTM*999*20080504
RMR*IK*412220080505*PI*150.82*150.82*0
REF*PO*0020080506
REF*ST*04122
REF*DP*043
DTM*999*20080505
RMR*IK*412220080506*PI*67.3*67.3*0
REF*PO*0020080507
REF*ST*04122
REF*DP*043
DTM*999*20080506
RMR*IK*412220080507*PI*89.2*89.2*0
REF*PO*0020080508
REF*ST*04122
REF*DP*043
DTM*999*20080507
RMR*IK*413720080501*PI*75*75*0
REF*PO*0020080502
REF*ST*04137
REF*DP*043
DTM*999*20080501
RMR*IK*413720080502*PI*150.91*150.91*0
REF*PO*0020080503
REF*ST*04137
REF*DP*043
DTM*999*20080502
RMR*IK*413720080503*PI*239.3*239.3*0
REF*PO*0020080504
REF*ST*04137
REF*DP*043
DTM*999*20080503
RMR*IK*413720080504*PI*158.7*158.7*0
REF*PO*0020080505
REF*ST*04137
REF*DP*043
DTM*999*20080504
RMR*IK*413720080505*PI*326.88*326.88*0
REF*PO*0020080506
REF*ST*04137
REF*DP*043
DTM*999*20080505
RMR*IK*413720080506*PI*347.05*347.05*0
REF*PO*0020080507
REF*ST*04137
REF*DP*043
DTM*999*20080506
RMR*IK*413720080507*PI*326.42*326.42*0
REF*PO*0020080508
REF*ST*04137
REF*DP*043
DTM*999*20080507
RMR*IK*418920080501*PI*134.82*134.82*0
REF*PO*0020080502
REF*ST*04189
REF*DP*043
DTM*999*20080501
RMR*IK*418920080502*PI*155.58*155.58*0
REF*PO*0020080503
REF*ST*04189
REF*DP*043
DTM*999*20080502
RMR*IK*418920080503*PI*222.1*222.1*0
REF*PO*0020080504
REF*ST*04189
REF*DP*043
DTM*999*20080503
RMR*IK*418920080504*PI*250.31*250.31*0
REF*PO*0020080505
REF*ST*04189
REF*DP*043
DTM*999*20080504
RMR*IK*418920080505*PI*195.48*195.48*0
REF*PO*0020080506
REF*ST*04189
REF*DP*043
DTM*999*20080505
RMR*IK*418920080506*PI*119.29*119.29*0
REF*PO*0020080507
REF*ST*04189
REF*DP*043
DTM*999*20080506
RMR*IK*418920080507*PI*88.41*88.41*0
REF*PO*0020080508
REF*ST*04189
REF*DP*043
DTM*999*20080507
RMR*IK*419820080501*PI*291.75*291.75*0
REF*PO*0020080502
REF*ST*04198
REF*DP*043
DTM*999*20080501
RMR*IK*419820080502*PI*211.58*211.58*0
REF*PO*0020080503
REF*ST*04198
REF*DP*043
DTM*999*20080502
RMR*IK*419820080503*PI*488.89*488.89*0
REF*PO*0020080504
REF*ST*04198
REF*DP*043
DTM*999*20080503
RMR*IK*419820080504*PI*328.64*328.64*0
REF*PO*0020080505
REF*ST*04198
REF*DP*043
DTM*999*20080504
RMR*IK*419820080505*PI*328.27*328.27*0
REF*PO*0020080506
REF*ST*04198
REF*DP*043
DTM*999*20080505
RMR*IK*419820080506*PI*231.54*231.54*0
REF*PO*0020080507
REF*ST*04198
REF*DP*043
DTM*999*20080506
RMR*IK*419820080507*PI*267.83*267.83*0
REF*PO*0020080508
REF*ST*04198
REF*DP*043
DTM*999*20080507
RMR*IK*420220080501*PI*553.9*553.9*0
REF*PO*0020080502
REF*ST*04202
REF*DP*043
DTM*999*20080501
RMR*IK*420220080502*PI*476.85*476.85*0
REF*PO*0020080503
REF*ST*04202
REF*DP*043
DTM*999*20080502
RMR*IK*420220080503*PI*723.54*723.54*0
REF*PO*0020080504
REF*ST*04202
REF*DP*043
DTM*999*20080503
RMR*IK*420220080504*PI*844.79*844.79*0
REF*PO*0020080505
REF*ST*04202
REF*DP*043
DTM*999*20080504
RMR*IK*420220080505*PI*743.36*743.36*0
REF*PO*0020080506
REF*ST*04202
REF*DP*043
DTM*999*20080505
RMR*IK*420220080506*PI*440.97*440.97*0
REF*PO*0020080507
REF*ST*04202
REF*DP*043
DTM*999*20080506
RMR*IK*420220080507*PI*594.65*594.65*0
REF*PO*0020080508
REF*ST*04202
REF*DP*043
DTM*999*20080507
RMR*IK*424420080501*PI*1330.19*1330.19*0
REF*PO*0020080502
REF*ST*04244
REF*DP*043
DTM*999*20080501
RMR*IK*424420080502*PI*1449.19*1449.19*0
REF*PO*0020080503
REF*ST*04244
REF*DP*043
DTM*999*20080502
RMR*IK*424420080503*PI*1180.45*1180.45*0
REF*PO*0020080504
REF*ST*04244
REF*DP*043
DTM*999*20080503
RMR*IK*424420080504*PI*2564.58*2564.58*0
REF*PO*0020080505
REF*ST*04244
REF*DP*043
DTM*999*20080504
RMR*IK*424420080505*PI*1572.74*1572.74*0
REF*PO*0020080506
REF*ST*04244
REF*DP*043
DTM*999*20080505
RMR*IK*424420080506*PI*1754.92*1754.92*0
REF*PO*0020080507
REF*ST*04244
REF*DP*043
DTM*999*20080506
RMR*IK*424420080507*PI*2256.73*2256.73*0
REF*PO*0020080508
REF*ST*04244
REF*DP*043
DTM*999*20080507
RMR*IK*430820080501*PI*201.77*201.77*0
REF*PO*0020080502
REF*ST*04308
REF*DP*043
DTM*999*20080501
RMR*IK*430820080502*PI*241.24*241.24*0
REF*PO*0020080503
REF*ST*04308
REF*DP*043
DTM*999*20080502
RMR*IK*430820080503*PI*77.96*77.96*0
REF*PO*0020080504
REF*ST*04308
REF*DP*043
DTM*999*20080503
RMR*IK*430820080504*PI*353.69*353.69*0
REF*PO*0020080505
REF*ST*04308
REF*DP*043
DTM*999*20080504
RMR*IK*430820080505*PI*322.82*322.82*0
REF*PO*0020080506
REF*ST*04308
REF*DP*043
DTM*999*20080505
RMR*IK*430820080506*PI*249.68*249.68*0
REF*PO*0020080507
REF*ST*04308
REF*DP*043
DTM*999*20080506
RMR*IK*430820080507*PI*359.79*359.79*0
REF*PO*0020080508
REF*ST*04308
REF*DP*043
DTM*999*20080507
RMR*IK*431220080501*PI*99.36*99.36*0
REF*PO*0020080502
REF*ST*04312
REF*DP*043
DTM*999*20080501
RMR*IK*431220080502*PI*69.75*69.75*0
REF*PO*0020080503
REF*ST*04312
REF*DP*043
DTM*999*20080502
RMR*IK*431220080503*PI*168.85*168.85*0
REF*PO*0020080504
REF*ST*04312
REF*DP*043
DTM*999*20080503
RMR*IK*431220080504*PI*163.35*163.35*0
REF*PO*0020080505
REF*ST*04312
REF*DP*043
DTM*999*20080504
RMR*IK*431220080505*PI*188.99*188.99*0
REF*PO*0020080506
REF*ST*04312
REF*DP*043
DTM*999*20080505
RMR*IK*431220080506*PI*169.34*169.34*0
REF*PO*0020080507
REF*ST*04312
REF*DP*043
DTM*999*20080506
RMR*IK*431220080507*PI*104.82*104.82*0
REF*PO*0020080508
REF*ST*04312
REF*DP*043
DTM*999*20080507
RMR*IK*447520080501*PI*348.3*348.3*0
REF*PO*0020080502
REF*ST*04475
REF*DP*043
DTM*999*20080501
RMR*IK*447520080502*PI*384.63*384.63*0
REF*PO*0020080503
REF*ST*04475
REF*DP*043
DTM*999*20080502
RMR*IK*447520080503*PI*300.5*300.5*0
REF*PO*0020080504
REF*ST*04475
REF*DP*043
DTM*999*20080503
RMR*IK*447520080504*PI*248.15*248.15*0
REF*PO*0020080505
REF*ST*04475
REF*DP*043
DTM*999*20080504
RMR*IK*447520080505*PI*325.82*325.82*0
REF*PO*0020080506
REF*ST*04475
REF*DP*043
DTM*999*20080505
RMR*IK*447520080506*PI*276.15*276.15*0
REF*PO*0020080507
REF*ST*04475
REF*DP*043
DTM*999*20080506
RMR*IK*447520080507*PI*206.24*206.24*0
REF*PO*0020080508
REF*ST*04475
REF*DP*043
DTM*999*20080507
RMR*IK*471720080501*PI*423.41*423.41*0
REF*PO*0020080502
REF*ST*04717
REF*DP*043
DTM*999*20080501
RMR*IK*471720080502*PI*789.39*789.39*0
REF*PO*0020080503
REF*ST*04717
REF*DP*043
DTM*999*20080502
RMR*IK*471720080503*PI*666.8*666.8*0
REF*PO*0020080504
REF*ST*04717
REF*DP*043
DTM*999*20080503
RMR*IK*471720080504*PI*1387.6*1387.6*0
REF*PO*0020080505
REF*ST*04717
REF*DP*043
DTM*999*20080504
RMR*IK*471720080505*PI*867.73*867.73*0
REF*PO*0020080506
REF*ST*04717
REF*DP*043
DTM*999*20080505
RMR*IK*471720080506*PI*706.6*706.6*0
REF*PO*0020080507
REF*ST*04717
REF*DP*043
DTM*999*20080506
RMR*IK*471720080507*PI*899.99*899.99*0
REF*PO*0020080508
REF*ST*04717
REF*DP*043
DTM*999*20080507
RMR*IK*471920080501*PI*699.1*699.1*0
REF*PO*0020080502
REF*ST*04719
REF*DP*043
DTM*999*20080501
RMR*IK*471920080502*PI*599.88*599.88*0
REF*PO*0020080503
REF*ST*04719
REF*DP*043
DTM*999*20080502
RMR*IK*471920080503*PI*1449.45*1449.45*0
REF*PO*0020080504
REF*ST*04719
REF*DP*043
DTM*999*20080503
RMR*IK*471920080504*PI*1667.25*1667.25*0
REF*PO*0020080505
REF*ST*04719
REF*DP*043
DTM*999*20080504
RMR*IK*471920080505*PI*1365.55*1365.55*0
REF*PO*0020080506
REF*ST*04719
REF*DP*043
DTM*999*20080505
RMR*IK*471920080506*PI*1177.97*1177.97*0
REF*PO*0020080507
REF*ST*04719
REF*DP*043
DTM*999*20080506
RMR*IK*471920080507*PI*1388.25*1388.25*0
REF*PO*0020080508
REF*ST*04719
REF*DP*043
DTM*999*20080507
RMR*IK*472320080501*PI*61.56*61.56*0
REF*PO*0020080502
REF*ST*04723
REF*DP*043
DTM*999*20080501
RMR*IK*472320080502*PI*86.62*86.62*0
REF*PO*0020080503
REF*ST*04723
REF*DP*043
DTM*999*20080502
RMR*IK*472320080503*PI*56.32*56.32*0
REF*PO*0020080504
REF*ST*04723
REF*DP*043
DTM*999*20080503
RMR*IK*472320080504*PI*56.15*56.15*0
REF*PO*0020080505
REF*ST*04723
REF*DP*043
DTM*999*20080504
RMR*IK*472320080505*PI*72.92*72.92*0
REF*PO*0020080506
REF*ST*04723
REF*DP*043
DTM*999*20080505
RMR*IK*472320080506*PI*54.88*54.88*0
REF*PO*0020080507
REF*ST*04723
REF*DP*043
DTM*999*20080506
RMR*IK*472320080507*PI*65.11*65.11*0
REF*PO*0020080508
REF*ST*04723
REF*DP*043
DTM*999*20080507
RMR*IK*473920080501*PI*110.35*110.35*0
REF*PO*0020080502
REF*ST*04739
REF*DP*043
DTM*999*20080501
RMR*IK*473920080502*PI*48.15*48.15*0
REF*PO*0020080503
REF*ST*04739
REF*DP*043
DTM*999*20080502
RMR*IK*473920080503*PI*296.54*296.54*0
REF*PO*0020080504
REF*ST*04739
REF*DP*043
DTM*999*20080503
RMR*IK*473920080504*PI*424.92*424.92*0
REF*PO*0020080505
REF*ST*04739
REF*DP*043
DTM*999*20080504
RMR*IK*473920080505*PI*497.8*497.8*0
REF*PO*0020080506
REF*ST*04739
REF*DP*043
DTM*999*20080505
RMR*IK*473920080506*PI*437.89*437.89*0
REF*PO*0020080507
REF*ST*04739
REF*DP*043
DTM*999*20080506
RMR*IK*473920080507*PI*245.05*245.05*0
REF*PO*0020080508
REF*ST*04739
REF*DP*043
DTM*999*20080507
RMR*IK*475720080501*PI*294.58*294.58*0
REF*PO*0020080502
REF*ST*04757
REF*DP*043
DTM*999*20080501
RMR*IK*475720080502*PI*362.36*362.36*0
REF*PO*0020080503
REF*ST*04757
REF*DP*043
DTM*999*20080502
RMR*IK*475720080503*PI*316.34*316.34*0
REF*PO*0020080504
REF*ST*04757
REF*DP*043
DTM*999*20080503
RMR*IK*475720080504*PI*291.12*291.12*0
REF*PO*0020080505
REF*ST*04757
REF*DP*043
DTM*999*20080504
RMR*IK*475720080505*PI*258.02*258.02*0
REF*PO*0020080506
REF*ST*04757
REF*DP*043
DTM*999*20080505
RMR*IK*475720080506*PI*357.45*357.45*0
REF*PO*0020080507
REF*ST*04757
REF*DP*043
DTM*999*20080506
RMR*IK*475720080507*PI*356.93*356.93*0
REF*PO*0020080508
REF*ST*04757
REF*DP*043
DTM*999*20080507
RMR*IK*475820080501*PI*315.75*315.75*0
REF*PO*0020080502
REF*ST*04758
REF*DP*043
DTM*999*20080501
RMR*IK*475820080502*PI*349.44*349.44*0
REF*PO*0020080503
REF*ST*04758
REF*DP*043
DTM*999*20080502
RMR*IK*475820080503*PI*441.18*441.18*0
REF*PO*0020080504
REF*ST*04758
REF*DP*043
DTM*999*20080503
RMR*IK*475820080504*PI*381.66*381.66*0
REF*PO*0020080505
REF*ST*04758
REF*DP*043
DTM*999*20080504
RMR*IK*475820080505*PI*172.67*172.67*0
REF*PO*0020080506
REF*ST*04758
REF*DP*043
DTM*999*20080505
RMR*IK*475820080506*PI*307.32*307.32*0
REF*PO*0020080507
REF*ST*04758
REF*DP*043
DTM*999*20080506
RMR*IK*475820080507*PI*382.72*382.72*0
REF*PO*0020080508
REF*ST*04758
REF*DP*043
DTM*999*20080507
RMR*IK*475820080522*PI*-8.7*-8.7*0
REF*PO*0020080524
REF*ST*04758
REF*DP*043
DTM*999*20080522
RMR*IK*476020080501*PI*171.3*171.3*0
REF*PO*0020080502
REF*ST*04760
REF*DP*043
DTM*999*20080501
RMR*IK*476020080502*PI*228.83*228.83*0
REF*PO*0020080503
REF*ST*04760
REF*DP*043
DTM*999*20080502
RMR*IK*476020080503*PI*223.87*223.87*0
REF*PO*0020080504
REF*ST*04760
REF*DP*043
DTM*999*20080503
RMR*IK*476020080504*PI*170.34*170.34*0
REF*PO*0020080505
REF*ST*04760
REF*DP*043
DTM*999*20080504
RMR*IK*476020080505*PI*295.87*295.87*0
REF*PO*0020080506
REF*ST*04760
REF*DP*043
DTM*999*20080505
RMR*IK*476020080506*PI*210.5*210.5*0
REF*PO*0020080507
REF*ST*04760
REF*DP*043
DTM*999*20080506
RMR*IK*476020080507*PI*141.14*141.14*0
REF*PO*0020080508
REF*ST*04760
REF*DP*043
DTM*999*20080507
RMR*IK*476920080501*PI*156.28*156.28*0
REF*PO*0020080502
REF*ST*04769
REF*DP*043
DTM*999*20080501
RMR*IK*476920080502*PI*169.02*169.02*0
REF*PO*0020080503
REF*ST*04769
REF*DP*043
DTM*999*20080502
RMR*IK*476920080503*PI*222.41*222.41*0
REF*PO*0020080504
REF*ST*04769
REF*DP*043
DTM*999*20080503
RMR*IK*476920080504*PI*404.5*404.5*0
REF*PO*0020080505
REF*ST*04769
REF*DP*043
DTM*999*20080504
RMR*IK*476920080505*PI*390.7*390.7*0
REF*PO*0020080506
REF*ST*04769
REF*DP*043
DTM*999*20080505
RMR*IK*476920080506*PI*145.25*145.25*0
REF*PO*0020080507
REF*ST*04769
REF*DP*043
DTM*999*20080506
RMR*IK*476920080507*PI*154.65*154.65*0
REF*PO*0020080508
REF*ST*04769
REF*DP*043
DTM*999*20080507
RMR*IK*477720080501*PI*100.7*100.7*0
REF*PO*0020080502
REF*ST*04777
REF*DP*043
DTM*999*20080501
RMR*IK*477720080502*PI*334.66*334.66*0
REF*PO*0020080503
REF*ST*04777
REF*DP*043
DTM*999*20080502
RMR*IK*477720080503*PI*411.04*411.04*0
REF*PO*0020080504
REF*ST*04777
REF*DP*043
DTM*999*20080503
RMR*IK*477720080504*PI*387.35*387.35*0
REF*PO*0020080505
REF*ST*04777
REF*DP*043
DTM*999*20080504
RMR*IK*477720080505*PI*161.3*161.3*0
REF*PO*0020080506
REF*ST*04777
REF*DP*043
DTM*999*20080505
RMR*IK*477720080506*PI*277.9*277.9*0
REF*PO*0020080507
REF*ST*04777
REF*DP*043
DTM*999*20080506
RMR*IK*477720080507*PI*185.35*185.35*0
REF*PO*0020080508
REF*ST*04777
REF*DP*043
DTM*999*20080507
RMR*IK*481720080501*PI*392.39*392.39*0
REF*PO*0020080502
REF*ST*04817
REF*DP*043
DTM*999*20080501
RMR*IK*481720080502*PI*368.01*368.01*0
REF*PO*0020080503
REF*ST*04817
REF*DP*043
DTM*999*20080502
RMR*IK*481720080503*PI*349.54*349.54*0
REF*PO*0020080504
REF*ST*04817
REF*DP*043
DTM*999*20080503
RMR*IK*481720080504*PI*546.45*546.45*0
REF*PO*0020080505
REF*ST*04817
REF*DP*043
DTM*999*20080504
RMR*IK*481720080505*PI*459.6*459.6*0
REF*PO*0020080506
REF*ST*04817
REF*DP*043
DTM*999*20080505
RMR*IK*481720080506*PI*396.51*396.51*0
REF*PO*0020080507
REF*ST*04817
REF*DP*043
DTM*999*20080506
RMR*IK*481720080507*PI*346.59*346.59*0
REF*PO*0020080508
REF*ST*04817
REF*DP*043
DTM*999*20080507
RMR*IK*483520080501*PI*182.84*182.84*0
REF*PO*0020080502
REF*ST*04835
REF*DP*043
DTM*999*20080501
RMR*IK*483520080502*PI*193.5*193.5*0
REF*PO*0020080503
REF*ST*04835
REF*DP*043
DTM*999*20080502
RMR*IK*483520080503*PI*93.37*93.37*0
REF*PO*0020080504
REF*ST*04835
REF*DP*043
DTM*999*20080503
RMR*IK*483520080504*PI*235.79*235.79*0
REF*PO*0020080505
REF*ST*04835
REF*DP*043
DTM*999*20080504
RMR*IK*483520080505*PI*139.49*139.49*0
REF*PO*0020080506
REF*ST*04835
REF*DP*043
DTM*999*20080505
RMR*IK*483520080506*PI*114.3*114.3*0
REF*PO*0020080507
REF*ST*04835
REF*DP*043
DTM*999*20080506
RMR*IK*483520080507*PI*129.89*129.89*0
REF*PO*0020080508
REF*ST*04835
REF*DP*043
DTM*999*20080507
RMR*IK*486620080501*PI*269.8*269.8*0
REF*PO*0020080502
REF*ST*04866
REF*DP*043
DTM*999*20080501
RMR*IK*486620080502*PI*418.32*418.32*0
REF*PO*0020080503
REF*ST*04866
REF*DP*043
DTM*999*20080502
RMR*IK*486620080503*PI*950.5*950.5*0
REF*PO*0020080504
REF*ST*04866
REF*DP*043
DTM*999*20080503
RMR*IK*486620080504*PI*613.48*613.48*0
REF*PO*0020080505
REF*ST*04866
REF*DP*043
DTM*999*20080504
RMR*IK*486620080505*PI*462.72*462.72*0
REF*PO*0020080506
REF*ST*04866
REF*DP*043
DTM*999*20080505
RMR*IK*486620080506*PI*405.66*405.66*0
REF*PO*0020080507
REF*ST*04866
REF*DP*043
DTM*999*20080506
RMR*IK*486620080507*PI*406.61*406.61*0
REF*PO*0020080508
REF*ST*04866
REF*DP*043
DTM*999*20080507
RMR*IK*487220080501*PI*53.75*53.75*0
REF*PO*0020080502
REF*ST*04872
REF*DP*043
DTM*999*20080501
RMR*IK*487220080502*PI*48.75*48.75*0
REF*PO*0020080503
REF*ST*04872
REF*DP*043
DTM*999*20080502
RMR*IK*487220080503*PI*71.92*71.92*0
REF*PO*0020080504
REF*ST*04872
REF*DP*043
DTM*999*20080503
RMR*IK*487220080504*PI*92.19*92.19*0
REF*PO*0020080505
REF*ST*04872
REF*DP*043
DTM*999*20080504
RMR*IK*487220080505*PI*217.06*217.06*0
REF*PO*0020080506
REF*ST*04872
REF*DP*043
DTM*999*20080505
RMR*IK*487220080506*PI*468.55*468.55*0
REF*PO*0020080507
REF*ST*04872
REF*DP*043
DTM*999*20080506
RMR*IK*487220080507*PI*359.02*359.02*0
REF*PO*0020080508
REF*ST*04872
REF*DP*043
DTM*999*20080507
RMR*IK*488320080501*PI*309.55*309.55*0
REF*PO*0020080502
REF*ST*04883
REF*DP*043
DTM*999*20080501
RMR*IK*488320080502*PI*258.59*258.59*0
REF*PO*0020080503
REF*ST*04883
REF*DP*043
DTM*999*20080502
RMR*IK*488320080503*PI*322.22*322.22*0
REF*PO*0020080504
REF*ST*04883
REF*DP*043
DTM*999*20080503
RMR*IK*488320080504*PI*387.5*387.5*0
REF*PO*0020080505
REF*ST*04883
REF*DP*043
DTM*999*20080504
RMR*IK*488320080505*PI*260.49*260.49*0
REF*PO*0020080506
REF*ST*04883
REF*DP*043
DTM*999*20080505
RMR*IK*488320080506*PI*380.11*380.11*0
REF*PO*0020080507
REF*ST*04883
REF*DP*043
DTM*999*20080506
RMR*IK*488320080507*PI*233.66*233.66*0
REF*PO*0020080508
REF*ST*04883
REF*DP*043
DTM*999*20080507
RMR*IK*489820080501*PI*133.75*133.75*0
REF*PO*0020080502
REF*ST*04898
REF*DP*043
DTM*999*20080501
RMR*IK*489820080502*PI*147.35*147.35*0
REF*PO*0020080503
REF*ST*04898
REF*DP*043
DTM*999*20080502
RMR*IK*489820080503*PI*497.7*497.7*0
REF*PO*0020080504
REF*ST*04898
REF*DP*043
DTM*999*20080503
RMR*IK*489820080504*PI*379.03*379.03*0
REF*PO*0020080505
REF*ST*04898
REF*DP*043
DTM*999*20080504
RMR*IK*489820080505*PI*214.99*214.99*0
REF*PO*0020080506
REF*ST*04898
REF*DP*043
DTM*999*20080505
RMR*IK*489820080506*PI*295.62*295.62*0
REF*PO*0020080507
REF*ST*04898
REF*DP*043
DTM*999*20080506
RMR*IK*489820080507*PI*302.66*302.66*0
REF*PO*0020080508
REF*ST*04898
REF*DP*043
DTM*999*20080507
RMR*IK*497020080501*PI*350.54*350.54*0
REF*PO*0020080502
REF*ST*04970
REF*DP*043
DTM*999*20080501
RMR*IK*497020080502*PI*261.42*261.42*0
REF*PO*0020080503
REF*ST*04970
REF*DP*043
DTM*999*20080502
RMR*IK*497020080503*PI*469.98*469.98*0
REF*PO*0020080504
REF*ST*04970
REF*DP*043
DTM*999*20080503
RMR*IK*497020080504*PI*472.88*472.88*0
REF*PO*0020080505
REF*ST*04970
REF*DP*043
DTM*999*20080504
RMR*IK*497020080505*PI*437.25*437.25*0
REF*PO*0020080506
REF*ST*04970
REF*DP*043
DTM*999*20080505
RMR*IK*497020080506*PI*373.04*373.04*0
REF*PO*0020080507
REF*ST*04970
REF*DP*043
DTM*999*20080506
RMR*IK*497020080507*PI*529.39*529.39*0
REF*PO*0020080508
REF*ST*04970
REF*DP*043
DTM*999*20080507
RMR*IK*501420080501*PI*604.04*604.04*0
REF*PO*0020080503
REF*ST*05014
REF*DP*043
DTM*999*20080501
RMR*IK*501420080502*PI*775.46*775.46*0
REF*PO*0020080504
REF*ST*05014
REF*DP*043
DTM*999*20080502
RMR*IK*501420080503*PI*433.2*433.2*0
REF*PO*0020080505
REF*ST*05014
REF*DP*043
DTM*999*20080503
RMR*IK*501420080504*PI*771.27*771.27*0
REF*PO*0020080506
REF*ST*05014
REF*DP*043
DTM*999*20080504
RMR*IK*501420080505*PI*558.54*558.54*0
REF*PO*0020080507
REF*ST*05014
REF*DP*043
DTM*999*20080505
RMR*IK*501420080506*PI*392.05*392.05*0
REF*PO*0020080508
REF*ST*05014
REF*DP*043
DTM*999*20080506
RMR*IK*501420080507*PI*546.32*546.32*0
REF*PO*0020080509
REF*ST*05014
REF*DP*043
DTM*999*20080507
RMR*IK*502320080501*PI*185.5*185.5*0
REF*PO*0020080503
REF*ST*05023
REF*DP*043
DTM*999*20080501
RMR*IK*502320080502*PI*173.72*173.72*0
REF*PO*0020080504
REF*ST*05023
REF*DP*043
DTM*999*20080502
RMR*IK*502320080503*PI*178.28*178.28*0
REF*PO*0020080505
REF*ST*05023
REF*DP*043
DTM*999*20080503
RMR*IK*502320080504*PI*242.85*242.85*0
REF*PO*0020080506
REF*ST*05023
REF*DP*043
DTM*999*20080504
RMR*IK*502320080505*PI*199.57*199.57*0
REF*PO*0020080507
REF*ST*05023
REF*DP*043
DTM*999*20080505
RMR*IK*502320080506*PI*293.01*293.01*0
REF*PO*0020080508
REF*ST*05023
REF*DP*043
DTM*999*20080506
RMR*IK*502320080507*PI*136.66*136.66*0
REF*PO*0020080509
REF*ST*05023
REF*DP*043
DTM*999*20080507
RMR*IK*506620080501*PI*26.95*26.95*0
REF*PO*0020080503
REF*ST*05066
REF*DP*043
DTM*999*20080501
RMR*IK*506620080502*PI*72.86*72.86*0
REF*PO*0020080504
REF*ST*05066
REF*DP*043
DTM*999*20080502
RMR*IK*506620080503*PI*4.8*4.8*0
REF*PO*0020080505
REF*ST*05066
REF*DP*043
DTM*999*20080503
RMR*IK*506620080504*PI*33.72*33.72*0
REF*PO*0020080506
REF*ST*05066
REF*DP*043
DTM*999*20080504
RMR*IK*506620080505*PI*9.2*9.2*0
REF*PO*0020080507
REF*ST*05066
REF*DP*043
DTM*999*20080505
RMR*IK*506620080507*PI*15.35*15.35*0
REF*PO*0020080509
REF*ST*05066
REF*DP*043
DTM*999*20080507
RMR*IK*507020080503*PI*103.95*103.95*0
REF*PO*0020080505
REF*ST*05070
REF*DP*043
DTM*999*20080503
RMR*IK*507020080504*PI*117.4*117.4*0
REF*PO*0020080506
REF*ST*05070
REF*DP*043
DTM*999*20080504
RMR*IK*507020080505*PI*232.22*232.22*0
REF*PO*0020080507
REF*ST*05070
REF*DP*043
DTM*999*20080505
RMR*IK*507020080506*PI*174.65*174.65*0
REF*PO*0020080508
REF*ST*05070
REF*DP*043
DTM*999*20080506
RMR*IK*507020080507*PI*67.8*67.8*0
REF*PO*0020080509
REF*ST*05070
REF*DP*043
DTM*999*20080507
RMR*IK*507720080501*PI*38.66*38.66*0
REF*PO*0020080503
REF*ST*05077
REF*DP*043
DTM*999*20080501
RMR*IK*507720080502*PI*97.55*97.55*0
REF*PO*0020080504
REF*ST*05077
REF*DP*043
DTM*999*20080502
RMR*IK*507720080503*PI*45.7*45.7*0
REF*PO*0020080505
REF*ST*05077
REF*DP*043
DTM*999*20080503
RMR*IK*507720080504*PI*48.38*48.38*0
REF*PO*0020080506
REF*ST*05077
REF*DP*043
DTM*999*20080504
RMR*IK*507720080505*PI*112.82*112.82*0
REF*PO*0020080507
REF*ST*05077
REF*DP*043
DTM*999*20080505
RMR*IK*507720080506*PI*11.6*11.6*0
REF*PO*0020080508
REF*ST*05077
REF*DP*043
DTM*999*20080506
RMR*IK*507720080507*PI*89*89*0
REF*PO*0020080509
REF*ST*05077
REF*DP*043
DTM*999*20080507
RMR*IK*507720080528*PI*-5.95*-5.95*0
REF*PO*0020080530
REF*ST*05077
REF*DP*043
DTM*999*20080528
RMR*IK*704320080501*PI*60.15*60.15*0
REF*PO*0020080502
REF*ST*07043
REF*DP*043
DTM*999*20080501
RMR*IK*704320080502*PI*248.24*248.24*0
REF*PO*0020080503
REF*ST*07043
REF*DP*043
DTM*999*20080502
RMR*IK*704320080503*PI*295.4*295.4*0
REF*PO*0020080504
REF*ST*07043
REF*DP*043
DTM*999*20080503
RMR*IK*704320080504*PI*338.55*338.55*0
REF*PO*0020080505
REF*ST*07043
REF*DP*043
DTM*999*20080504
RMR*IK*704320080505*PI*283.05*283.05*0
REF*PO*0020080506
REF*ST*07043
REF*DP*043
DTM*999*20080505
RMR*IK*704320080506*PI*391.83*391.83*0
REF*PO*0020080507
REF*ST*07043
REF*DP*043
DTM*999*20080506
RMR*IK*704320080507*PI*132.25*132.25*0
REF*PO*0020080508
REF*ST*07043
REF*DP*043
DTM*999*20080507
RMR*IK*704520080501*PI*82*82*0
REF*PO*0020080502
REF*ST*07045
REF*DP*043
DTM*999*20080501
RMR*IK*704520080502*PI*118.29*118.29*0
REF*PO*0020080503
REF*ST*07045
REF*DP*043
DTM*999*20080502
RMR*IK*704520080503*PI*185.58*185.58*0
REF*PO*0020080504
REF*ST*07045
REF*DP*043
DTM*999*20080503
RMR*IK*704520080504*PI*200.64*200.64*0
REF*PO*0020080505
REF*ST*07045
REF*DP*043
DTM*999*20080504
RMR*IK*704520080505*PI*169.55*169.55*0
REF*PO*0020080506
REF*ST*07045
REF*DP*043
DTM*999*20080505
RMR*IK*704520080506*PI*163.8*163.8*0
REF*PO*0020080507
REF*ST*07045
REF*DP*043
DTM*999*20080506
RMR*IK*704520080507*PI*119.67*119.67*0
REF*PO*0020080508
REF*ST*07045
REF*DP*043
DTM*999*20080507
RMR*IK*705920080501*PI*108.14*108.14*0
REF*PO*0020080502
REF*ST*07059
REF*DP*043
DTM*999*20080501
RMR*IK*705920080502*PI*93.22*93.22*0
REF*PO*0020080503
REF*ST*07059
REF*DP*043
DTM*999*20080502
RMR*IK*705920080503*PI*26.35*26.35*0
REF*PO*0020080504
REF*ST*07059
REF*DP*043
DTM*999*20080503
RMR*IK*705920080504*PI*149.82*149.82*0
REF*PO*0020080505
REF*ST*07059
REF*DP*043
DTM*999*20080504
RMR*IK*705920080505*PI*146*146*0
REF*PO*0020080506
REF*ST*07059
REF*DP*043
DTM*999*20080505
RMR*IK*705920080506*PI*163.91*163.91*0
REF*PO*0020080507
REF*ST*07059
REF*DP*043
DTM*999*20080506
RMR*IK*705920080507*PI*84.61*84.61*0
REF*PO*0020080508
REF*ST*07059
REF*DP*043
DTM*999*20080507
RMR*IK*706020080501*PI*131.55*131.55*0
REF*PO*0020080502
REF*ST*07060
REF*DP*043
DTM*999*20080501
RMR*IK*706020080502*PI*214.2*214.2*0
REF*PO*0020080503
REF*ST*07060
REF*DP*043
DTM*999*20080502
RMR*IK*706020080503*PI*116.5*116.5*0
REF*PO*0020080504
REF*ST*07060
REF*DP*043
DTM*999*20080503
RMR*IK*706020080504*PI*154.55*154.55*0
REF*PO*0020080505
REF*ST*07060
REF*DP*043
DTM*999*20080504
RMR*IK*706020080505*PI*118.15*118.15*0
REF*PO*0020080506
REF*ST*07060
REF*DP*043
DTM*999*20080505
RMR*IK*706020080506*PI*363.6*363.6*0
REF*PO*0020080507
REF*ST*07060
REF*DP*043
DTM*999*20080506
RMR*IK*706020080507*PI*260.44*260.44*0
REF*PO*0020080508
REF*ST*07060
REF*DP*043
DTM*999*20080507
RMR*IK*706320080501*PI*184.88*184.88*0
REF*PO*0020080502
REF*ST*07063
REF*DP*043
DTM*999*20080501
RMR*IK*706320080502*PI*235.94*235.94*0
REF*PO*0020080503
REF*ST*07063
REF*DP*043
DTM*999*20080502
RMR*IK*706320080503*PI*216.09*216.09*0
REF*PO*0020080504
REF*ST*07063
REF*DP*043
DTM*999*20080503
RMR*IK*706320080504*PI*468.48*468.48*0
REF*PO*0020080505
REF*ST*07063
REF*DP*043
DTM*999*20080504
RMR*IK*706320080505*PI*302.63*302.63*0
REF*PO*0020080506
REF*ST*07063
REF*DP*043
DTM*999*20080505
RMR*IK*706320080506*PI*455.34*455.34*0
REF*PO*0020080507
REF*ST*07063
REF*DP*043
DTM*999*20080506
RMR*IK*706320080507*PI*442.91*442.91*0
REF*PO*0020080508
REF*ST*07063
REF*DP*043
DTM*999*20080507
RMR*IK*706420080501*PI*154.03*154.03*0
REF*PO*0020080502
REF*ST*07064
REF*DP*043
DTM*999*20080501
RMR*IK*706420080502*PI*219.1*219.1*0
REF*PO*0020080503
REF*ST*07064
REF*DP*043
DTM*999*20080502
RMR*IK*706420080503*PI*146.55*146.55*0
REF*PO*0020080504
REF*ST*07064
REF*DP*043
DTM*999*20080503
RMR*IK*706420080504*PI*237.97*237.97*0
REF*PO*0020080505
REF*ST*07064
REF*DP*043
DTM*999*20080504
RMR*IK*706420080505*PI*100.95*100.95*0
REF*PO*0020080506
REF*ST*07064
REF*DP*043
DTM*999*20080505
RMR*IK*706420080506*PI*214.4*214.4*0
REF*PO*0020080507
REF*ST*07064
REF*DP*043
DTM*999*20080506
RMR*IK*706420080507*PI*67.6*67.6*0
REF*PO*0020080508
REF*ST*07064
REF*DP*043
DTM*999*20080507
RMR*IK*706620080501*PI*188.85*188.85*0
REF*PO*0020080502
REF*ST*07066
REF*DP*043
DTM*999*20080501
RMR*IK*706620080502*PI*273.96*273.96*0
REF*PO*0020080503
REF*ST*07066
REF*DP*043
DTM*999*20080502
RMR*IK*706620080503*PI*349.21*349.21*0
REF*PO*0020080504
REF*ST*07066
REF*DP*043
DTM*999*20080503
RMR*IK*706620080504*PI*509.56*509.56*0
REF*PO*0020080505
REF*ST*07066
REF*DP*043
DTM*999*20080504
RMR*IK*706620080505*PI*264.02*264.02*0
REF*PO*0020080506
REF*ST*07066
REF*DP*043
DTM*999*20080505
RMR*IK*706620080506*PI*232.05*232.05*0
REF*PO*0020080507
REF*ST*07066
REF*DP*043
DTM*999*20080506
RMR*IK*706620080507*PI*184.61*184.61*0
REF*PO*0020080508
REF*ST*07066
REF*DP*043
DTM*999*20080507
RMR*IK*706920080501*PI*387.83*387.83*0
REF*PO*0020080502
REF*ST*07069
REF*DP*043
DTM*999*20080501
RMR*IK*706920080502*PI*324.83*324.83*0
REF*PO*0020080503
REF*ST*07069
REF*DP*043
DTM*999*20080502
RMR*IK*706920080503*PI*442.28*442.28*0
REF*PO*0020080504
REF*ST*07069
REF*DP*043
DTM*999*20080503
RMR*IK*706920080504*PI*488.68*488.68*0
REF*PO*0020080505
REF*ST*07069
REF*DP*043
DTM*999*20080504
RMR*IK*706920080505*PI*321.12*321.12*0
REF*PO*0020080506
REF*ST*07069
REF*DP*043
DTM*999*20080505
RMR*IK*706920080506*PI*328.94*328.94*0
REF*PO*0020080507
REF*ST*07069
REF*DP*043
DTM*999*20080506
RMR*IK*706920080507*PI*165.66*165.66*0
REF*PO*0020080508
REF*ST*07069
REF*DP*043
DTM*999*20080507
RMR*IK*707620080501*PI*437.18*437.18*0
REF*PO*0020080502
REF*ST*07076
REF*DP*043
DTM*999*20080501
RMR*IK*707620080502*PI*488.24*488.24*0
REF*PO*0020080503
REF*ST*07076
REF*DP*043
DTM*999*20080502
RMR*IK*707620080503*PI*469.08*469.08*0
REF*PO*0020080504
REF*ST*07076
REF*DP*043
DTM*999*20080503
RMR*IK*707620080504*PI*793.15*793.15*0
REF*PO*0020080505
REF*ST*07076
REF*DP*043
DTM*999*20080504
RMR*IK*707620080505*PI*650.7*650.7*0
REF*PO*0020080506
REF*ST*07076
REF*DP*043
DTM*999*20080505
RMR*IK*707620080506*PI*593.06*593.06*0
REF*PO*0020080507
REF*ST*07076
REF*DP*043
DTM*999*20080506
RMR*IK*707620080507*PI*262.43*262.43*0
REF*PO*0020080508
REF*ST*07076
REF*DP*043
DTM*999*20080507
RMR*IK*713220080501*PI*735.86*735.86*0
REF*PO*0020080502
REF*ST*07132
REF*DP*043
DTM*999*20080501
RMR*IK*713220080502*PI*336.71*336.71*0
REF*PO*0020080503
REF*ST*07132
REF*DP*043
DTM*999*20080502
RMR*IK*713220080503*PI*1628.55*1628.55*0
REF*PO*0020080504
REF*ST*07132
REF*DP*043
DTM*999*20080503
RMR*IK*713220080504*PI*1807.54*1807.54*0
REF*PO*0020080505
REF*ST*07132
REF*DP*043
DTM*999*20080504
RMR*IK*713220080505*PI*783.01*783.01*0
REF*PO*0020080506
REF*ST*07132
REF*DP*043
DTM*999*20080505
RMR*IK*713220080506*PI*789.75*789.75*0
REF*PO*0020080507
REF*ST*07132
REF*DP*043
DTM*999*20080506
RMR*IK*713220080507*PI*699.27*699.27*0
REF*PO*0020080508
REF*ST*07132
REF*DP*043
DTM*999*20080507
RMR*IK*714620080501*PI*157.72*157.72*0
REF*PO*0020080502
REF*ST*07146
REF*DP*043
DTM*999*20080501
RMR*IK*714620080502*PI*308.89*308.89*0
REF*PO*0020080503
REF*ST*07146
REF*DP*043
DTM*999*20080502
RMR*IK*714620080503*PI*141.34*141.34*0
REF*PO*0020080504
REF*ST*07146
REF*DP*043
DTM*999*20080503
RMR*IK*714620080504*PI*229.66*229.66*0
REF*PO*0020080505
REF*ST*07146
REF*DP*043
DTM*999*20080504
RMR*IK*714620080505*PI*218.17*218.17*0
REF*PO*0020080506
REF*ST*07146
REF*DP*043
DTM*999*20080505
RMR*IK*714620080506*PI*108.77*108.77*0
REF*PO*0020080507
REF*ST*07146
REF*DP*043
DTM*999*20080506
RMR*IK*714620080507*PI*113.88*113.88*0
REF*PO*0020080508
REF*ST*07146
REF*DP*043
DTM*999*20080507
RMR*IK*715420080501*PI*209.52*209.52*0
REF*PO*0020080502
REF*ST*07154
REF*DP*043
DTM*999*20080501
RMR*IK*715420080502*PI*489.52*489.52*0
REF*PO*0020080503
REF*ST*07154
REF*DP*043
DTM*999*20080502
RMR*IK*715420080503*PI*186.57*186.57*0
REF*PO*0020080504
REF*ST*07154
REF*DP*043
DTM*999*20080503
RMR*IK*715420080504*PI*476.64*476.64*0
REF*PO*0020080505
REF*ST*07154
REF*DP*043
DTM*999*20080504
RMR*IK*715420080505*PI*307.74*307.74*0
REF*PO*0020080506
REF*ST*07154
REF*DP*043
DTM*999*20080505
RMR*IK*715420080506*PI*158.75*158.75*0
REF*PO*0020080507
REF*ST*07154
REF*DP*043
DTM*999*20080506
RMR*IK*715420080507*PI*215.08*215.08*0
REF*PO*0020080508
REF*ST*07154
REF*DP*043
DTM*999*20080507
RMR*IK*720820080501*PI*1033.48*1033.48*0
REF*PO*0020080502
REF*ST*07208
REF*DP*043
DTM*999*20080501
RMR*IK*720820080502*PI*1397.36*1397.36*0
REF*PO*0020080503
REF*ST*07208
REF*DP*043
DTM*999*20080502
RMR*IK*720820080503*PI*1470.65*1470.65*0
REF*PO*0020080504
REF*ST*07208
REF*DP*043
DTM*999*20080503
RMR*IK*720820080504*PI*1096.78*1096.78*0
REF*PO*0020080505
REF*ST*07208
REF*DP*043
DTM*999*20080504
RMR*IK*720820080505*PI*1337.54*1337.54*0
REF*PO*0020080506
REF*ST*07208
REF*DP*043
DTM*999*20080505
RMR*IK*720820080506*PI*887.07*887.07*0
REF*PO*0020080507
REF*ST*07208
REF*DP*043
DTM*999*20080506
RMR*IK*720820080507*PI*1105.93*1105.93*0
REF*PO*0020080508
REF*ST*07208
REF*DP*043
DTM*999*20080507
RMR*IK*725520080501*PI*633.11*633.11*0
REF*PO*0020080502
REF*ST*07255
REF*DP*043
DTM*999*20080501
RMR*IK*725520080502*PI*678.2*678.2*0
REF*PO*0020080503
REF*ST*07255
REF*DP*043
DTM*999*20080502
RMR*IK*725520080503*PI*747.54*747.54*0
REF*PO*0020080504
REF*ST*07255
REF*DP*043
DTM*999*20080503
RMR*IK*725520080504*PI*1386.41*1386.41*0
REF*PO*0020080505
REF*ST*07255
REF*DP*043
DTM*999*20080504
RMR*IK*725520080505*PI*850.85*850.85*0
REF*PO*0020080506
REF*ST*07255
REF*DP*043
DTM*999*20080505
RMR*IK*725520080506*PI*955.96*955.96*0
REF*PO*0020080507
REF*ST*07255
REF*DP*043
DTM*999*20080506
RMR*IK*725520080507*PI*1062.89*1062.89*0
REF*PO*0020080508
REF*ST*07255
REF*DP*043
DTM*999*20080507
RMR*IK*727420080501*PI*612.61*612.61*0
REF*PO*0020080502
REF*ST*07274
REF*DP*043
DTM*999*20080501
RMR*IK*727420080502*PI*969.48*969.48*0
REF*PO*0020080503
REF*ST*07274
REF*DP*043
DTM*999*20080502
RMR*IK*727420080503*PI*544.18*544.18*0
REF*PO*0020080504
REF*ST*07274
REF*DP*043
DTM*999*20080503
RMR*IK*727420080504*PI*554.14*554.14*0
REF*PO*0020080505
REF*ST*07274
REF*DP*043
DTM*999*20080504
RMR*IK*727420080505*PI*606.33*606.33*0
REF*PO*0020080506
REF*ST*07274
REF*DP*043
DTM*999*20080505
RMR*IK*727420080506*PI*634.42*634.42*0
REF*PO*0020080507
REF*ST*07274
REF*DP*043
DTM*999*20080506
RMR*IK*727420080507*PI*475.87*475.87*0
REF*PO*0020080508
REF*ST*07274
REF*DP*043
DTM*999*20080507
RMR*IK*727620080501*PI*39.66*39.66*0
REF*PO*0020080502
REF*ST*07276
REF*DP*043
DTM*999*20080501
RMR*IK*727620080502*PI*135.65*135.65*0
REF*PO*0020080503
REF*ST*07276
REF*DP*043
DTM*999*20080502
RMR*IK*727620080503*PI*111.12*111.12*0
REF*PO*0020080504
REF*ST*07276
REF*DP*043
DTM*999*20080503
RMR*IK*727620080504*PI*77.91*77.91*0
REF*PO*0020080505
REF*ST*07276
REF*DP*043
DTM*999*20080504
RMR*IK*727620080505*PI*113.53*113.53*0
REF*PO*0020080506
REF*ST*07276
REF*DP*043
DTM*999*20080505
RMR*IK*727620080506*PI*277.02*277.02*0
REF*PO*0020080507
REF*ST*07276
REF*DP*043
DTM*999*20080506
RMR*IK*727620080507*PI*279.82*279.82*0
REF*PO*0020080508
REF*ST*07276
REF*DP*043
DTM*999*20080507
RMR*IK*727820080501*PI*240.02*240.02*0
REF*PO*0020080502
REF*ST*07278
REF*DP*043
DTM*999*20080501
RMR*IK*727820080502*PI*373.7*373.7*0
REF*PO*0020080503
REF*ST*07278
REF*DP*043
DTM*999*20080502
RMR*IK*727820080503*PI*613.61*613.61*0
REF*PO*0020080504
REF*ST*07278
REF*DP*043
DTM*999*20080503
RMR*IK*727820080504*PI*296.47*296.47*0
REF*PO*0020080505
REF*ST*07278
REF*DP*043
DTM*999*20080504
RMR*IK*727820080505*PI*171.27*171.27*0
REF*PO*0020080506
REF*ST*07278
REF*DP*043
DTM*999*20080505
RMR*IK*727820080506*PI*245.86*245.86*0
REF*PO*0020080507
REF*ST*07278
REF*DP*043
DTM*999*20080506
RMR*IK*727820080507*PI*352.85*352.85*0
REF*PO*0020080508
REF*ST*07278
REF*DP*043
DTM*999*20080507
RMR*IK*735120080501*PI*47.2*47.2*0
REF*PO*0020080502
REF*ST*07351
REF*DP*043
DTM*999*20080501
RMR*IK*735120080502*PI*146.75*146.75*0
REF*PO*0020080503
REF*ST*07351
REF*DP*043
DTM*999*20080502
RMR*IK*735120080503*PI*184.83*184.83*0
REF*PO*0020080504
REF*ST*07351
REF*DP*043
DTM*999*20080503
RMR*IK*735120080504*PI*77.92*77.92*0
REF*PO*0020080505
REF*ST*07351
REF*DP*043
DTM*999*20080504
RMR*IK*735120080505*PI*208.37*208.37*0
REF*PO*0020080506
REF*ST*07351
REF*DP*043
DTM*999*20080505
RMR*IK*735120080506*PI*32.12*32.12*0
REF*PO*0020080507
REF*ST*07351
REF*DP*043
DTM*999*20080506
RMR*IK*735120080507*PI*159.15*159.15*0
REF*PO*0020080508
REF*ST*07351
REF*DP*043
DTM*999*20080507
RMR*IK*735320080501*PI*316.55*316.55*0
REF*PO*0020080502
REF*ST*07353
REF*DP*043
DTM*999*20080501
RMR*IK*735320080502*PI*779.35*779.35*0
REF*PO*0020080503
REF*ST*07353
REF*DP*043
DTM*999*20080502
RMR*IK*735320080503*PI*763.42*763.42*0
REF*PO*0020080504
REF*ST*07353
REF*DP*043
DTM*999*20080503
RMR*IK*735320080504*PI*386.49*386.49*0
REF*PO*0020080505
REF*ST*07353
REF*DP*043
DTM*999*20080504
RMR*IK*735320080505*PI*300.49*300.49*0
REF*PO*0020080506
REF*ST*07353
REF*DP*043
DTM*999*20080505
RMR*IK*735320080506*PI*334.19*334.19*0
REF*PO*0020080507
REF*ST*07353
REF*DP*043
DTM*999*20080506
RMR*IK*735320080507*PI*229.89*229.89*0
REF*PO*0020080508
REF*ST*07353
REF*DP*043
DTM*999*20080507
RMR*IK*735420080501*PI*95.96*95.96*0
REF*PO*0020080502
REF*ST*07354
REF*DP*043
DTM*999*20080501
RMR*IK*735420080502*PI*125.8*125.8*0
REF*PO*0020080503
REF*ST*07354
REF*DP*043
DTM*999*20080502
RMR*IK*735420080503*PI*257.87*257.87*0
REF*PO*0020080504
REF*ST*07354
REF*DP*043
DTM*999*20080503
RMR*IK*735420080504*PI*683.99*683.99*0
REF*PO*0020080505
REF*ST*07354
REF*DP*043
DTM*999*20080504
RMR*IK*735420080505*PI*460.22*460.22*0
REF*PO*0020080506
REF*ST*07354
REF*DP*043
DTM*999*20080505
RMR*IK*735420080506*PI*643.65*643.65*0
REF*PO*0020080507
REF*ST*07354
REF*DP*043
DTM*999*20080506
RMR*IK*735420080507*PI*211.31*211.31*0
REF*PO*0020080508
REF*ST*07354
REF*DP*043
DTM*999*20080507
RMR*IK*735820080501*PI*1026.86*1026.86*0
REF*PO*0020080502
REF*ST*07358
REF*DP*043
DTM*999*20080501
RMR*IK*735820080502*PI*820.64*820.64*0
REF*PO*0020080503
REF*ST*07358
REF*DP*043
DTM*999*20080502
RMR*IK*735820080503*PI*1804.03*1804.03*0
REF*PO*0020080504
REF*ST*07358
REF*DP*043
DTM*999*20080503
RMR*IK*735820080504*PI*1672.3*1672.3*0
REF*PO*0020080505
REF*ST*07358
REF*DP*043
DTM*999*20080504
RMR*IK*735820080505*PI*1184.96*1184.96*0
REF*PO*0020080506
REF*ST*07358
REF*DP*043
DTM*999*20080505
RMR*IK*735820080506*PI*1654.01*1654.01*0
REF*PO*0020080507
REF*ST*07358
REF*DP*043
DTM*999*20080506
RMR*IK*735820080507*PI*1617.85*1617.85*0
REF*PO*0020080508
REF*ST*07358
REF*DP*043
DTM*999*20080507
RMR*IK*736220080501*PI*141*141*0
REF*PO*0020080502
REF*ST*07362
REF*DP*043
DTM*999*20080501
RMR*IK*736220080502*PI*141.55*141.55*0
REF*PO*0020080503
REF*ST*07362
REF*DP*043
DTM*999*20080502
RMR*IK*736220080503*PI*193.49*193.49*0
REF*PO*0020080504
REF*ST*07362
REF*DP*043
DTM*999*20080503
RMR*IK*736220080504*PI*232.05*232.05*0
REF*PO*0020080505
REF*ST*07362
REF*DP*043
DTM*999*20080504
RMR*IK*736220080505*PI*231.9*231.9*0
REF*PO*0020080506
REF*ST*07362
REF*DP*043
DTM*999*20080505
RMR*IK*736220080506*PI*224.85*224.85*0
REF*PO*0020080507
REF*ST*07362
REF*DP*043
DTM*999*20080506
RMR*IK*736220080507*PI*167.3*167.3*0
REF*PO*0020080508
REF*ST*07362
REF*DP*043
DTM*999*20080507
RMR*IK*738220080501*PI*110.11*110.11*0
REF*PO*0020080502
REF*ST*07382
REF*DP*043
DTM*999*20080501
RMR*IK*738220080502*PI*147.88*147.88*0
REF*PO*0020080503
REF*ST*07382
REF*DP*043
DTM*999*20080502
RMR*IK*738220080503*PI*122.89*122.89*0
REF*PO*0020080504
REF*ST*07382
REF*DP*043
DTM*999*20080503
RMR*IK*738220080504*PI*189.49*189.49*0
REF*PO*0020080505
REF*ST*07382
REF*DP*043
DTM*999*20080504
RMR*IK*738220080505*PI*137.67*137.67*0
REF*PO*0020080506
REF*ST*07382
REF*DP*043
DTM*999*20080505
RMR*IK*738220080506*PI*262.84*262.84*0
REF*PO*0020080507
REF*ST*07382
REF*DP*043
DTM*999*20080506
RMR*IK*738220080507*PI*310.84*310.84*0
REF*PO*0020080508
REF*ST*07382
REF*DP*043
DTM*999*20080507
RMR*IK*738820080501*PI*183.88*183.88*0
REF*PO*0020080502
REF*ST*07388
REF*DP*043
DTM*999*20080501
RMR*IK*738820080502*PI*209.32*209.32*0
REF*PO*0020080503
REF*ST*07388
REF*DP*043
DTM*999*20080502
RMR*IK*738820080503*PI*176.02*176.02*0
REF*PO*0020080504
REF*ST*07388
REF*DP*043
DTM*999*20080503
RMR*IK*738820080504*PI*126.38*126.38*0
REF*PO*0020080505
REF*ST*07388
REF*DP*043
DTM*999*20080504
RMR*IK*738820080505*PI*194.38*194.38*0
REF*PO*0020080506
REF*ST*07388
REF*DP*043
DTM*999*20080505
RMR*IK*738820080506*PI*228.65*228.65*0
REF*PO*0020080507
REF*ST*07388
REF*DP*043
DTM*999*20080506
RMR*IK*738820080507*PI*103.72*103.72*0
REF*PO*0020080508
REF*ST*07388
REF*DP*043
DTM*999*20080507
RMR*IK*740720080501*PI*291.54*291.54*0
REF*PO*0020080502
REF*ST*07407
REF*DP*043
DTM*999*20080501
RMR*IK*740720080502*PI*491.51*491.51*0
REF*PO*0020080503
REF*ST*07407
REF*DP*043
DTM*999*20080502
RMR*IK*740720080503*PI*736.65*736.65*0
REF*PO*0020080504
REF*ST*07407
REF*DP*043
DTM*999*20080503
RMR*IK*740720080504*PI*550.39*550.39*0
REF*PO*0020080505
REF*ST*07407
REF*DP*043
DTM*999*20080504
RMR*IK*740720080505*PI*319.31*319.31*0
REF*PO*0020080506
REF*ST*07407
REF*DP*043
DTM*999*20080505
RMR*IK*740720080506*PI*259.1*259.1*0
REF*PO*0020080507
REF*ST*07407
REF*DP*043
DTM*999*20080506
RMR*IK*740720080507*PI*290.51*290.51*0
REF*PO*0020080508
REF*ST*07407
REF*DP*043
DTM*999*20080507
RMR*IK*743720080501*PI*87.74*87.74*0
REF*PO*0020080502
REF*ST*07437
REF*DP*043
DTM*999*20080501
RMR*IK*743720080502*PI*58.55*58.55*0
REF*PO*0020080503
REF*ST*07437
REF*DP*043
DTM*999*20080502
RMR*IK*743720080503*PI*55.05*55.05*0
REF*PO*0020080504
REF*ST*07437
REF*DP*043
DTM*999*20080503
RMR*IK*743720080504*PI*73.13*73.13*0
REF*PO*0020080505
REF*ST*07437
REF*DP*043
DTM*999*20080504
RMR*IK*743720080505*PI*101.88*101.88*0
REF*PO*0020080506
REF*ST*07437
REF*DP*043
DTM*999*20080505
RMR*IK*743720080506*PI*116.09*116.09*0
REF*PO*0020080507
REF*ST*07437
REF*DP*043
DTM*999*20080506
RMR*IK*743720080507*PI*127.29*127.29*0
REF*PO*0020080508
REF*ST*07437
REF*DP*043
DTM*999*20080507
RMR*IK*746020080501*PI*297.5*297.5*0
REF*PO*0020080502
REF*ST*07460
REF*DP*043
DTM*999*20080501
RMR*IK*746020080502*PI*382.52*382.52*0
REF*PO*0020080503
REF*ST*07460
REF*DP*043
DTM*999*20080502
RMR*IK*746020080503*PI*311.17*311.17*0
REF*PO*0020080504
REF*ST*07460
REF*DP*043
DTM*999*20080503
RMR*IK*746020080504*PI*704.37*704.37*0
REF*PO*0020080505
REF*ST*07460
REF*DP*043
DTM*999*20080504
RMR*IK*746020080505*PI*314.59*314.59*0
REF*PO*0020080506
REF*ST*07460
REF*DP*043
DTM*999*20080505
RMR*IK*746020080506*PI*335.1*335.1*0
REF*PO*0020080507
REF*ST*07460
REF*DP*043
DTM*999*20080506
RMR*IK*746020080507*PI*561.25*561.25*0
REF*PO*0020080508
REF*ST*07460
REF*DP*043
DTM*999*20080507
RMR*IK*746120080501*PI*505.22*505.22*0
REF*PO*0020080502
REF*ST*07461
REF*DP*043
DTM*999*20080501
RMR*IK*746120080502*PI*276.76*276.76*0
REF*PO*0020080503
REF*ST*07461
REF*DP*043
DTM*999*20080502
RMR*IK*746120080503*PI*407.96*407.96*0
REF*PO*0020080504
REF*ST*07461
REF*DP*043
DTM*999*20080503
RMR*IK*746120080504*PI*345.72*345.72*0
REF*PO*0020080505
REF*ST*07461
REF*DP*043
DTM*999*20080504
RMR*IK*746120080505*PI*360.94*360.94*0
REF*PO*0020080506
REF*ST*07461
REF*DP*043
DTM*999*20080505
RMR*IK*746120080506*PI*571.34*571.34*0
REF*PO*0020080507
REF*ST*07461
REF*DP*043
DTM*999*20080506
RMR*IK*746120080507*PI*455.82*455.82*0
REF*PO*0020080508
REF*ST*07461
REF*DP*043
DTM*999*20080507
RMR*IK*755820080501*PI*74.49*74.49*0
REF*PO*0020080502
REF*ST*07558
REF*DP*043
DTM*999*20080501
RMR*IK*755820080502*PI*222.22*222.22*0
REF*PO*0020080503
REF*ST*07558
REF*DP*043
DTM*999*20080502
RMR*IK*755820080503*PI*207.66*207.66*0
REF*PO*0020080504
REF*ST*07558
REF*DP*043
DTM*999*20080503
RMR*IK*755820080504*PI*169.72*169.72*0
REF*PO*0020080505
REF*ST*07558
REF*DP*043
DTM*999*20080504
RMR*IK*755820080505*PI*119.8*119.8*0
REF*PO*0020080506
REF*ST*07558
REF*DP*043
DTM*999*20080505
RMR*IK*755820080506*PI*89.75*89.75*0
REF*PO*0020080507
REF*ST*07558
REF*DP*043
DTM*999*20080506
RMR*IK*755820080507*PI*144.68*144.68*0
REF*PO*0020080508
REF*ST*07558
REF*DP*043
DTM*999*20080507
RMR*IK*760720080501*PI*563.13*563.13*0
REF*PO*0020080502
REF*ST*07607
REF*DP*043
DTM*999*20080501
RMR*IK*760720080502*PI*281.63*281.63*0
REF*PO*0020080503
REF*ST*07607
REF*DP*043
DTM*999*20080502
RMR*IK*760720080503*PI*1004.13*1004.13*0
REF*PO*0020080504
REF*ST*07607
REF*DP*043
DTM*999*20080503
RMR*IK*760720080504*PI*883.45*883.45*0
REF*PO*0020080505
REF*ST*07607
REF*DP*043
DTM*999*20080504
RMR*IK*760720080505*PI*811.88*811.88*0
REF*PO*0020080506
REF*ST*07607
REF*DP*043
DTM*999*20080505
RMR*IK*760720080506*PI*555.14*555.14*0
REF*PO*0020080507
REF*ST*07607
REF*DP*043
DTM*999*20080506
RMR*IK*760720080507*PI*226.58*226.58*0
REF*PO*0020080508
REF*ST*07607
REF*DP*043
DTM*999*20080507
RMR*IK*761020080501*PI*95.36*95.36*0
REF*PO*0020080502
REF*ST*07610
REF*DP*043
DTM*999*20080501
RMR*IK*761020080502*PI*374.37*374.37*0
REF*PO*0020080503
REF*ST*07610
REF*DP*043
DTM*999*20080502
RMR*IK*761020080503*PI*210.94*210.94*0
REF*PO*0020080504
REF*ST*07610
REF*DP*043
DTM*999*20080503
RMR*IK*761020080504*PI*309.94*309.94*0
REF*PO*0020080505
REF*ST*07610
REF*DP*043
DTM*999*20080504
RMR*IK*761020080505*PI*215.8*215.8*0
REF*PO*0020080506
REF*ST*07610
REF*DP*043
DTM*999*20080505
RMR*IK*761020080506*PI*442.06*442.06*0
REF*PO*0020080507
REF*ST*07610
REF*DP*043
DTM*999*20080506
RMR*IK*761020080507*PI*358.2*358.2*0
REF*PO*0020080508
REF*ST*07610
REF*DP*043
DTM*999*20080507
RMR*IK*762220080501*PI*31.55*31.55*0
REF*PO*0020080502
REF*ST*07622
REF*DP*043
DTM*999*20080501
RMR*IK*762220080502*PI*81.63*81.63*0
REF*PO*0020080503
REF*ST*07622
REF*DP*043
DTM*999*20080502
RMR*IK*762220080503*PI*61.96*61.96*0
REF*PO*0020080504
REF*ST*07622
REF*DP*043
DTM*999*20080503
RMR*IK*762220080504*PI*118.18*118.18*0
REF*PO*0020080505
REF*ST*07622
REF*DP*043
DTM*999*20080504
RMR*IK*762220080505*PI*104.24*104.24*0
REF*PO*0020080506
REF*ST*07622
REF*DP*043
DTM*999*20080505
RMR*IK*762220080506*PI*493.25*493.25*0
REF*PO*0020080507
REF*ST*07622
REF*DP*043
DTM*999*20080506
RMR*IK*762220080507*PI*371.09*371.09*0
REF*PO*0020080508
REF*ST*07622
REF*DP*043
DTM*999*20080507
RMR*IK*762620080501*PI*53.52*53.52*0
REF*PO*0020080502
REF*ST*07626
REF*DP*043
DTM*999*20080501
RMR*IK*762620080502*PI*97.99*97.99*0
REF*PO*0020080503
REF*ST*07626
REF*DP*043
DTM*999*20080502
RMR*IK*762620080503*PI*114.83*114.83*0
REF*PO*0020080504
REF*ST*07626
REF*DP*043
DTM*999*20080503
RMR*IK*762620080504*PI*123.26*123.26*0
REF*PO*0020080505
REF*ST*07626
REF*DP*043
DTM*999*20080504
RMR*IK*762620080505*PI*202.6*202.6*0
REF*PO*0020080506
REF*ST*07626
REF*DP*043
DTM*999*20080505
RMR*IK*762620080506*PI*473.57*473.57*0
REF*PO*0020080507
REF*ST*07626
REF*DP*043
DTM*999*20080506
RMR*IK*762620080507*PI*530.13*530.13*0
REF*PO*0020080508
REF*ST*07626
REF*DP*043
DTM*999*20080507
RMR*IK*762920080501*PI*189.22*189.22*0
REF*PO*0020080502
REF*ST*07629
REF*DP*043
DTM*999*20080501
RMR*IK*762920080502*PI*127.15*127.15*0
REF*PO*0020080503
REF*ST*07629
REF*DP*043
DTM*999*20080502
RMR*IK*762920080503*PI*386.96*386.96*0
REF*PO*0020080504
REF*ST*07629
REF*DP*043
DTM*999*20080503
RMR*IK*762920080504*PI*472.53*472.53*0
REF*PO*0020080505
REF*ST*07629
REF*DP*043
DTM*999*20080504
RMR*IK*762920080505*PI*403.97*403.97*0
REF*PO*0020080506
REF*ST*07629
REF*DP*043
DTM*999*20080505
RMR*IK*762920080506*PI*324.91*324.91*0
REF*PO*0020080507
REF*ST*07629
REF*DP*043
DTM*999*20080506
RMR*IK*762920080507*PI*216.37*216.37*0
REF*PO*0020080508
REF*ST*07629
REF*DP*043
DTM*999*20080507
RMR*IK*762920080525*PI*-147.9*-147.9*0
REF*PO*0020080527
REF*ST*07629
REF*DP*043
DTM*999*20080525
RMR*IK*763720080501*PI*139.27*139.27*0
REF*PO*0020080502
REF*ST*07637
REF*DP*043
DTM*999*20080501
RMR*IK*763720080502*PI*188.09*188.09*0
REF*PO*0020080503
REF*ST*07637
REF*DP*043
DTM*999*20080502
RMR*IK*763720080503*PI*166.4*166.4*0
REF*PO*0020080504
REF*ST*07637
REF*DP*043
DTM*999*20080503
RMR*IK*763720080504*PI*135.05*135.05*0
REF*PO*0020080505
REF*ST*07637
REF*DP*043
DTM*999*20080504
RMR*IK*763720080505*PI*106.51*106.51*0
REF*PO*0020080506
REF*ST*07637
REF*DP*043
DTM*999*20080505
RMR*IK*763720080506*PI*124.41*124.41*0
REF*PO*0020080507
REF*ST*07637
REF*DP*043
DTM*999*20080506
RMR*IK*763720080507*PI*94.71*94.71*0
REF*PO*0020080508
REF*ST*07637
REF*DP*043
DTM*999*20080507
RMR*IK*771820080501*PI*644.88*644.88*0
REF*PO*0020080502
REF*ST*07718
REF*DP*043
DTM*999*20080501
RMR*IK*771820080502*PI*649.6*649.6*0
REF*PO*0020080503
REF*ST*07718
REF*DP*043
DTM*999*20080502
RMR*IK*771820080503*PI*599.15*599.15*0
REF*PO*0020080504
REF*ST*07718
REF*DP*043
DTM*999*20080503
RMR*IK*771820080504*PI*648.41*648.41*0
REF*PO*0020080505
REF*ST*07718
REF*DP*043
DTM*999*20080504
RMR*IK*771820080505*PI*1009.94*1009.94*0
REF*PO*0020080506
REF*ST*07718
REF*DP*043
DTM*999*20080505
RMR*IK*771820080506*PI*759.8*759.8*0
REF*PO*0020080507
REF*ST*07718
REF*DP*043
DTM*999*20080506
RMR*IK*771820080507*PI*853.6*853.6*0
REF*PO*0020080508
REF*ST*07718
REF*DP*043
DTM*999*20080507
RMR*IK*771920080501*PI*254.33*254.33*0
REF*PO*0020080502
REF*ST*07719
REF*DP*043
DTM*999*20080501
RMR*IK*771920080502*PI*263.39*263.39*0
REF*PO*0020080503
REF*ST*07719
REF*DP*043
DTM*999*20080502
RMR*IK*771920080503*PI*341.71*341.71*0
REF*PO*0020080504
REF*ST*07719
REF*DP*043
DTM*999*20080503
RMR*IK*771920080504*PI*128.4*128.4*0
REF*PO*0020080505
REF*ST*07719
REF*DP*043
DTM*999*20080504
RMR*IK*771920080505*PI*281.77*281.77*0
REF*PO*0020080506
REF*ST*07719
REF*DP*043
DTM*999*20080505
RMR*IK*771920080506*PI*315.79*315.79*0
REF*PO*0020080507
REF*ST*07719
REF*DP*043
DTM*999*20080506
RMR*IK*771920080507*PI*261.64*261.64*0
REF*PO*0020080508
REF*ST*07719
REF*DP*043
DTM*999*20080507
RMR*IK*775420080501*PI*218.66*218.66*0
REF*PO*0020080502
REF*ST*07754
REF*DP*043
DTM*999*20080501
RMR*IK*775420080502*PI*302.07*302.07*0
REF*PO*0020080503
REF*ST*07754
REF*DP*043
DTM*999*20080502
RMR*IK*775420080503*PI*323.57*323.57*0
REF*PO*0020080504
REF*ST*07754
REF*DP*043
DTM*999*20080503
RMR*IK*775420080504*PI*226.3*226.3*0
REF*PO*0020080505
REF*ST*07754
REF*DP*043
DTM*999*20080504
RMR*IK*775420080505*PI*327.99*327.99*0
REF*PO*0020080506
REF*ST*07754
REF*DP*043
DTM*999*20080505
RMR*IK*775420080506*PI*200.29*200.29*0
REF*PO*0020080507
REF*ST*07754
REF*DP*043
DTM*999*20080506
RMR*IK*775420080507*PI*270.3*270.3*0
REF*PO*0020080508
REF*ST*07754
REF*DP*043
DTM*999*20080507
RMR*IK*912920080501*PI*131.91*131.91*0
REF*PO*0020080502
REF*ST*09129
REF*DP*043
DTM*999*20080501
RMR*IK*912920080502*PI*91*91*0
REF*PO*0020080503
REF*ST*09129
REF*DP*043
DTM*999*20080502
RMR*IK*912920080503*PI*131.08*131.08*0
REF*PO*0020080504
REF*ST*09129
REF*DP*043
DTM*999*20080503
RMR*IK*912920080504*PI*142.47*142.47*0
REF*PO*0020080505
REF*ST*09129
REF*DP*043
DTM*999*20080504
RMR*IK*912920080505*PI*57.94*57.94*0
REF*PO*0020080506
REF*ST*09129
REF*DP*043
DTM*999*20080505
RMR*IK*912920080506*PI*100.33*100.33*0
REF*PO*0020080507
REF*ST*09129
REF*DP*043
DTM*999*20080506
RMR*IK*912920080507*PI*147.8*147.8*0
REF*PO*0020080508
REF*ST*09129
REF*DP*043
DTM*999*20080507
RMR*IK*921720080501*PI*96.59*96.59*0
REF*PO*0020080502
REF*ST*09217
REF*DP*043
DTM*999*20080501
RMR*IK*921720080502*PI*103.84*103.84*0
REF*PO*0020080503
REF*ST*09217
REF*DP*043
DTM*999*20080502
RMR*IK*921720080503*PI*275.94*275.94*0
REF*PO*0020080504
REF*ST*09217
REF*DP*043
DTM*999*20080503
RMR*IK*921720080504*PI*135.35*135.35*0
REF*PO*0020080505
REF*ST*09217
REF*DP*043
DTM*999*20080504
RMR*IK*921720080505*PI*94.06*94.06*0
REF*PO*0020080506
REF*ST*09217
REF*DP*043
DTM*999*20080505
RMR*IK*921720080506*PI*164.72*164.72*0
REF*PO*0020080507
REF*ST*09217
REF*DP*043
DTM*999*20080506
RMR*IK*921720080507*PI*203.06*203.06*0
REF*PO*0020080508
REF*ST*09217
REF*DP*043
DTM*999*20080507
RMR*IK*932020080501*PI*165.08*165.08*0
REF*PO*0020080502
REF*ST*09320
REF*DP*043
DTM*999*20080501
RMR*IK*932020080502*PI*114.02*114.02*0
REF*PO*0020080503
REF*ST*09320
REF*DP*043
DTM*999*20080502
RMR*IK*932020080503*PI*276.12*276.12*0
REF*PO*0020080504
REF*ST*09320
REF*DP*043
DTM*999*20080503
RMR*IK*932020080504*PI*131.28*131.28*0
REF*PO*0020080505
REF*ST*09320
REF*DP*043
DTM*999*20080504
RMR*IK*932020080505*PI*163.72*163.72*0
REF*PO*0020080506
REF*ST*09320
REF*DP*043
DTM*999*20080505
RMR*IK*932020080506*PI*119.99*119.99*0
REF*PO*0020080507
REF*ST*09320
REF*DP*043
DTM*999*20080506
RMR*IK*932020080507*PI*156.94*156.94*0
REF*PO*0020080508
REF*ST*09320
REF*DP*043
DTM*999*20080507
RMR*IK*932020080529*PI*-4.6*-4.6*0
REF*PO*0020080530
REF*ST*09320
REF*DP*043
DTM*999*20080529
RMR*IK*951320080501*PI*204.4*204.4*0
REF*PO*0020080502
REF*ST*09513
REF*DP*043
DTM*999*20080501
RMR*IK*951320080502*PI*285.09*285.09*0
REF*PO*0020080503
REF*ST*09513
REF*DP*043
DTM*999*20080502
RMR*IK*951320080503*PI*170.29*170.29*0
REF*PO*0020080504
REF*ST*09513
REF*DP*043
DTM*999*20080503
RMR*IK*951320080504*PI*455.14*455.14*0
REF*PO*0020080505
REF*ST*09513
REF*DP*043
DTM*999*20080504
RMR*IK*951320080505*PI*619.41*619.41*0
REF*PO*0020080506
REF*ST*09513
REF*DP*043
DTM*999*20080505
RMR*IK*951320080506*PI*402.28*402.28*0
REF*PO*0020080507
REF*ST*09513
REF*DP*043
DTM*999*20080506
RMR*IK*951320080507*PI*298.67*298.67*0
REF*PO*0020080508
REF*ST*09513
REF*DP*043
DTM*999*20080507
RMR*IK*954720080501*PI*10.8*10.8*0
REF*PO*0020080502
REF*ST*09547
REF*DP*043
DTM*999*20080501
RMR*IK*954720080502*PI*76.59*76.59*0
REF*PO*0020080503
REF*ST*09547
REF*DP*043
DTM*999*20080502
RMR*IK*954720080503*PI*239.72*239.72*0
REF*PO*0020080504
REF*ST*09547
REF*DP*043
DTM*999*20080503
RMR*IK*954720080504*PI*56.1*56.1*0
REF*PO*0020080505
REF*ST*09547
REF*DP*043
DTM*999*20080504
RMR*IK*954720080505*PI*69.29*69.29*0
REF*PO*0020080506
REF*ST*09547
REF*DP*043
DTM*999*20080505
RMR*IK*954720080506*PI*110.61*110.61*0
REF*PO*0020080507
REF*ST*09547
REF*DP*043
DTM*999*20080506
RMR*IK*954720080507*PI*139.26*139.26*0
REF*PO*0020080508
REF*ST*09547
REF*DP*043
DTM*999*20080507
RMR*IK*954920080501*PI*129.77*129.77*0
REF*PO*0020080502
REF*ST*09549
REF*DP*043
DTM*999*20080501
RMR*IK*954920080502*PI*137.49*137.49*0
REF*PO*0020080503
REF*ST*09549
REF*DP*043
DTM*999*20080502
RMR*IK*954920080503*PI*213.13*213.13*0
REF*PO*0020080504
REF*ST*09549
REF*DP*043
DTM*999*20080503
RMR*IK*954920080504*PI*144.45*144.45*0
REF*PO*0020080505
REF*ST*09549
REF*DP*043
DTM*999*20080504
RMR*IK*954920080505*PI*83.47*83.47*0
REF*PO*0020080506
REF*ST*09549
REF*DP*043
DTM*999*20080505
RMR*IK*954920080506*PI*72.12*72.12*0
REF*PO*0020080507
REF*ST*09549
REF*DP*043
DTM*999*20080506
RMR*IK*954920080507*PI*229.68*229.68*0
REF*PO*0020080508
REF*ST*09549
REF*DP*043
DTM*999*20080507
RMR*IK*956020080501*PI*21.03*21.03*0
REF*PO*0020080502
REF*ST*09560
REF*DP*043
DTM*999*20080501
RMR*IK*956020080502*PI*124.1*124.1*0
REF*PO*0020080503
REF*ST*09560
REF*DP*043
DTM*999*20080502
RMR*IK*956020080503*PI*131.69*131.69*0
REF*PO*0020080504
REF*ST*09560
REF*DP*043
DTM*999*20080503
RMR*IK*956020080504*PI*313.32*313.32*0
REF*PO*0020080505
REF*ST*09560
REF*DP*043
DTM*999*20080504
RMR*IK*956020080505*PI*252.26*252.26*0
REF*PO*0020080506
REF*ST*09560
REF*DP*043
DTM*999*20080505
RMR*IK*956020080506*PI*63.45*63.45*0
REF*PO*0020080507
REF*ST*09560
REF*DP*043
DTM*999*20080506
RMR*IK*956020080507*PI*117.25*117.25*0
REF*PO*0020080508
REF*ST*09560
REF*DP*043
DTM*999*20080507
RMR*IK*956320080501*PI*347.52*347.52*0
REF*PO*0020080502
REF*ST*09563
REF*DP*043
DTM*999*20080501
RMR*IK*956320080502*PI*513.2*513.2*0
REF*PO*0020080503
REF*ST*09563
REF*DP*043
DTM*999*20080502
RMR*IK*956320080503*PI*585.97*585.97*0
REF*PO*0020080504
REF*ST*09563
REF*DP*043
DTM*999*20080503
RMR*IK*956320080504*PI*305.49*305.49*0
REF*PO*0020080505
REF*ST*09563
REF*DP*043
DTM*999*20080504
RMR*IK*956320080505*PI*196.14*196.14*0
REF*PO*0020080506
REF*ST*09563
REF*DP*043
DTM*999*20080505
RMR*IK*956320080506*PI*514.23*514.23*0
REF*PO*0020080507
REF*ST*09563
REF*DP*043
DTM*999*20080506
RMR*IK*956320080507*PI*635.79*635.79*0
REF*PO*0020080508
REF*ST*09563
REF*DP*043
DTM*999*20080507
RMR*IK*957120080501*PI*247*247*0
REF*PO*0020080502
REF*ST*09571
REF*DP*043
DTM*999*20080501
RMR*IK*957120080502*PI*277.1*277.1*0
REF*PO*0020080503
REF*ST*09571
REF*DP*043
DTM*999*20080502
RMR*IK*957120080503*PI*472.11*472.11*0
REF*PO*0020080504
REF*ST*09571
REF*DP*043
DTM*999*20080503
RMR*IK*957120080504*PI*229.29*229.29*0
REF*PO*0020080505
REF*ST*09571
REF*DP*043
DTM*999*20080504
RMR*IK*957120080505*PI*326.33*326.33*0
REF*PO*0020080506
REF*ST*09571
REF*DP*043
DTM*999*20080505
RMR*IK*957120080506*PI*236.84*236.84*0
REF*PO*0020080507
REF*ST*09571
REF*DP*043
DTM*999*20080506
RMR*IK*957120080507*PI*199.33*199.33*0
REF*PO*0020080508
REF*ST*09571
REF*DP*043
DTM*999*20080507
RMR*IK*962020080501*PI*208.86*208.86*0
REF*PO*0020080502
REF*ST*09620
REF*DP*043
DTM*999*20080501
RMR*IK*962020080502*PI*239.96*239.96*0
REF*PO*0020080503
REF*ST*09620
REF*DP*043
DTM*999*20080502
RMR*IK*962020080503*PI*489.16*489.16*0
REF*PO*0020080504
REF*ST*09620
REF*DP*043
DTM*999*20080503
RMR*IK*962020080504*PI*431.8*431.8*0
REF*PO*0020080505
REF*ST*09620
REF*DP*043
DTM*999*20080504
RMR*IK*962020080505*PI*644.31*644.31*0
REF*PO*0020080506
REF*ST*09620
REF*DP*043
DTM*999*20080505
RMR*IK*962020080506*PI*350.32*350.32*0
REF*PO*0020080507
REF*ST*09620
REF*DP*043
DTM*999*20080506
RMR*IK*962020080507*PI*267.92*267.92*0
REF*PO*0020080508
REF*ST*09620
REF*DP*043
DTM*999*20080507
RMR*IK*962120080501*PI*616.77*616.77*0
REF*PO*0020080502
REF*ST*09621
REF*DP*043
DTM*999*20080501
RMR*IK*962120080502*PI*548.55*548.55*0
REF*PO*0020080503
REF*ST*09621
REF*DP*043
DTM*999*20080502
RMR*IK*962120080503*PI*825.62*825.62*0
REF*PO*0020080504
REF*ST*09621
REF*DP*043
DTM*999*20080503
RMR*IK*962120080504*PI*886.06*886.06*0
REF*PO*0020080505
REF*ST*09621
REF*DP*043
DTM*999*20080504
RMR*IK*962120080505*PI*614.45*614.45*0
REF*PO*0020080506
REF*ST*09621
REF*DP*043
DTM*999*20080505
RMR*IK*962120080506*PI*456.87*456.87*0
REF*PO*0020080507
REF*ST*09621
REF*DP*043
DTM*999*20080506
RMR*IK*962120080507*PI*1060.53*1060.53*0
REF*PO*0020080508
REF*ST*09621
REF*DP*043
DTM*999*20080507
RMR*IK*962220080501*PI*99.77*99.77*0
REF*PO*0020080502
REF*ST*09622
REF*DP*043
DTM*999*20080501
RMR*IK*962220080502*PI*100.1*100.1*0
REF*PO*0020080503
REF*ST*09622
REF*DP*043
DTM*999*20080502
RMR*IK*962220080503*PI*241.1*241.1*0
REF*PO*0020080504
REF*ST*09622
REF*DP*043
DTM*999*20080503
RMR*IK*962220080504*PI*106.15*106.15*0
REF*PO*0020080505
REF*ST*09622
REF*DP*043
DTM*999*20080504
RMR*IK*962220080505*PI*110.3*110.3*0
REF*PO*0020080506
REF*ST*09622
REF*DP*043
DTM*999*20080505
RMR*IK*962220080506*PI*90.84*90.84*0
REF*PO*0020080507
REF*ST*09622
REF*DP*043
DTM*999*20080506
RMR*IK*962220080507*PI*191.54*191.54*0
REF*PO*0020080508
REF*ST*09622
REF*DP*043
DTM*999*20080507
RMR*IK*962520080501*PI*154.55*154.55*0
REF*PO*0020080502
REF*ST*09625
REF*DP*043
DTM*999*20080501
RMR*IK*962520080502*PI*263.33*263.33*0
REF*PO*0020080503
REF*ST*09625
REF*DP*043
DTM*999*20080502
RMR*IK*962520080503*PI*303.52*303.52*0
REF*PO*0020080504
REF*ST*09625
REF*DP*043
DTM*999*20080503
RMR*IK*962520080504*PI*199.84*199.84*0
REF*PO*0020080505
REF*ST*09625
REF*DP*043
DTM*999*20080504
RMR*IK*962520080505*PI*355.23*355.23*0
REF*PO*0020080506
REF*ST*09625
REF*DP*043
DTM*999*20080505
RMR*IK*962520080506*PI*169.71*169.71*0
REF*PO*0020080507
REF*ST*09625
REF*DP*043
DTM*999*20080506
RMR*IK*962520080507*PI*200.37*200.37*0
REF*PO*0020080508
REF*ST*09625
REF*DP*043
DTM*999*20080507
RMR*IK*962920080501*PI*339.31*339.31*0
REF*PO*0020080502
REF*ST*09629
REF*DP*043
DTM*999*20080501
RMR*IK*962920080502*PI*432.37*432.37*0
REF*PO*0020080503
REF*ST*09629
REF*DP*043
DTM*999*20080502
RMR*IK*962920080503*PI*681.38*681.38*0
REF*PO*0020080504
REF*ST*09629
REF*DP*043
DTM*999*20080503
RMR*IK*962920080504*PI*530.66*530.66*0
REF*PO*0020080505
REF*ST*09629
REF*DP*043
DTM*999*20080504
RMR*IK*962920080505*PI*366.46*366.46*0
REF*PO*0020080506
REF*ST*09629
REF*DP*043
DTM*999*20080505
RMR*IK*962920080506*PI*257.25*257.25*0
REF*PO*0020080507
REF*ST*09629
REF*DP*043
DTM*999*20080506
RMR*IK*962920080507*PI*243.17*243.17*0
REF*PO*0020080508
REF*ST*09629
REF*DP*043
DTM*999*20080507
RMR*IK*963320080501*PI*673.16*673.16*0
REF*PO*0020080502
REF*ST*09633
REF*DP*043
DTM*999*20080501
RMR*IK*963320080502*PI*377.49*377.49*0
REF*PO*0020080503
REF*ST*09633
REF*DP*043
DTM*999*20080502
RMR*IK*963320080503*PI*1039.02*1039.02*0
REF*PO*0020080504
REF*ST*09633
REF*DP*043
DTM*999*20080503
RMR*IK*963320080504*PI*1037.43*1037.43*0
REF*PO*0020080505
REF*ST*09633
REF*DP*043
DTM*999*20080504
RMR*IK*963320080505*PI*1296.64*1296.64*0
REF*PO*0020080506
REF*ST*09633
REF*DP*043
DTM*999*20080505
RMR*IK*963320080506*PI*1394.25*1394.25*0
REF*PO*0020080507
REF*ST*09633
REF*DP*043
DTM*999*20080506
RMR*IK*963320080507*PI*1290.94*1290.94*0
REF*PO*0020080508
REF*ST*09633
REF*DP*043
DTM*999*20080507
RMR*IK*963920080501*PI*125.63*125.63*0
REF*PO*0020080502
REF*ST*09639
REF*DP*043
DTM*999*20080501
RMR*IK*963920080502*PI*261.33*261.33*0
REF*PO*0020080503
REF*ST*09639
REF*DP*043
DTM*999*20080502
RMR*IK*963920080503*PI*385.42*385.42*0
REF*PO*0020080504
REF*ST*09639
REF*DP*043
DTM*999*20080503
RMR*IK*963920080504*PI*282.64*282.64*0
REF*PO*0020080505
REF*ST*09639
REF*DP*043
DTM*999*20080504
RMR*IK*963920080505*PI*306.23*306.23*0
REF*PO*0020080506
REF*ST*09639
REF*DP*043
DTM*999*20080505
RMR*IK*963920080506*PI*309.46*309.46*0
REF*PO*0020080507
REF*ST*09639
REF*DP*043
DTM*999*20080506
RMR*IK*963920080507*PI*226.98*226.98*0
REF*PO*0020080508
REF*ST*09639
REF*DP*043
DTM*999*20080507
RMR*IK*964820080501*PI*1556.95*1556.95*0
REF*PO*0020080502
REF*ST*09648
REF*DP*043
DTM*999*20080501
RMR*IK*964820080502*PI*1114.26*1114.26*0
REF*PO*0020080503
REF*ST*09648
REF*DP*043
DTM*999*20080502
RMR*IK*964820080503*PI*1952.25*1952.25*0
REF*PO*0020080504
REF*ST*09648
REF*DP*043
DTM*999*20080503
RMR*IK*964820080504*PI*1800.65*1800.65*0
REF*PO*0020080505
REF*ST*09648
REF*DP*043
DTM*999*20080504
RMR*IK*964820080505*PI*1535.93*1535.93*0
REF*PO*0020080506
REF*ST*09648
REF*DP*043
DTM*999*20080505
RMR*IK*964820080506*PI*1390.69*1390.69*0
REF*PO*0020080507
REF*ST*09648
REF*DP*043
DTM*999*20080506
RMR*IK*964820080507*PI*1345.47*1345.47*0
REF*PO*0020080508
REF*ST*09648
REF*DP*043
DTM*999*20080507
RMR*IK*965720080501*PI*38.81*38.81*0
REF*PO*0020080502
REF*ST*09657
REF*DP*043
DTM*999*20080501
RMR*IK*965720080502*PI*95.41*95.41*0
REF*PO*0020080503
REF*ST*09657
REF*DP*043
DTM*999*20080502
RMR*IK*965720080503*PI*76.25*76.25*0
REF*PO*0020080504
REF*ST*09657
REF*DP*043
DTM*999*20080503
RMR*IK*965720080504*PI*42.36*42.36*0
REF*PO*0020080505
REF*ST*09657
REF*DP*043
DTM*999*20080504
RMR*IK*965720080505*PI*70.07*70.07*0
REF*PO*0020080506
REF*ST*09657
REF*DP*043
DTM*999*20080505
RMR*IK*965720080506*PI*46.88*46.88*0
REF*PO*0020080507
REF*ST*09657
REF*DP*043
DTM*999*20080506
RMR*IK*965720080507*PI*107.42*107.42*0
REF*PO*0020080508
REF*ST*09657
REF*DP*043
DTM*999*20080507
RMR*IK*967420080501*PI*376.88*376.88*0
REF*PO*0020080502
REF*ST*09674
REF*DP*043
DTM*999*20080501
RMR*IK*967420080502*PI*353.76*353.76*0
REF*PO*0020080503
REF*ST*09674
REF*DP*043
DTM*999*20080502
RMR*IK*967420080503*PI*293.09*293.09*0
REF*PO*0020080504
REF*ST*09674
REF*DP*043
DTM*999*20080503
RMR*IK*967420080504*PI*600.14*600.14*0
REF*PO*0020080505
REF*ST*09674
REF*DP*043
DTM*999*20080504
RMR*IK*967420080505*PI*446.57*446.57*0
REF*PO*0020080506
REF*ST*09674
REF*DP*043
DTM*999*20080505
RMR*IK*967420080506*PI*390.56*390.56*0
REF*PO*0020080507
REF*ST*09674
REF*DP*043
DTM*999*20080506
RMR*IK*967420080507*PI*648.19*648.19*0
REF*PO*0020080508
REF*ST*09674
REF*DP*043
DTM*999*20080507
RMR*IK*971420080501*PI*183.61*183.61*0
REF*PO*0020080502
REF*ST*09714
REF*DP*043
DTM*999*20080501
RMR*IK*971420080502*PI*243.34*243.34*0
REF*PO*0020080503
REF*ST*09714
REF*DP*043
DTM*999*20080502
RMR*IK*971420080503*PI*86.03*86.03*0
REF*PO*0020080504
REF*ST*09714
REF*DP*043
DTM*999*20080503
RMR*IK*971420080504*PI*187.03*187.03*0
REF*PO*0020080505
REF*ST*09714
REF*DP*043
DTM*999*20080504
RMR*IK*971420080505*PI*132.65*132.65*0
REF*PO*0020080506
REF*ST*09714
REF*DP*043
DTM*999*20080505
RMR*IK*971420080506*PI*112.69*112.69*0
REF*PO*0020080507
REF*ST*09714
REF*DP*043
DTM*999*20080506
RMR*IK*971420080507*PI*125*125*0
REF*PO*0020080508
REF*ST*09714
REF*DP*043
DTM*999*20080507
RMR*IK*972820080501*PI*117.82*117.82*0
REF*PO*0020080502
REF*ST*09728
REF*DP*043
DTM*999*20080501
RMR*IK*972820080502*PI*144.34*144.34*0
REF*PO*0020080503
REF*ST*09728
REF*DP*043
DTM*999*20080502
RMR*IK*972820080503*PI*387.76*387.76*0
REF*PO*0020080504
REF*ST*09728
REF*DP*043
DTM*999*20080503
RMR*IK*972820080504*PI*437.05*437.05*0
REF*PO*0020080505
REF*ST*09728
REF*DP*043
DTM*999*20080504
RMR*IK*972820080505*PI*386.41*386.41*0
REF*PO*0020080506
REF*ST*09728
REF*DP*043
DTM*999*20080505
RMR*IK*972820080506*PI*392.03*392.03*0
REF*PO*0020080507
REF*ST*09728
REF*DP*043
DTM*999*20080506
RMR*IK*972820080507*PI*232.34*232.34*0
REF*PO*0020080508
REF*ST*09728
REF*DP*043
DTM*999*20080507
RMR*IK*973520080501*PI*175.79*175.79*0
REF*PO*0020080502
REF*ST*09735
REF*DP*043
DTM*999*20080501
RMR*IK*973520080502*PI*213.22*213.22*0
REF*PO*0020080503
REF*ST*09735
REF*DP*043
DTM*999*20080502
RMR*IK*973520080503*PI*232.45*232.45*0
REF*PO*0020080504
REF*ST*09735
REF*DP*043
DTM*999*20080503
RMR*IK*973520080504*PI*418.33*418.33*0
REF*PO*0020080505
REF*ST*09735
REF*DP*043
DTM*999*20080504
RMR*IK*973520080505*PI*187.45*187.45*0
REF*PO*0020080506
REF*ST*09735
REF*DP*043
DTM*999*20080505
RMR*IK*973520080506*PI*223.23*223.23*0
REF*PO*0020080507
REF*ST*09735
REF*DP*043
DTM*999*20080506
RMR*IK*973520080507*PI*264.15*264.15*0
REF*PO*0020080508
REF*ST*09735
REF*DP*043
DTM*999*20080507
RMR*IK*975820080501*PI*629.86*629.86*0
REF*PO*0020080502
REF*ST*09758
REF*DP*043
DTM*999*20080501
RMR*IK*975820080502*PI*545.31*545.31*0
REF*PO*0020080503
REF*ST*09758
REF*DP*043
DTM*999*20080502
RMR*IK*975820080503*PI*375.39*375.39*0
REF*PO*0020080504
REF*ST*09758
REF*DP*043
DTM*999*20080503
RMR*IK*975820080504*PI*598.72*598.72*0
REF*PO*0020080505
REF*ST*09758
REF*DP*043
DTM*999*20080504
RMR*IK*975820080505*PI*634.8*634.8*0
REF*PO*0020080506
REF*ST*09758
REF*DP*043
DTM*999*20080505
RMR*IK*975820080506*PI*238.92*238.92*0
REF*PO*0020080507
REF*ST*09758
REF*DP*043
DTM*999*20080506
RMR*IK*975820080507*PI*580.4*580.4*0
REF*PO*0020080508
REF*ST*09758
REF*DP*043
DTM*999*20080507
SE*5159*0001
GE*1*1000119
IEA*1*001000119
ISA*00*          *00*          *08*9254291001     *12*6154525825     *080603*0421*U*00400*000000363*0*P*>
GS*PD*9254291001*6154525825*20080603*0421*363*X*004010
ST*852*0001
XQ*H*20080603
N9*AD*T00000040
LIN**IN*002904411*ZZ*43*UP*831664001160*****DG*1*VS*00000
ZA*QS***006*20080602
CTP**UCP*.7
SDQ*EA*ZZ*4071*1*9129*4
CTT*1
SE*9*0001
ST*852*0002
XQ*H*20080603
N9*AD*T00000040
LIN**IN*002916611*ZZ*43*UP*831664001184*****DG*1*VS*00000
ZA*QS***006*20080601
CTP**UCP*3.4
SDQ*EA*ZZ*5014*1
ZA*QS***006*20080602
CTP**UCP*3.4
SDQ*EA*ZZ*3022*7*3083*3*3084*3*3143*3*3223*1*3240*1*3348*2*3359*1*3602*1*3632*11
SDQ*EA*ZZ*3644*2*3645*4*3672*1*3685*1*3703*4*3715*1*3848*1*3941*5*3996*1*4093*5
SDQ*EA*ZZ*4103*2*4112*1*4244*2*4308*3*4475*3*4717*2*4719*8*4970*3*7069*5*7076*2
SDQ*EA*ZZ*7146*1*7154*1*7208*3*7255*1*7278*4*7353*13*7358*7*7362*2*7382*1*7460*4
SDQ*EA*ZZ*7607*2*7610*1*7754*1*9571*1*9629*1*9633*11*9648*11*9735*1*9758*2
LIN**IN*002916611*ZZ*43*UP*831664001184*****DG*5*VS*00000
ZA*QS***006*20080602
CTP**UCP*3.4
SDQ*EA*ZZ*4103*1
LIN**IN*002916611*ZZ*43*UP*831664001184*****DG*8*VS*00000
ZA*QS***006*20080602
CTP**UCP*3.4
SDQ*EA*ZZ*4112*1*4308*2*9633*2
CTT*3
SE*24*0002
ST*852*0003
XQ*H*20080603
N9*AD*T00000040
LIN**IN*016303311*ZZ*43*UP*831664001283*****DG*1*VS*00000
ZA*QS***006*20080602
CTP**UCP*6.4
SDQ*EA*ZZ*3143*2*3147*1*3602*1*4308*1*7353*2*7407*1*9625*1
CTT*1
SE*9*0003
ST*852*0004
XQ*H*20080603
N9*AD*T00000040
LIN**IN*025393811*ZZ*43*UP*831664001238*****DG*1*VS*00000
ZA*QS***006*20080602
CTP**UCP*6.4
SDQ*EA*ZZ*4717*1
CTT*1
SE*9*0004
ST*852*0005
XQ*H*20080603
N9*AD*T00000040
LIN**IN*025395211*ZZ*43*UP*831664001252*****DG*1*VS*00000
ZA*QS***006*20080601
CTP**UCP*6.4
SDQ*EA*ZZ*5014*7
ZA*QS***006*20080602
CTP**UCP*6.4
SDQ*EA*ZZ*3359*1*3632*1*3672*1*3703*1*3715*2*3852*2*3941*1*4093*3*4103*2*4137*2
SDQ*EA*ZZ*4719*6*4835*1*7132*1*7637*1*7754*1*9217*1*9563*1*9674*1*9758*2
LIN**IN*025395211*ZZ*43*UP*831664001252*****DG*5*VS*00000
ZA*QS***006*20080602
CTP**UCP*6.4
SDQ*EA*ZZ*3644*1*7354*1
LIN**IN*025395211*ZZ*43*UP*831664001252*****DG*8*VS*00000
ZA*QS***006*20080602
CTP**UCP*6.4
SDQ*EA*ZZ*7354*1
CTT*3
SE*21*0005
ST*852*0006
XQ*H*20080603
N9*AD*T00000040
LIN**IN*025397611*ZZ*43*UP*831664001245*****DG*1*VS*00000
ZA*QS***006*20080602
CTP**UCP*4.95
SDQ*EA*ZZ*3022*2*3084*1*3143*4*3147*1*3355*2*3359*8*3632*7*3645*1*3646*3*3672*2
SDQ*EA*ZZ*3703*2*3713*1*4103*2*4244*2*4717*1*4719*1*4777*5*7043*2*7066*1*7076*2
SDQ*EA*ZZ*7132*2*7208*1*7255*1*7353*1*7358*3*7362*1*7382*1*7626*1*7629*2*9560*1
SDQ*EA*ZZ*9563*3*9633*1*9674*2*9714*1
LIN**IN*025397611*ZZ*43*UP*831664001245*****DG*5*VS*00000
ZA*QS***006*20080602
CTP**UCP*4.95
SDQ*EA*ZZ*4244*3*4898*1*9571*1*9633*1
LIN**IN*025397611*ZZ*43*UP*831664001245*****DG*8*VS*00000
ZA*QS***006*20080602
CTP**UCP*4.95
SDQ*EA*ZZ*7407*3
CTT*3
SE*20*0006
ST*852*0007
XQ*H*20080603
N9*AD*T00000040
LIN**IN*025408511*ZZ*43*UP*831664001269*****DG*1*VS*00000
ZA*QS***006*20080602
CTP**UCP*4
SDQ*EA*ZZ*3022*4*3408*2*3632*3*3703*1*3941*2*3978*2*4093*7*4103*5*4198*1*4719*2
SDQ*EA*ZZ*4758*3*4872*1*4970*1*7132*3*7208*3*7353*2*7354*1*7358*4*7610*3*7629*2
SDQ*EA*ZZ*9621*4*9633*2*9648*5*9674*2
CTT*1
SE*11*0007
ST*852*0008
XQ*H*20080603
N9*AD*T00000040
LIN**IN*025412011*ZZ*43*UP*831664001276*****DG*1*VS*00000
ZA*QS***006*20080602
CTP**UCP*2
SDQ*EA*ZZ*3143*3*3147*6*3223*4*3646*1*3661*1*3675*1*3685*1*3773*1*3822*2*3941*2
SDQ*EA*ZZ*3996*2*4016*2*4866*2*7353*3*7607*1*9129*1*9217*1*9549*1*9563*2*9621*3
SDQ*EA*ZZ*9622*1*9648*1
LIN**IN*025412011*ZZ*43*UP*831664001276*****DG*5*VS*00000
ZA*QS***006*20080602
CTP**UCP*2
SDQ*EA*ZZ*9129*2*9625*2
CTT*2
SE*15*0008
ST*852*0009
XQ*H*20080603
N9*AD*T00000040
LIN**IN*033281811*ZZ*43*UP*831664001290*****DG*1*VS*00000
ZA*QS***006*20080601
CTP**UCP*3.4
SDQ*EA*ZZ*9758*-3
LIN**IN*033281811*ZZ*43*UP*831664001290*****DG*5*VS*00000
ZA*QS***006*20080602
CTP**UCP*3.4
SDQ*EA*ZZ*3084*-1
LIN**IN*033281811*ZZ*43*UP*831664001290*****DG*6*VS*00000
ZA*QS***006*20080602
CTP**UCP*3.4
SDQ*EA*ZZ*3083*3*3084*3*3143*19*3348*3*3359*5*3408*2*3428*3*3632*4*3644*7*3645*6
SDQ*EA*ZZ*3646*10*3661*5*3685*1*3703*10*3713*7*3715*1*3822*2*3925*1*3941*8*3996*2
SDQ*EA*ZZ*4093*5*4103*14*4112*9*4202*1*4244*6*4717*2*4719*1*4758*1*4817*14*4866*9
SDQ*EA*ZZ*4872*4*7064*2*7066*5*7069*2*7076*3*7132*4*7208*14*7255*4*7274*2*7278*1
SDQ*EA*ZZ*7358*5*7461*6*7607*5*7610*5*7622*4*7718*1*7754*4*9129*2*9513*2*9549*1
SDQ*EA*ZZ*9620*4*9621*11*9633*6*9648*5*9674*4*9735*2
LIN**IN*033281811*ZZ*43*UP*831664001290*****DG*8*VS*00000
ZA*QS***006*20080602
CTP**UCP*3.4
SDQ*EA*ZZ*3646*2
CTT*4
SE*26*0009
ST*852*0010
XQ*H*20080603
N9*AD*T00000040
LIN**IN*039868311*ZZ*43*UP*831664001405*****DG*1*VS*00000
ZA*QS***006*20080602
CTP**UCP*2
SDQ*EA*ZZ*3084*3*3408*1*4244*5*4717*1*7076*1*7358*5*9621*3*9622*1*9633*5*9639*6
SDQ*EA*ZZ*9648*3*9674*1
CTT*1
SE*10*0010
ST*852*0011
XQ*H*20080603
N9*AD*T00000040
LIN**IN*044488711*ZZ*43*UP*831664001306*****DG*1*VS*00000
ZA*QS***006*20080601
CTP**UCP*6.4
SDQ*EA*ZZ*5070*1
ZA*QS***006*20080602
CTP**UCP*6.4
SDQ*EA*ZZ*3661*1*3672*1*3685*1*3713*1*3966*1*4758*2*4866*1*4872*1*7208*2*7354*1
SDQ*EA*ZZ*7358*2*7610*1*7626*1*9758*1
CTT*1
SE*13*0011
ST*852*0012
XQ*H*20080603
N9*AD*T00000040
LIN**IN*048848711*ZZ*43*UP*831664001153*****DG*1*VS*00000
ZA*QS***006*20080602
CTP**UCP*3.4
SDQ*EA*ZZ*3147*1*3632*1*3848*1*4103*1
CTT*1
SE*9*0012
ST*852*0013
XQ*H*20080603
N9*AD*T00000040
LIN**IN*053241411*ZZ*43*UP*831664001313*****DG*1*VS*00000
ZA*QS***006*20080602
CTP**UCP*1
SDQ*EA*ZZ*3022*1*3084*1*3143*2*3147*4*3289*1*3644*2*3645*3*3646*4*3701*6*3703*5
SDQ*EA*ZZ*3941*2*3966*5*4071*1*4103*2*4202*2*4244*7*4308*3*4719*3*4758*1*4769*4
SDQ*EA*ZZ*4898*1*4970*5*7146*6*7154*4*7208*5*7255*4*7358*3*7629*1*9320*1*9547*4
SDQ*EA*ZZ*9633*6*9648*10*9657*-11*9714*1
CTT*1
SE*12*0013
ST*852*0014
XQ*H*20080603
N9*AD*T00000040
LIN**IN*059647211*ZZ*43*UP*831664001191*****DG*1*VS*00000
ZA*QS***006*20080602
CTP**UCP*4.95
SDQ*EA*ZZ*9648*1
CTT*1
SE*9*0014
ST*852*0015
XQ*H*20080603
N9*AD*T00000040
LIN**IN*076496411*ZZ*43*UP*831664001320*****DG*1*VS*00000
ZA*QS***006*20080602
CTP**UCP*2.95
SDQ*EA*ZZ*3022*1*3083*1*3084*4*3143*13*3147*4*3253*3*3359*4*3428*2*3602*3*3632*1
SDQ*EA*ZZ*3645*1*3646*1*3685*2*3773*3*3822*4*3925*2*3941*1*3978*8*3996*5*4016*2
SDQ*EA*ZZ*4071*3*4093*10*4103*2*4112*2*4137*5*4244*10*4308*6*4717*3*4719*12*4758*2
SDQ*EA*ZZ*4817*3*4872*4*4883*3*4970*5*7060*1*7066*3*7154*5*7208*1*7255*2*7274*1
SDQ*EA*ZZ*7278*5*7353*5*7354*1*7382*2*7460*2*7461*1*7607*5*7622*1*7626*4*7629*2
SDQ*EA*ZZ*7754*1*9320*3*9513*1*9563*6*9571*1*9620*1*9621*14*9625*3*9633*1*9648*6
SDQ*EA*ZZ*9674*3*9728*4*9758*4
LIN**IN*076496411*ZZ*43*UP*831664001320*****DG*5*VS*00000
ZA*QS***006*20080602
CTP**UCP*2.95
SDQ*EA*ZZ*3773*-1
LIN**IN*076496411*ZZ*43*UP*831664001320*****DG*8*VS*00000
ZA*QS***006*20080602
CTP**UCP*2.95
SDQ*EA*ZZ*3022*1*3143*1*3715*2
CTT*3
SE*23*0015
ST*852*0016
XQ*H*20080603
N9*AD*T00000040
LIN**IN*079180612*ZZ*43*UP*831664001368*****DG*1*VS*00000
ZA*QS***006*20080602
CTP**UCP*4.25
SDQ*EA*ZZ*4244*2
CTT*1
SE*9*0016
ST*852*0017
XQ*H*20080603
N9*AD*T00000040
LIN**IN*093644611*ZZ*43*UP*831664001382*****DG*1*VS*00000
ZA*QS***006*20080602
CTP**UCP*3.2
SDQ*EA*ZZ*3022*9*3083*2*3084*4*3143*7*3147*1*3253*2*3632*3*3644*4*3646*1*3703*2
SDQ*EA*ZZ*3773*1*3886*2*3925*3*4016*4*4093*3*4103*6*4244*4*4312*1*4719*1*4758*3
SDQ*EA*ZZ*4777*1*4817*1*4872*1*4970*9*7043*1*7132*1*7208*4*7255*3*7276*1*7278*1
SDQ*EA*ZZ*7358*5*7607*4*7622*1*7626*1*7754*1*9320*1*9513*1*9549*1*9571*1*9620*1
SDQ*EA*ZZ*9621*5*9633*3*9648*1*9735*3
LIN**IN*093644611*ZZ*43*UP*831664001382*****DG*5*VS*00000
ZA*QS***006*20080602
CTP**UCP*3.2
SDQ*EA*ZZ*9621*1*9735*1
CTT*2
SE*17*0017
ST*852*0018
XQ*H*20080603
N9*AD*T00000040
LIN**IN*096698911*ZZ*43*UP*831664001115*****DG*1*VS*00000
ZA*QS***006*20080602
CTP**UCP*10.25
SDQ*EA*ZZ*3022*4*3084*2*3703*7*3808*1*4093*5*4244*3*4308*3*4719*1*7063*1*7066*1
SDQ*EA*ZZ*7132*5*7208*1*7358*16*9629*2*9639*2*9648*5*9735*1*9758*1
LIN**IN*096698911*ZZ*43*UP*831664001115*****DG*5*VS*00000
ZA*QS***006*20080602
CTP**UCP*10.25
SDQ*EA*ZZ*3348*1*4103*1*4817*1*9571*4*9648*4
LIN**IN*096698911*ZZ*43*UP*831664001115*****DG*8*VS*00000
ZA*QS***006*20080602
CTP**UCP*10.25
SDQ*EA*ZZ*3143*1*4244*2*9758*6
CTT*3
SE*18*0018
ST*852*0019
XQ*H*20080603
N9*AD*T00000040
LIN**IN*096901411*ZZ*43*UP*831664001139*****DG*1*VS*00000
ZA*QS***006*20080602
CTP**UCP*2.95
SDQ*EA*ZZ*3223*1*3645*1*3661*5*3672*1*3703*1*4103*1*7208*1*7622*2*9129*1
CTT*1
SE*9*0019
ST*852*0020
XQ*H*20080603
N9*AD*T00000040
LIN**IN*096901811*ZZ*43*UP*831664001122*****DG*1*VS*00000
ZA*QS***006*20080601
CTP**UCP*4.85
SDQ*EA*ZZ*5014*2
ZA*QS***006*20080602
CTP**UCP*4.85
SDQ*EA*ZZ*3359*1*3644*8*3646*6*3701*2*3703*3*3713*2*3941*1*3957*1*3975*1*3996*1
SDQ*EA*ZZ*4093*1*4103*2*4112*2*4137*2*4189*2*4717*1*4719*1*4760*1*4817*1*4872*1
SDQ*EA*ZZ*4898*1*4970*3*7060*1*7274*1*7278*2*7358*3*7558*1*7622*1*7626*3*7718*1
SDQ*EA*ZZ*7719*1*9547*1*9625*1*9728*1
LIN**IN*096901811*ZZ*43*UP*831664001122*****DG*3*VS*00000
ZA*QS***006*20080602
CTP**UCP*4.85
SDQ*EA*ZZ*9674*1
LIN**IN*096901811*ZZ*43*UP*831664001122*****DG*5*VS*00000
ZA*QS***006*20080602
CTP**UCP*4.85
SDQ*EA*ZZ*4739*1
LIN**IN*096901811*ZZ*43*UP*831664001122*****DG*6*VS*00000
ZA*QS***006*20080602
CTP**UCP*4.85
SDQ*EA*ZZ*9674*1
CTT*4
SE*27*0020
ST*852*0021
XQ*H*20080603
N9*AD*T00000040
LIN**IN*096907311*ZZ*43*UP*831664001146*****DG*1*VS*00000
ZA*QS***006*20080602
CTP**UCP*6
SDQ*EA*ZZ*4719*1*7607*2
CTT*1
SE*9*0021
ST*852*0022
XQ*H*20080603
N9*AD*T00000040
LIN**IN*097065711*ZZ*43*UP*831664000842*****DG*1*VS*00000
ZA*QS***006*20080601
CTP**UCP*4.95
SDQ*EA*ZZ*5014*4
ZA*QS***006*20080602
CTP**UCP*4.95
SDQ*EA*ZZ*3022*9*3063*2*3084*7*3143*3*3147*2*3348*1*3644*1*3646*12*3701*1*3703*17
SDQ*EA*ZZ*3713*4*3715*1*3773*2*3822*1*3941*3*3957*6*3994*1*4202*2*4244*11*4717*5
SDQ*EA*ZZ*4719*5*4769*1*4866*3*4970*1*7060*1*7076*5*7132*3*7208*1*7255*4*7353*6
SDQ*EA*ZZ*7354*1*7358*3*7388*2*7407*1*7460*2*7461*2*7558*1*7607*5*7626*8*9563*5
SDQ*EA*ZZ*9620*5*9621*2*9633*12*9648*2
LIN**IN*097065711*ZZ*43*UP*831664000842*****DG*8*VS*00000
ZA*QS***006*20080602
CTP**UCP*4.95
SDQ*EA*ZZ*7354*2
CTT*2
SE*20*0022
ST*852*0023
XQ*H*20080603
N9*AD*T00000040
LIN**IN*097095611*ZZ*43*UP*831664000019*****DG*1*VS*00000
ZA*QS***006*20080601
CTP**UCP*.9
SDQ*EA*ZZ*5014*22*5023*3
LIN**IN*097095611*ZZ*43*UP*831664000019*****DG*3*VS*00000
ZA*QS***006*20080601
CTP**UCP*.9
SDQ*EA*ZZ*5070*2*5077*4
LIN**IN*097095611*ZZ*43*UP*831664000019*****DG*1*VS*00000
ZA*QS***006*20080602
CTP**UCP*.9
SDQ*EA*ZZ*3022*50*3063*13*3083*49*3084*57*3143*4*3147*28*3194*6*3240*17*3253*4*3289*3
SDQ*EA*ZZ*3348*3*3355*7*3359*9*3408*11*3428*42*3602*1*3632*66*3644*58*3645*7*3646*41
SDQ*EA*ZZ*3661*20*3672*12*3675*3*3685*6*3701*2*3703*41*3713*10*3715*53*3773*20*3808*23
SDQ*EA*ZZ*3822*16*3836*16*3848*30*3852*19*3876*3*3886*5*3925*36*3931*1*3941*69*3957*8
SDQ*EA*ZZ*3966*3*3975*4*3978*17*3994*7*3996*1*4016*3*4033*5*4071*1*4093*98*4103*20
SDQ*EA*ZZ*4112*40*4122*4*4137*16*4189*21*4198*15*4202*3*4244*84*4308*18*4312*4*4475*6
SDQ*EA*ZZ*4717*32*4719*90*4723*8*4739*10*4757*33*4758*6*4760*22*4769*27*4777*10*4817*26
SDQ*EA*ZZ*4835*6*4866*27*4872*23*4898*28*4970*13*7043*3*7045*14*7059*9*7060*5*7063*12
SDQ*EA*ZZ*7064*11*7066*15*7069*19*7076*8*7132*26*7146*2*7154*15*7208*58*7255*42*7274*1
SDQ*EA*ZZ*7276*34*7278*25*7353*48*7354*7*7358*36*7362*8*7382*15*7388*15*7407*23*7460*25
SDQ*EA*ZZ*7461*13*7558*5*7607*15*7610*4*7622*9*7626*21*7629*8*7637*3*7718*40*7719*2
SDQ*EA*ZZ*7754*4*9129*10*9217*5*9513*11*9547*21*9549*8*9560*2*9563*9*9571*7*9620*13
SDQ*EA*ZZ*9621*52*9625*10*9629*25*9633*91*9639*39*9648*108*9657*18*9674*17*9714*4*9728*30
SDQ*EA*ZZ*9735*16*9758*22
LIN**IN*097095611*ZZ*43*UP*831664000019*****DG*5*VS*00000
ZA*QS***006*20080602
CTP**UCP*.9
SDQ*EA*ZZ*3822*1*4817*1*4898*1*7274*1*9625*3
LIN**IN*097095611*ZZ*43*UP*831664000019*****DG*8*VS*00000
ZA*QS***006*20080602
CTP**UCP*.9
SDQ*EA*ZZ*3022*1*3701*1*7354*3*9217*1*9549*3
CTT*5
SE*38*0023
ST*852*0024
XQ*H*20080603
N9*AD*T00000040
LIN**IN*097095711*ZZ*43*UP*831664000255*****DG*1*VS*00000
ZA*QS***006*20080601
CTP**UCP*.65
SDQ*EA*ZZ*5014*5
ZA*QS***006*20080602
CTP**UCP*.65
SDQ*EA*ZZ*3022*4*3083*3*3084*5*3143*3*3223*6*3632*2*3645*2*3646*4*3675*4*3848*6
SDQ*EA*ZZ*3852*3*3886*2*3941*7*3975*2*4071*6*4093*1*4244*4*4308*12*4717*2*4719*3
SDQ*EA*ZZ*4760*2*4866*2*4898*4*4970*1*7060*1*7063*2*7066*1*7146*1*7255*1*7276*1
SDQ*EA*ZZ*7354*5*7358*2*7460*1*7607*3*7610*1*7626*3*7718*3*9129*3*9620*1*9621*1
SDQ*EA*ZZ*9625*1*9633*2*9758*1
LIN**IN*097095711*ZZ*43*UP*831664000255*****DG*5*VS*00000
ZA*QS***006*20080602
CTP**UCP*.65
SDQ*EA*ZZ*9625*8
CTT*2
SE*20*0024
ST*852*0025
XQ*H*20080603
N9*AD*T00000040
LIN**IN*097095811*ZZ*43*UP*831664000699*****DG*1*VS*00000
ZA*QS***006*20080602
CTP**UCP*.65
SDQ*EA*ZZ*3143*3*3223*3*3632*7*3645*5*3661*2*3675*6*3685*1*3808*5*3852*6*4112*2
SDQ*EA*ZZ*4244*24*4719*7*4739*2*4835*2*4866*10*4970*1*7208*20*7255*3*7354*1*7358*2
SDQ*EA*ZZ*7607*2*7637*6*9547*15*9560*1*9563*2*9620*1*9648*1*9735*4
CTT*1
SE*11*0025
ST*852*0026
XQ*H*20080603
N9*AD*T00000040
LIN**IN*097095911*ZZ*43*UP*831664000675*****DG*1*VS*00000
ZA*QS***006*20080601
CTP**UCP*1.4
SDQ*EA*ZZ*5014*3
ZA*QS***006*20080602
CTP**UCP*1.4
SDQ*EA*ZZ*3022*7*3084*8*3143*3*3147*1*3223*1*3355*1*3359*1*3428*2*3602*1*3632*5
SDQ*EA*ZZ*3644*3*3645*3*3646*20*3661*1*3675*1*3685*4*3703*5*3713*5*3773*10*3822*7
SDQ*EA*ZZ*3836*2*3848*1*3852*3*3886*13*3941*11*3978*11*4093*6*4103*14*4112*3*4202*2
SDQ*EA*ZZ*4244*3*4308*1*4312*2*4475*5*4719*12*4757*4*4758*4*4769*2*4777*8*4817*3
SDQ*EA*ZZ*4866*3*4872*5*4970*2*7045*3*7059*2*7064*2*7076*2*7132*2*7208*1*7255*9
SDQ*EA*ZZ*7274*1*7278*1*7353*6*7354*2*7358*6*7362*2*7407*2*7460*13*7461*9*7607*9
SDQ*EA*ZZ*7622*1*7626*4*7629*3*7637*2*7719*1*9513*6*9547*1*9560*6*9563*1*9621*16
SDQ*EA*ZZ*9625*2*9629*4*9633*4*9648*9*9657*2*9674*2*9735*1
LIN**IN*097095911*ZZ*43*UP*831664000675*****DG*5*VS*00000
ZA*QS***006*20080602
CTP**UCP*1.4
SDQ*EA*ZZ*3661*8*9621*2
LIN**IN*097095911*ZZ*43*UP*831664000675*****DG*8*VS*00000
ZA*QS***006*20080602
CTP**UCP*1.4
SDQ*EA*ZZ*7354*1
CTT*3
SE*27*0026
ST*852*0027
XQ*H*20080603
N9*AD*T00000040
LIN**IN*097096011*ZZ*43*UP*831664000682*****DG*1*VS*00000
ZA*QS***006*20080602
CTP**UCP*1.4
SDQ*EA*ZZ*3022*3*3083*2*3084*6*3143*3*3147*1*3240*2*3253*2*3289*1*3348*2*3408*2
SDQ*EA*ZZ*3428*10*3632*4*3645*2*3646*22*3672*2*3675*2*3685*5*3703*6*3713*2*3715*2
SDQ*EA*ZZ*3773*2*3808*2*3822*4*3836*3*3848*2*3852*5*3925*9*3994*1*3996*8*4071*2
SDQ*EA*ZZ*4093*8*4103*2*4112*2*4137*10*4189*3*4198*1*4202*12*4244*2*4308*3*4312*3
SDQ*EA*ZZ*4475*1*4719*2*4757*2*4758*4*4769*3*4777*2*4872*5*4970*5*7043*1*7066*2
SDQ*EA*ZZ*7132*2*7146*3*7208*11*7255*3*7276*1*7278*8*7353*8*7358*14*7362*1*7382*1
SDQ*EA*ZZ*7388*3*7437*1*7460*1*7461*3*7607*6*7622*2*7626*5*7629*1*7718*7*7754*1
SDQ*EA*ZZ*9320*1*9513*9*9547*2*9560*6*9563*2*9571*8*9620*2*9621*3*9622*2*9633*2
SDQ*EA*ZZ*9639*7*9648*25*9674*2*9728*2*9758*1
CTT*1
SE*17*0027
ST*852*0028
XQ*H*20080603
N9*AD*T00000040
LIN**IN*097096111*ZZ*43*UP*831664000330*****DG*1*VS*00000
ZA*QS***006*20080601
CTP**UCP*1.4
SDQ*EA*ZZ*5014*13*5023*4
ZA*QS***006*20080602
CTP**UCP*1.4
SDQ*EA*ZZ*3022*14*3063*1*3083*3*3084*21*3143*8*3147*4*3194*1*3240*1*3253*5*3348*4
SDQ*EA*ZZ*3355*9*3359*5*3408*2*3428*6*3632*19*3644*25*3646*34*3672*2*3675*1*3685*7
SDQ*EA*ZZ*3703*24*3713*29*3715*13*3773*3*3808*2*3822*4*3836*4*3848*16*3852*3*3886*9
SDQ*EA*ZZ*3925*12*3941*9*3967*8*3994*2*3996*2*4016*6*4093*53*4103*7*4112*2*4137*2
SDQ*EA*ZZ*4198*3*4202*13*4244*33*4308*8*4312*2*4475*3*4717*5*4719*21*4723*1*4757*4
SDQ*EA*ZZ*4769*7*4777*2*4817*8*4835*2*4866*7*4872*3*4883*2*4898*3*4970*16*7043*5
SDQ*EA*ZZ*7059*2*7060*1*7064*8*7066*8*7069*1*7076*6*7132*19*7146*4*7154*1*7208*9
SDQ*EA*ZZ*7255*19*7274*5*7276*9*7278*7*7353*21*7354*2*7358*10*7382*10*7388*1*7460*11
SDQ*EA*ZZ*7461*6*7558*5*7607*4*7610*7*7626*5*7629*1*7718*7*7719*1*7754*5*9217*1
SDQ*EA*ZZ*9320*4*9513*12*9547*7*9549*2*9563*9*9571*2*9620*7*9621*26*9622*3*9625*2
SDQ*EA*ZZ*9629*2*9633*11*9639*8*9648*27*9657*2*9674*17*9728*1*9735*8*9758*8
LIN**IN*097096111*ZZ*43*UP*831664000330*****DG*5*VS*00000
ZA*QS***006*20080602
CTP**UCP*1.4
SDQ*EA*ZZ*3253*1*9549*3*9625*1
CTT*2
SE*26*0028
ST*852*0029
XQ*H*20080603
N9*AD*T00000040
LIN**IN*097096211*ZZ*43*UP*831664000941*****DG*1*VS*00000
ZA*QS***006*20080602
CTP**UCP*2
SDQ*EA*ZZ*3022*2*3063*2*3083*4*3084*6*3147*1*3644*1*3646*9*3703*8*3822*1*3836*1
SDQ*EA*ZZ*3848*1*3978*1*4016*5*4093*10*4103*4*4244*4*4308*3*4717*1*4719*2*4769*1
SDQ*EA*ZZ*4817*3*4866*2*4872*1*4883*1*4970*3*7060*1*7069*1*7255*2*7274*3*7353*2
SDQ*EA*ZZ*7388*2*7460*1*7610*2*7622*3*7629*1*9513*4*9621*1*9639*1*9648*5*9728*2
CTT*1
SE*12*0029
ST*852*0030
XQ*H*20080603
N9*AD*T00000040
LIN**IN*097096311*ZZ*43*UP*831664000743*****DG*1*VS*00000
ZA*QS***006*20080601
CTP**UCP*2
SDQ*EA*ZZ*5014*4
ZA*QS***006*20080602
CTP**UCP*2
SDQ*EA*ZZ*3083*1*3084*9*3103*1*3359*1*3632*13*3645*1*3646*28*3672*2*3675*2*3703*5
SDQ*EA*ZZ*3773*3*3808*2*3822*2*3848*2*3852*1*3876*2*3925*1*3941*8*3957*2*3978*1
SDQ*EA*ZZ*3996*1*4093*3*4103*10*4112*3*4202*2*4244*2*4308*2*4717*7*4719*9*4757*2
SDQ*EA*ZZ*4777*3*4866*1*4872*2*4970*2*7043*4*7045*2*7066*2*7069*1*7076*1*7208*11
SDQ*EA*ZZ*7255*11*7274*3*7276*2*7353*2*7358*3*7460*3*7607*3*7626*11*7629*1*7719*2
SDQ*EA*ZZ*9217*1*9513*4*9547*4*9560*1*9563*2*9620*4*9621*1*9625*1*9629*1*9639*1
SDQ*EA*ZZ*9648*6*9674*2*9758*7
CTT*1
SE*18*0030
ST*852*0031
XQ*H*20080603
N9*AD*T00000040
LIN**IN*097096411*ZZ*43*UP*831664000453*****DG*3*VS*00000
ZA*QS***006*20080601
CTP**UCP*4.25
SDQ*EA*ZZ*5070*2
LIN**IN*097096411*ZZ*43*UP*831664000453*****DG*1*VS*00000
ZA*QS***006*20080602
CTP**UCP*4.25
SDQ*EA*ZZ*9547*10
LIN**IN*097096411*ZZ*43*UP*831664000453*****DG*3*VS*00000
ZA*QS***006*20080602
CTP**UCP*4.25
SDQ*EA*ZZ*3022*17*3063*2*3083*3*3084*6*3143*5*3147*7*3194*1*3253*1*3289*2*3348*13
SDQ*EA*ZZ*3355*1*3359*5*3408*1*3632*16*3644*8*3646*11*3661*2*3685*2*3703*2*3715*1
SDQ*EA*ZZ*3773*6*3808*4*3822*1*3836*6*3848*6*3852*4*3886*3*3941*5*3975*2*3978*4
SDQ*EA*ZZ*3994*2*3996*3*4016*1*4033*4*4093*16*4103*2*4112*2*4202*6*4244*14*4308*1
SDQ*EA*ZZ*4717*8*4719*17*4723*1*4739*4*4757*3*4760*1*4769*6*4817*18*4866*2*4872*4
SDQ*EA*ZZ*4883*1*4898*3*4970*4*7045*2*7063*2*7064*1*7069*3*7076*7*7132*3*7154*2
SDQ*EA*ZZ*7208*4*7255*15*7276*2*7278*1*7353*17*7354*9*7358*12*7362*4*7382*4*7388*3
SDQ*EA*ZZ*7407*4*7461*5*7558*1*7607*6*7622*12*7626*10*7629*7*7718*6*7719*1*9129*3
SDQ*EA*ZZ*9217*1*9320*3*9513*3*9560*3*9563*2*9571*2*9625*5*9629*3*9633*6*9639*2
SDQ*EA*ZZ*9648*10*9674*2*9714*6*9735*1*9758*2
LIN**IN*097096411*ZZ*43*UP*831664000453*****DG*5*VS*00000
ZA*QS***006*20080602
CTP**UCP*4.25
SDQ*EA*ZZ*3996*-1
LIN**IN*097096411*ZZ*43*UP*831664000453*****DG*8*VS*00000
ZA*QS***006*20080602
CTP**UCP*4.25
SDQ*EA*ZZ*7407*4*9621*1
CTT*5
SE*34*0031
ST*852*0032
XQ*H*20080603
N9*AD*T00000040
LIN**IN*097096511*ZZ*43*UP*831664000460*****DG*1*VS*00000
ZA*QS***006*20080602
CTP**UCP*4.95
SDQ*EA*ZZ*3022*6*3063*2*3084*3*3143*2*3147*3*3223*1*3359*2*3602*1*3632*6*3644*3
SDQ*EA*ZZ*3646*20*3661*3*3685*2*3703*10*3713*2*3715*1*3773*6*3808*1*3822*1*3848*3
SDQ*EA*ZZ*3886*4*3941*3*3966*1*3975*10*3996*4*4016*1*4093*3*4103*2*4112*2*4122*1
SDQ*EA*ZZ*4198*2*4202*4*4244*2*4717*7*4719*8*4739*1*4757*1*4758*1*4760*1*4777*-1
SDQ*EA*ZZ*4835*2*4866*5*4872*2*4883*1*4970*1*7045*1*7060*2*7063*3*7064*2*7076*4
SDQ*EA*ZZ*7132*3*7208*6*7255*8*7276*2*7354*1*7358*1*7362*1*7382*2*7388*1*7460*3
SDQ*EA*ZZ*7461*1*7558*2*7607*1*7622*9*7626*2*7637*1*7718*1*7719*1*9320*2*9513*1
SDQ*EA*ZZ*9547*2*9563*4*9620*1*9621*5*9625*1*9629*4*9633*8*9639*3*9648*4*9657*4
SDQ*EA*ZZ*9674*6*9728*1
LIN**IN*097096511*ZZ*43*UP*831664000460*****DG*5*VS*00000
ZA*QS***006*20080602
CTP**UCP*4.95
SDQ*EA*ZZ*3646*2*9571*3
LIN**IN*097096511*ZZ*43*UP*831664000460*****DG*8*VS*00000
ZA*QS***006*20080602
CTP**UCP*4.95
SDQ*EA*ZZ*3646*2*3994*1
CTT*3
SE*25*0032
ST*852*0033
XQ*H*20080603
N9*AD*T00000040
LIN**IN*097096711*ZZ*43*UP*831664000484*****DG*1*VS*00000
ZA*QS***006*20080602
CTP**UCP*6.4
SDQ*EA*ZZ*3084*1*3143*1*3289*1*3632*10*3645*1*3646*11*3672*1*3703*5*3715*1*3773*1
SDQ*EA*ZZ*3836*2*3852*1*3939*1*3941*5*4071*2*4093*1*4112*1*4198*1*4202*4*4244*5
SDQ*EA*ZZ*4308*2*4717*1*4817*1*4872*3*7064*1*7076*2*7132*3*7208*3*7354*1*7358*2
SDQ*EA*ZZ*7607*4*7610*5*7718*1*9513*1*9563*1*9621*5*9629*1*9633*3*9674*3*9735*1
CTT*1
SE*12*0033
ST*852*0034
XQ*H*20080603
N9*AD*T00000040
LIN**IN*097096911*ZZ*43*UP*831664000491*****DG*1*VS*00000
ZA*QS***006*20080602
CTP**UCP*6.4
SDQ*EA*ZZ*3852*1
CTT*1
SE*9*0034
ST*852*0035
XQ*H*20080603
N9*AD*T00000040
LIN**IN*097097011*ZZ*43*UP*831664000859*****DG*1*VS*00000
ZA*QS***006*20080602
CTP**UCP*2.7
SDQ*EA*ZZ*3644*6*3822*3*3941*5*4093*3*4866*1*7358*1
CTT*1
SE*9*0035
ST*852*0036
XQ*H*20080603
N9*AD*T00000040
LIN**IN*097097111*ZZ*43*UP*831664000781*****DG*1*VS*00000
ZA*QS***006*20080602
CTP**UCP*2.1
SDQ*EA*ZZ*4244*1*7622*1
CTT*1
SE*9*0036
ST*852*0037
XQ*H*20080603
N9*AD*T00000040
LIN**IN*097097211*ZZ*43*UP*831664000651*****DG*1*VS*00000
ZA*QS***006*20080602
CTP**UCP*1.55
SDQ*EA*ZZ*3084*1*3359*1*3876*1*4093*4*4103*3*4244*4*4717*2*4719*2*4898*1*7063*2
SDQ*EA*ZZ*7076*2*7358*4*9633*11
CTT*1
SE*10*0037
ST*852*0038
XQ*H*20080603
N9*AD*T00000040
LIN**IN*097098111*ZZ*43*UP*831664000972*****DG*1*VS*00000
ZA*QS***006*20080602
CTP**UCP*.65
SDQ*EA*ZZ*7060*2
CTT*1
SE*9*0038
ST*852*0039
XQ*H*20080603
N9*AD*T00000040
LIN**IN*097098511*ZZ*43*UP*831664001016*****DG*1*VS*00000
ZA*QS***006*20080602
CTP**UCP*2
SDQ*EA*ZZ*9648*1
CTT*1
SE*9*0039
GE*39*363
IEA*1*000000363
*** SUPERTRACS READY FOR INPUT
