ISA*00*          *00*          *09*006985290EFT   *12*6154525825     *071005*2338*U*00400*001000089*0*P*>
GS*RA*006985290EFT*6154525825*20071005*2338*1000089*X*004010
ST*820*0001
BPR*I*17971.61*C*ACH*CCP*01*021000018*DA*0300955622*9008965873**01*064102601*DA*3000289*20071009*VEN
TRN*3*770244311*9008965873
DTM*097*20071005
N1*PR*KMART CORPORATION*1*008965873
N1*PE*YOUNGS FARMS*92*00069099588
N1*SE*YOUNGS FARMS*92*00069099588
ENT*1
RMR*IK*306320070907*PI*51.35*51.35*0
REF*PO*0020070908
REF*ST*03063
REF*DP*043
DTM*999*20070907
RMR*IK*306320070908*PI*45.95*45.95*0
REF*PO*0020070909
REF*ST*03063
REF*DP*043
DTM*999*20070908
RMR*IK*306320070910*PI*21.7*21.7*0
REF*PO*0020070911
REF*ST*03063
REF*DP*043
DTM*999*20070910
RMR*IK*306320070911*PI*23.7*23.7*0
REF*PO*0020070912
REF*ST*03063
REF*DP*043
DTM*999*20070911
RMR*IK*308320070906*PI*34.3*34.3*0
REF*PO*0020070907
REF*ST*03083
REF*DP*043
DTM*999*20070906
RMR*IK*308320070907*PI*18.8*18.8*0
REF*PO*0020070908
REF*ST*03083
REF*DP*043
DTM*999*20070907
RMR*IK*308320070908*PI*35.95*35.95*0
REF*PO*0020070909
REF*ST*03083
REF*DP*043
DTM*999*20070908
RMR*IK*308320070909*PI*69.25*69.25*0
REF*PO*0020070910
REF*ST*03083
REF*DP*043
DTM*999*20070909
RMR*IK*308320070910*PI*14.4*14.4*0
REF*PO*0020070911
REF*ST*03083
REF*DP*043
DTM*999*20070910
RMR*IK*308320070911*PI*38.15*38.15*0
REF*PO*0020070912
REF*ST*03083
REF*DP*043
DTM*999*20070911
RMR*IK*308320070912*PI*37.9*37.9*0
REF*PO*0020070913
REF*ST*03083
REF*DP*043
DTM*999*20070912
RMR*IK*308420070906*PI*57.75*57.75*0
REF*PO*0020070907
REF*ST*03084
REF*DP*043
DTM*999*20070906
RMR*IK*308420070907*PI*58.6*58.6*0
REF*PO*0020070908
REF*ST*03084
REF*DP*043
DTM*999*20070907
RMR*IK*308420070908*PI*102*102*0
REF*PO*0020070909
REF*ST*03084
REF*DP*043
DTM*999*20070908
RMR*IK*308420070909*PI*12.5*12.5*0
REF*PO*0020070910
REF*ST*03084
REF*DP*043
DTM*999*20070909
RMR*IK*308420070910*PI*15.85*15.85*0
REF*PO*0020070911
REF*ST*03084
REF*DP*043
DTM*999*20070910
RMR*IK*308420070911*PI*23.05*23.05*0
REF*PO*0020070912
REF*ST*03084
REF*DP*043
DTM*999*20070911
RMR*IK*308420070912*PI*27.9*27.9*0
REF*PO*0020070913
REF*ST*03084
REF*DP*043
DTM*999*20070912
RMR*IK*310320070906*PI*123.2*123.2*0
REF*PO*0020070907
REF*ST*03103
REF*DP*043
DTM*999*20070906
RMR*IK*310320070907*PI*45.45*45.45*0
REF*PO*0020070908
REF*ST*03103
REF*DP*043
DTM*999*20070907
RMR*IK*310320070908*PI*75.25*75.25*0
REF*PO*0020070909
REF*ST*03103
REF*DP*043
DTM*999*20070908
RMR*IK*310320070909*PI*25.25*25.25*0
REF*PO*0020070910
REF*ST*03103
REF*DP*043
DTM*999*20070909
RMR*IK*310320070910*PI*78.6*78.6*0
REF*PO*0020070911
REF*ST*03103
REF*DP*043
DTM*999*20070910
RMR*IK*310320070911*PI*58.8*58.8*0
REF*PO*0020070912
REF*ST*03103
REF*DP*043
DTM*999*20070911
RMR*IK*310320070912*PI*51.9*51.9*0
REF*PO*0020070913
REF*ST*03103
REF*DP*043
DTM*999*20070912
RMR*IK*314320070906*PI*7.9*7.9*0
REF*PO*0020070907
REF*ST*03143
REF*DP*043
DTM*999*20070906
RMR*IK*314320070907*PI*46.45*46.45*0
REF*PO*0020070908
REF*ST*03143
REF*DP*043
DTM*999*20070907
RMR*IK*314320070908*PI*16.7*16.7*0
REF*PO*0020070909
REF*ST*03143
REF*DP*043
DTM*999*20070908
RMR*IK*314320070909*PI*6.7*6.7*0
REF*PO*0020070910
REF*ST*03143
REF*DP*043
DTM*999*20070909
RMR*IK*314320070910*PI*34.8*34.8*0
REF*PO*0020070911
REF*ST*03143
REF*DP*043
DTM*999*20070910
RMR*IK*314320070911*PI*63.7*63.7*0
REF*PO*0020070912
REF*ST*03143
REF*DP*043
DTM*999*20070911
RMR*IK*314320070912*PI*51.15*51.15*0
REF*PO*0020070913
REF*ST*03143
REF*DP*043
DTM*999*20070912
RMR*IK*319420070906*PI*43.3*43.3*0
REF*PO*0020070907
REF*ST*03194
REF*DP*043
DTM*999*20070906
RMR*IK*319420070907*PI*46.75*46.75*0
REF*PO*0020070908
REF*ST*03194
REF*DP*043
DTM*999*20070907
RMR*IK*319420070908*PI*54.35*54.35*0
REF*PO*0020070909
REF*ST*03194
REF*DP*043
DTM*999*20070908
RMR*IK*319420070909*PI*35.55*35.55*0
REF*PO*0020070910
REF*ST*03194
REF*DP*043
DTM*999*20070909
RMR*IK*319420070910*PI*20.75*20.75*0
REF*PO*0020070911
REF*ST*03194
REF*DP*043
DTM*999*20070910
RMR*IK*319420070911*PI*24.5*24.5*0
REF*PO*0020070912
REF*ST*03194
REF*DP*043
DTM*999*20070911
RMR*IK*319420070912*PI*2.45*2.45*0
REF*PO*0020070913
REF*ST*03194
REF*DP*043
DTM*999*20070912
RMR*IK*322320070912*PI*2.45*2.45*0
REF*PO*0020070913
REF*ST*03223
REF*DP*043
DTM*999*20070912
RMR*IK*328920070911*PI*21.75*21.75*0
REF*PO*0020070912
REF*ST*03289
REF*DP*043
DTM*999*20070911
RMR*IK*328920070912*PI*53*53*0
REF*PO*0020070913
REF*ST*03289
REF*DP*043
DTM*999*20070912
RMR*IK*334820070906*PI*23.35*23.35*0
REF*PO*0020070907
REF*ST*03348
REF*DP*043
DTM*999*20070906
RMR*IK*334820070907*PI*10.7*10.7*0
REF*PO*0020070908
REF*ST*03348
REF*DP*043
DTM*999*20070907
RMR*IK*334820070908*PI*57.65*57.65*0
REF*PO*0020070909
REF*ST*03348
REF*DP*043
DTM*999*20070908
RMR*IK*334820070909*PI*71.3*71.3*0
REF*PO*0020070910
REF*ST*03348
REF*DP*043
DTM*999*20070909
RMR*IK*334820070910*PI*12.25*12.25*0
REF*PO*0020070911
REF*ST*03348
REF*DP*043
DTM*999*20070910
RMR*IK*334820070911*PI*30.1*30.1*0
REF*PO*0020070912
REF*ST*03348
REF*DP*043
DTM*999*20070911
RMR*IK*334820070912*PI*83.85*83.85*0
REF*PO*0020070913
REF*ST*03348
REF*DP*043
DTM*999*20070912
RMR*IK*335920070906*PI*20*20*0
REF*PO*0020070907
REF*ST*03359
REF*DP*043
DTM*999*20070906
RMR*IK*335920070907*PI*12.25*12.25*0
REF*PO*0020070908
REF*ST*03359
REF*DP*043
DTM*999*20070907
RMR*IK*335920070908*PI*11.7*11.7*0
REF*PO*0020070909
REF*ST*03359
REF*DP*043
DTM*999*20070908
RMR*IK*335920070909*PI*4.25*4.25*0
REF*PO*0020070910
REF*ST*03359
REF*DP*043
DTM*999*20070909
RMR*IK*335920070910*PI*13.35*13.35*0
REF*PO*0020070911
REF*ST*03359
REF*DP*043
DTM*999*20070910
RMR*IK*335920070911*PI*2*2*0
REF*PO*0020070912
REF*ST*03359
REF*DP*043
DTM*999*20070911
RMR*IK*335920070912*PI*18.4*18.4*0
REF*PO*0020070913
REF*ST*03359
REF*DP*043
DTM*999*20070912
RMR*IK*340820070906*PI*18*18*0
REF*PO*0020070907
REF*ST*03408
REF*DP*043
DTM*999*20070906
RMR*IK*340820070907*PI*4.2*4.2*0
REF*PO*0020070908
REF*ST*03408
REF*DP*043
DTM*999*20070907
RMR*IK*340820070908*PI*30.2*30.2*0
REF*PO*0020070909
REF*ST*03408
REF*DP*043
DTM*999*20070908
RMR*IK*340820070909*PI*16.9*16.9*0
REF*PO*0020070910
REF*ST*03408
REF*DP*043
DTM*999*20070909
RMR*IK*340820070910*PI*17.9*17.9*0
REF*PO*0020070911
REF*ST*03408
REF*DP*043
DTM*999*20070910
RMR*IK*340820070911*PI*5.5*5.5*0
REF*PO*0020070912
REF*ST*03408
REF*DP*043
DTM*999*20070911
RMR*IK*340820070912*PI*23.75*23.75*0
REF*PO*0020070913
REF*ST*03408
REF*DP*043
DTM*999*20070912
RMR*IK*360220070906*PI*45.85*45.85*0
REF*PO*0020070907
REF*ST*03602
REF*DP*043
DTM*999*20070906
RMR*IK*360220070907*PI*12.1*12.1*0
REF*PO*0020070908
REF*ST*03602
REF*DP*043
DTM*999*20070907
RMR*IK*360220070908*PI*45.65*45.65*0
REF*PO*0020070909
REF*ST*03602
REF*DP*043
DTM*999*20070908
RMR*IK*360220070909*PI*11.25*11.25*0
REF*PO*0020070910
REF*ST*03602
REF*DP*043
DTM*999*20070909
RMR*IK*360220070910*PI*4*4*0
REF*PO*0020070911
REF*ST*03602
REF*DP*043
DTM*999*20070910
RMR*IK*360220070911*PI*4.2*4.2*0
REF*PO*0020070912
REF*ST*03602
REF*DP*043
DTM*999*20070911
RMR*IK*360220070912*PI*25.3*25.3*0
REF*PO*0020070913
REF*ST*03602
REF*DP*043
DTM*999*20070912
RMR*IK*364420070906*PI*25.35*25.35*0
REF*PO*0020070907
REF*ST*03644
REF*DP*043
DTM*999*20070906
RMR*IK*364420070907*PI*2.45*2.45*0
REF*PO*0020070908
REF*ST*03644
REF*DP*043
DTM*999*20070907
RMR*IK*364420070908*PI*36*36*0
REF*PO*0020070909
REF*ST*03644
REF*DP*043
DTM*999*20070908
RMR*IK*364420070909*PI*4.25*4.25*0
REF*PO*0020070910
REF*ST*03644
REF*DP*043
DTM*999*20070909
RMR*IK*364420070910*PI*28.4*28.4*0
REF*PO*0020070911
REF*ST*03644
REF*DP*043
DTM*999*20070910
RMR*IK*364420070911*PI*21.95*21.95*0
REF*PO*0020070912
REF*ST*03644
REF*DP*043
DTM*999*20070911
RMR*IK*364420070912*PI*12.25*12.25*0
REF*PO*0020070913
REF*ST*03644
REF*DP*043
DTM*999*20070912
RMR*IK*364620070906*PI*45.4*45.4*0
REF*PO*0020070907
REF*ST*03646
REF*DP*043
DTM*999*20070906
RMR*IK*364620070907*PI*67.7*67.7*0
REF*PO*0020070908
REF*ST*03646
REF*DP*043
DTM*999*20070907
RMR*IK*364620070908*PI*117.75*117.75*0
REF*PO*0020070909
REF*ST*03646
REF*DP*043
DTM*999*20070908
RMR*IK*364620070909*PI*14.3*14.3*0
REF*PO*0020070910
REF*ST*03646
REF*DP*043
DTM*999*20070909
RMR*IK*364620070910*PI*20.75*20.75*0
REF*PO*0020070911
REF*ST*03646
REF*DP*043
DTM*999*20070910
RMR*IK*364620070911*PI*95.8*95.8*0
REF*PO*0020070912
REF*ST*03646
REF*DP*043
DTM*999*20070911
RMR*IK*364620070912*PI*255.9*255.9*0
REF*PO*0020070913
REF*ST*03646
REF*DP*043
DTM*999*20070912
RMR*IK*366020070906*PI*2*2*0
REF*PO*0020070907
REF*ST*03660
REF*DP*043
DTM*999*20070906
RMR*IK*366020070908*PI*4*4*0
REF*PO*0020070909
REF*ST*03660
REF*DP*043
DTM*999*20070908
RMR*IK*366020070909*PI*4*4*0
REF*PO*0020070910
REF*ST*03660
REF*DP*043
DTM*999*20070909
RMR*IK*366120070912*PI*6.9*6.9*0
REF*PO*0020070913
REF*ST*03661
REF*DP*043
DTM*999*20070912
RMR*IK*367220070906*PI*31*31*0
REF*PO*0020070907
REF*ST*03672
REF*DP*043
DTM*999*20070906
RMR*IK*367220070907*PI*17.9*17.9*0
REF*PO*0020070908
REF*ST*03672
REF*DP*043
DTM*999*20070907
RMR*IK*367220070908*PI*28.2*28.2*0
REF*PO*0020070909
REF*ST*03672
REF*DP*043
DTM*999*20070908
RMR*IK*367220070909*PI*11.45*11.45*0
REF*PO*0020070910
REF*ST*03672
REF*DP*043
DTM*999*20070909
RMR*IK*367220070910*PI*21.4*21.4*0
REF*PO*0020070911
REF*ST*03672
REF*DP*043
DTM*999*20070910
RMR*IK*367220070911*PI*34.7*34.7*0
REF*PO*0020070912
REF*ST*03672
REF*DP*043
DTM*999*20070911
RMR*IK*367220070912*PI*20.1*20.1*0
REF*PO*0020070913
REF*ST*03672
REF*DP*043
DTM*999*20070912
RMR*IK*367520070911*PI*13.5*13.5*0
REF*PO*0020070912
REF*ST*03675
REF*DP*043
DTM*999*20070911
RMR*IK*367520070912*PI*74.2*74.2*0
REF*PO*0020070913
REF*ST*03675
REF*DP*043
DTM*999*20070912
RMR*IK*368520070906*PI*55.15*55.15*0
REF*PO*0020070907
REF*ST*03685
REF*DP*043
DTM*999*20070906
RMR*IK*368520070907*PI*37.25*37.25*0
REF*PO*0020070908
REF*ST*03685
REF*DP*043
DTM*999*20070907
RMR*IK*368520070908*PI*71.75*71.75*0
REF*PO*0020070909
REF*ST*03685
REF*DP*043
DTM*999*20070908
RMR*IK*368520070909*PI*28.15*28.15*0
REF*PO*0020070910
REF*ST*03685
REF*DP*043
DTM*999*20070909
RMR*IK*368520070910*PI*54.05*54.05*0
REF*PO*0020070911
REF*ST*03685
REF*DP*043
DTM*999*20070910
RMR*IK*368520070911*PI*11.15*11.15*0
REF*PO*0020070912
REF*ST*03685
REF*DP*043
DTM*999*20070911
RMR*IK*368520070912*PI*44.9*44.9*0
REF*PO*0020070913
REF*ST*03685
REF*DP*043
DTM*999*20070912
RMR*IK*370120070912*PI*32.45*32.45*0
REF*PO*0020070913
REF*ST*03701
REF*DP*043
DTM*999*20070912
RMR*IK*370320070906*PI*69.5*69.5*0
REF*PO*0020070907
REF*ST*03703
REF*DP*043
DTM*999*20070906
RMR*IK*370320070907*PI*70.5*70.5*0
REF*PO*0020070908
REF*ST*03703
REF*DP*043
DTM*999*20070907
RMR*IK*370320070908*PI*74.5*74.5*0
REF*PO*0020070909
REF*ST*03703
REF*DP*043
DTM*999*20070908
RMR*IK*370320070909*PI*102.45*102.45*0
REF*PO*0020070910
REF*ST*03703
REF*DP*043
DTM*999*20070909
RMR*IK*370320070910*PI*54*54*0
REF*PO*0020070911
REF*ST*03703
REF*DP*043
DTM*999*20070910
RMR*IK*370320070911*PI*67.05*67.05*0
REF*PO*0020070912
REF*ST*03703
REF*DP*043
DTM*999*20070911
RMR*IK*370320070912*PI*204.55*204.55*0
REF*PO*0020070913
REF*ST*03703
REF*DP*043
DTM*999*20070912
RMR*IK*371320070906*PI*14.75*14.75*0
REF*PO*0020070907
REF*ST*03713
REF*DP*043
DTM*999*20070906
RMR*IK*371320070907*PI*24.05*24.05*0
REF*PO*0020070908
REF*ST*03713
REF*DP*043
DTM*999*20070907
RMR*IK*371320070908*PI*36.15*36.15*0
REF*PO*0020070909
REF*ST*03713
REF*DP*043
DTM*999*20070908
RMR*IK*371320070909*PI*16.7*16.7*0
REF*PO*0020070910
REF*ST*03713
REF*DP*043
DTM*999*20070909
RMR*IK*371320070910*PI*33*33*0
REF*PO*0020070911
REF*ST*03713
REF*DP*043
DTM*999*20070910
RMR*IK*371320070911*PI*7.35*7.35*0
REF*PO*0020070912
REF*ST*03713
REF*DP*043
DTM*999*20070911
RMR*IK*371320070912*PI*31.15*31.15*0
REF*PO*0020070913
REF*ST*03713
REF*DP*043
DTM*999*20070912
RMR*IK*371520070906*PI*18*18*0
REF*PO*0020070907
REF*ST*03715
REF*DP*043
DTM*999*20070906
RMR*IK*371520070907*PI*21.15*21.15*0
REF*PO*0020070908
REF*ST*03715
REF*DP*043
DTM*999*20070907
RMR*IK*371520070908*PI*18.95*18.95*0
REF*PO*0020070909
REF*ST*03715
REF*DP*043
DTM*999*20070908
RMR*IK*371520070909*PI*4.9*4.9*0
REF*PO*0020070910
REF*ST*03715
REF*DP*043
DTM*999*20070909
RMR*IK*371520070910*PI*4.9*4.9*0
REF*PO*0020070911
REF*ST*03715
REF*DP*043
DTM*999*20070910
RMR*IK*371520070912*PI*34.8*34.8*0
REF*PO*0020070913
REF*ST*03715
REF*DP*043
DTM*999*20070912
RMR*IK*382220070906*PI*4.9*4.9*0
REF*PO*0020070907
REF*ST*03822
REF*DP*043
DTM*999*20070906
RMR*IK*382220070907*PI*16.35*16.35*0
REF*PO*0020070908
REF*ST*03822
REF*DP*043
DTM*999*20070907
RMR*IK*382220070908*PI*45.9*45.9*0
REF*PO*0020070909
REF*ST*03822
REF*DP*043
DTM*999*20070908
RMR*IK*382220070909*PI*30.25*30.25*0
REF*PO*0020070910
REF*ST*03822
REF*DP*043
DTM*999*20070909
RMR*IK*382220070910*PI*22.55*22.55*0
REF*PO*0020070911
REF*ST*03822
REF*DP*043
DTM*999*20070910
RMR*IK*382220070911*PI*18.7*18.7*0
REF*PO*0020070912
REF*ST*03822
REF*DP*043
DTM*999*20070911
RMR*IK*382220070912*PI*26.95*26.95*0
REF*PO*0020070913
REF*ST*03822
REF*DP*043
DTM*999*20070912
RMR*IK*383620070906*PI*80.35*80.35*0
REF*PO*0020070907
REF*ST*03836
REF*DP*043
DTM*999*20070906
RMR*IK*383620070907*PI*40.85*40.85*0
REF*PO*0020070908
REF*ST*03836
REF*DP*043
DTM*999*20070907
RMR*IK*383620070908*PI*97.7*97.7*0
REF*PO*0020070909
REF*ST*03836
REF*DP*043
DTM*999*20070908
RMR*IK*383620070909*PI*46.5*46.5*0
REF*PO*0020070910
REF*ST*03836
REF*DP*043
DTM*999*20070909
RMR*IK*383620070910*PI*80.65*80.65*0
REF*PO*0020070911
REF*ST*03836
REF*DP*043
DTM*999*20070910
RMR*IK*383620070911*PI*29.95*29.95*0
REF*PO*0020070912
REF*ST*03836
REF*DP*043
DTM*999*20070911
RMR*IK*383620070912*PI*56.4*56.4*0
REF*PO*0020070913
REF*ST*03836
REF*DP*043
DTM*999*20070912
RMR*IK*384820070906*PI*6*6*0
REF*PO*0020070907
REF*ST*03848
REF*DP*043
DTM*999*20070906
RMR*IK*384820070907*PI*8.9*8.9*0
REF*PO*0020070908
REF*ST*03848
REF*DP*043
DTM*999*20070907
RMR*IK*384820070908*PI*14.25*14.25*0
REF*PO*0020070909
REF*ST*03848
REF*DP*043
DTM*999*20070908
RMR*IK*384820070909*PI*18*18*0
REF*PO*0020070910
REF*ST*03848
REF*DP*043
DTM*999*20070909
RMR*IK*384820070910*PI*38.85*38.85*0
REF*PO*0020070911
REF*ST*03848
REF*DP*043
DTM*999*20070910
RMR*IK*384820070911*PI*6.9*6.9*0
REF*PO*0020070912
REF*ST*03848
REF*DP*043
DTM*999*20070911
RMR*IK*384820070912*PI*67.15*67.15*0
REF*PO*0020070913
REF*ST*03848
REF*DP*043
DTM*999*20070912
RMR*IK*387620070906*PI*26.5*26.5*0
REF*PO*0020070907
REF*ST*03876
REF*DP*043
DTM*999*20070906
RMR*IK*387620070907*PI*25.15*25.15*0
REF*PO*0020070908
REF*ST*03876
REF*DP*043
DTM*999*20070907
RMR*IK*387620070908*PI*35.3*35.3*0
REF*PO*0020070909
REF*ST*03876
REF*DP*043
DTM*999*20070908
RMR*IK*387620070909*PI*16.25*16.25*0
REF*PO*0020070910
REF*ST*03876
REF*DP*043
DTM*999*20070909
RMR*IK*387620070910*PI*21.5*21.5*0
REF*PO*0020070911
REF*ST*03876
REF*DP*043
DTM*999*20070910
RMR*IK*387620070911*PI*28.15*28.15*0
REF*PO*0020070912
REF*ST*03876
REF*DP*043
DTM*999*20070911
RMR*IK*387620070912*PI*25.8*25.8*0
REF*PO*0020070913
REF*ST*03876
REF*DP*043
DTM*999*20070912
RMR*IK*392920070906*PI*25.2*25.2*0
REF*PO*0020070907
REF*ST*03929
REF*DP*043
DTM*999*20070906
RMR*IK*392920070907*PI*25.15*25.15*0
REF*PO*0020070908
REF*ST*03929
REF*DP*043
DTM*999*20070907
RMR*IK*392920070908*PI*14.5*14.5*0
REF*PO*0020070909
REF*ST*03929
REF*DP*043
DTM*999*20070908
RMR*IK*392920070909*PI*2*2*0
REF*PO*0020070910
REF*ST*03929
REF*DP*043
DTM*999*20070909
RMR*IK*393120070906*PI*8.9*8.9*0
REF*PO*0020070907
REF*ST*03931
REF*DP*043
DTM*999*20070906
RMR*IK*393120070907*PI*38.9*38.9*0
REF*PO*0020070908
REF*ST*03931
REF*DP*043
DTM*999*20070907
RMR*IK*393120070908*PI*101.8*101.8*0
REF*PO*0020070909
REF*ST*03931
REF*DP*043
DTM*999*20070908
RMR*IK*393120070909*PI*51.55*51.55*0
REF*PO*0020070910
REF*ST*03931
REF*DP*043
DTM*999*20070909
RMR*IK*393120070910*PI*12.6*12.6*0
REF*PO*0020070911
REF*ST*03931
REF*DP*043
DTM*999*20070910
RMR*IK*393120070911*PI*9.7*9.7*0
REF*PO*0020070912
REF*ST*03931
REF*DP*043
DTM*999*20070911
RMR*IK*393120070912*PI*35.85*35.85*0
REF*PO*0020070913
REF*ST*03931
REF*DP*043
DTM*999*20070912
RMR*IK*393920070906*PI*2.1*2.1*0
REF*PO*0020070907
REF*ST*03939
REF*DP*043
DTM*999*20070906
RMR*IK*393920070909*PI*2.24*2.24*0
REF*PO*0020070910
REF*ST*03939
REF*DP*043
DTM*999*20070909
RMR*IK*394120070906*PI*63.15*63.15*0
REF*PO*0020070907
REF*ST*03941
REF*DP*043
DTM*999*20070906
RMR*IK*394120070907*PI*67.7*67.7*0
REF*PO*0020070908
REF*ST*03941
REF*DP*043
DTM*999*20070907
RMR*IK*394120070908*PI*153.5*153.5*0
REF*PO*0020070909
REF*ST*03941
REF*DP*043
DTM*999*20070908
RMR*IK*394120070909*PI*70.05*70.05*0
REF*PO*0020070910
REF*ST*03941
REF*DP*043
DTM*999*20070909
RMR*IK*394120070910*PI*47.75*47.75*0
REF*PO*0020070911
REF*ST*03941
REF*DP*043
DTM*999*20070910
RMR*IK*394120070911*PI*73.85*73.85*0
REF*PO*0020070912
REF*ST*03941
REF*DP*043
DTM*999*20070911
RMR*IK*394120070912*PI*98.7*98.7*0
REF*PO*0020070913
REF*ST*03941
REF*DP*043
DTM*999*20070912
RMR*IK*394620070912*PI*4.9*4.9*0
REF*PO*0020070913
REF*ST*03946
REF*DP*043
DTM*999*20070912
RMR*IK*395720070912*PI*30.75*30.75*0
REF*PO*0020070913
REF*ST*03957
REF*DP*043
DTM*999*20070912
RMR*IK*396620070906*PI*8.5*8.5*0
REF*PO*0020070907
REF*ST*03966
REF*DP*043
DTM*999*20070906
RMR*IK*396620070907*PI*17.75*17.75*0
REF*PO*0020070908
REF*ST*03966
REF*DP*043
DTM*999*20070907
RMR*IK*396620070908*PI*2.8*2.8*0
REF*PO*0020070909
REF*ST*03966
REF*DP*043
DTM*999*20070908
RMR*IK*396620070909*PI*29.45*29.45*0
REF*PO*0020070910
REF*ST*03966
REF*DP*043
DTM*999*20070909
RMR*IK*396620070911*PI*16.7*16.7*0
REF*PO*0020070912
REF*ST*03966
REF*DP*043
DTM*999*20070911
RMR*IK*396620070912*PI*45.1*45.1*0
REF*PO*0020070913
REF*ST*03966
REF*DP*043
DTM*999*20070912
RMR*IK*397520070912*PI*26.75*26.75*0
REF*PO*0020070913
REF*ST*03975
REF*DP*043
DTM*999*20070912
RMR*IK*397820070906*PI*10.5*10.5*0
REF*PO*0020070907
REF*ST*03978
REF*DP*043
DTM*999*20070906
RMR*IK*397820070907*PI*25.2*25.2*0
REF*PO*0020070908
REF*ST*03978
REF*DP*043
DTM*999*20070907
RMR*IK*397820070908*PI*19.05*19.05*0
REF*PO*0020070909
REF*ST*03978
REF*DP*043
DTM*999*20070908
RMR*IK*397820070909*PI*8.45*8.45*0
REF*PO*0020070910
REF*ST*03978
REF*DP*043
DTM*999*20070909
RMR*IK*397820070911*PI*8.3*8.3*0
REF*PO*0020070912
REF*ST*03978
REF*DP*043
DTM*999*20070911
RMR*IK*399120070912*PI*4.9*4.9*0
REF*PO*0020070913
REF*ST*03991
REF*DP*043
DTM*999*20070912
RMR*IK*399420070911*PI*4.25*4.25*0
REF*PO*0020070912
REF*ST*03994
REF*DP*043
DTM*999*20070911
RMR*IK*399620070906*PI*6.45*6.45*0
REF*PO*0020070907
REF*ST*03996
REF*DP*043
DTM*999*20070906
RMR*IK*399620070907*PI*41.6*41.6*0
REF*PO*0020070908
REF*ST*03996
REF*DP*043
DTM*999*20070907
RMR*IK*399620070908*PI*63.45*63.45*0
REF*PO*0020070909
REF*ST*03996
REF*DP*043
DTM*999*20070908
RMR*IK*399620070909*PI*14.25*14.25*0
REF*PO*0020070910
REF*ST*03996
REF*DP*043
DTM*999*20070909
RMR*IK*399620070910*PI*12.9*12.9*0
REF*PO*0020070911
REF*ST*03996
REF*DP*043
DTM*999*20070910
RMR*IK*399620070911*PI*44.5*44.5*0
REF*PO*0020070912
REF*ST*03996
REF*DP*043
DTM*999*20070911
RMR*IK*399620070912*PI*4.5*4.5*0
REF*PO*0020070913
REF*ST*03996
REF*DP*043
DTM*999*20070912
RMR*IK*403320070906*PI*7.35*7.35*0
REF*PO*0020070907
REF*ST*04033
REF*DP*043
DTM*999*20070906
RMR*IK*403320070907*PI*15.45*15.45*0
REF*PO*0020070908
REF*ST*04033
REF*DP*043
DTM*999*20070907
RMR*IK*403320070908*PI*2.45*2.45*0
REF*PO*0020070909
REF*ST*04033
REF*DP*043
DTM*999*20070908
RMR*IK*403320070909*PI*7.35*7.35*0
REF*PO*0020070910
REF*ST*04033
REF*DP*043
DTM*999*20070909
RMR*IK*403320070910*PI*4.45*4.45*0
REF*PO*0020070911
REF*ST*04033
REF*DP*043
DTM*999*20070910
RMR*IK*403320070912*PI*19*19*0
REF*PO*0020070913
REF*ST*04033
REF*DP*043
DTM*999*20070912
RMR*IK*407120070906*PI*22.35*22.35*0
REF*PO*0020070907
REF*ST*04071
REF*DP*043
DTM*999*20070906
RMR*IK*407120070907*PI*48.35*48.35*0
REF*PO*0020070908
REF*ST*04071
REF*DP*043
DTM*999*20070907
RMR*IK*407120070908*PI*25.05*25.05*0
REF*PO*0020070909
REF*ST*04071
REF*DP*043
DTM*999*20070908
RMR*IK*407120070909*PI*66*66*0
REF*PO*0020070910
REF*ST*04071
REF*DP*043
DTM*999*20070909
RMR*IK*407120070910*PI*24.3*24.3*0
REF*PO*0020070911
REF*ST*04071
REF*DP*043
DTM*999*20070910
RMR*IK*407120070911*PI*49.7*49.7*0
REF*PO*0020070912
REF*ST*04071
REF*DP*043
DTM*999*20070911
RMR*IK*407120070912*PI*43.45*43.45*0
REF*PO*0020070913
REF*ST*04071
REF*DP*043
DTM*999*20070912
RMR*IK*409320070906*PI*69.35*69.35*0
REF*PO*0020070907
REF*ST*04093
REF*DP*043
DTM*999*20070906
RMR*IK*409320070907*PI*40.1*40.1*0
REF*PO*0020070908
REF*ST*04093
REF*DP*043
DTM*999*20070907
RMR*IK*409320070908*PI*68.2*68.2*0
REF*PO*0020070909
REF*ST*04093
REF*DP*043
DTM*999*20070908
RMR*IK*409320070909*PI*27.4*27.4*0
REF*PO*0020070910
REF*ST*04093
REF*DP*043
DTM*999*20070909
RMR*IK*409320070910*PI*32.75*32.75*0
REF*PO*0020070911
REF*ST*04093
REF*DP*043
DTM*999*20070910
RMR*IK*409320070911*PI*55.25*55.25*0
REF*PO*0020070912
REF*ST*04093
REF*DP*043
DTM*999*20070911
RMR*IK*409320070912*PI*113.8*113.8*0
REF*PO*0020070913
REF*ST*04093
REF*DP*043
DTM*999*20070912
RMR*IK*410320070906*PI*44.75*44.75*0
REF*PO*0020070907
REF*ST*04103
REF*DP*043
DTM*999*20070906
RMR*IK*410320070907*PI*28.35*28.35*0
REF*PO*0020070908
REF*ST*04103
REF*DP*043
DTM*999*20070907
RMR*IK*410320070908*PI*22.55*22.55*0
REF*PO*0020070909
REF*ST*04103
REF*DP*043
DTM*999*20070908
RMR*IK*410320070909*PI*4.5*4.5*0
REF*PO*0020070910
REF*ST*04103
REF*DP*043
DTM*999*20070909
RMR*IK*410320070910*PI*14.05*14.05*0
REF*PO*0020070911
REF*ST*04103
REF*DP*043
DTM*999*20070910
RMR*IK*410320070911*PI*18.3*18.3*0
REF*PO*0020070912
REF*ST*04103
REF*DP*043
DTM*999*20070911
RMR*IK*410320070912*PI*59.7*59.7*0
REF*PO*0020070913
REF*ST*04103
REF*DP*043
DTM*999*20070912
RMR*IK*412220070911*PI*1.05*1.05*0
REF*PO*0020070912
REF*ST*04122
REF*DP*043
DTM*999*20070911
RMR*IK*419820070911*PI*10.25*10.25*0
REF*PO*0020070912
REF*ST*04198
REF*DP*043
DTM*999*20070911
RMR*IK*419820070912*PI*63.45*63.45*0
REF*PO*0020070913
REF*ST*04198
REF*DP*043
DTM*999*20070912
RMR*IK*424420070906*PI*16.9*16.9*0
REF*PO*0020070907
REF*ST*04244
REF*DP*043
DTM*999*20070906
RMR*IK*424420070907*PI*118*118*0
REF*PO*0020070908
REF*ST*04244
REF*DP*043
DTM*999*20070907
RMR*IK*424420070908*PI*83.05*83.05*0
REF*PO*0020070909
REF*ST*04244
REF*DP*043
DTM*999*20070908
RMR*IK*424420070909*PI*70*70*0
REF*PO*0020070910
REF*ST*04244
REF*DP*043
DTM*999*20070909
RMR*IK*424420070910*PI*63.05*63.05*0
REF*PO*0020070911
REF*ST*04244
REF*DP*043
DTM*999*20070910
RMR*IK*424420070911*PI*112.55*112.55*0
REF*PO*0020070912
REF*ST*04244
REF*DP*043
DTM*999*20070911
RMR*IK*424420070912*PI*57.3*57.3*0
REF*PO*0020070913
REF*ST*04244
REF*DP*043
DTM*999*20070912
RMR*IK*430820070906*PI*10.7*10.7*0
REF*PO*0020070907
REF*ST*04308
REF*DP*043
DTM*999*20070906
RMR*IK*430820070907*PI*29.6*29.6*0
REF*PO*0020070908
REF*ST*04308
REF*DP*043
DTM*999*20070907
RMR*IK*430820070908*PI*37.2*37.2*0
REF*PO*0020070909
REF*ST*04308
REF*DP*043
DTM*999*20070908
RMR*IK*430820070909*PI*44.95*44.95*0
REF*PO*0020070910
REF*ST*04308
REF*DP*043
DTM*999*20070909
RMR*IK*430820070910*PI*20.95*20.95*0
REF*PO*0020070911
REF*ST*04308
REF*DP*043
DTM*999*20070910
RMR*IK*430820070911*PI*31.25*31.25*0
REF*PO*0020070912
REF*ST*04308
REF*DP*043
DTM*999*20070911
RMR*IK*430820070912*PI*17*17*0
REF*PO*0020070913
REF*ST*04308
REF*DP*043
DTM*999*20070912
RMR*IK*431220070906*PI*47*47*0
REF*PO*0020070907
REF*ST*04312
REF*DP*043
DTM*999*20070906
RMR*IK*431220070907*PI*37.65*37.65*0
REF*PO*0020070908
REF*ST*04312
REF*DP*043
DTM*999*20070907
RMR*IK*431220070908*PI*33.3*33.3*0
REF*PO*0020070909
REF*ST*04312
REF*DP*043
DTM*999*20070908
RMR*IK*431220070909*PI*4.9*4.9*0
REF*PO*0020070910
REF*ST*04312
REF*DP*043
DTM*999*20070909
RMR*IK*431220070910*PI*3*3*0
REF*PO*0020070911
REF*ST*04312
REF*DP*043
DTM*999*20070910
RMR*IK*447520070906*PI*52.6*52.6*0
REF*PO*0020070907
REF*ST*04475
REF*DP*043
DTM*999*20070906
RMR*IK*447520070907*PI*20.4*20.4*0
REF*PO*0020070908
REF*ST*04475
REF*DP*043
DTM*999*20070907
RMR*IK*447520070908*PI*17.5*17.5*0
REF*PO*0020070909
REF*ST*04475
REF*DP*043
DTM*999*20070908
RMR*IK*447520070909*PI*21.25*21.25*0
REF*PO*0020070910
REF*ST*04475
REF*DP*043
DTM*999*20070909
RMR*IK*447520070910*PI*18.05*18.05*0
REF*PO*0020070911
REF*ST*04475
REF*DP*043
DTM*999*20070910
RMR*IK*447520070911*PI*18.75*18.75*0
REF*PO*0020070912
REF*ST*04475
REF*DP*043
DTM*999*20070911
RMR*IK*447520070912*PI*68.55*68.55*0
REF*PO*0020070913
REF*ST*04475
REF*DP*043
DTM*999*20070912
RMR*IK*471720070906*PI*15.8*15.8*0
REF*PO*0020070907
REF*ST*04717
REF*DP*043
DTM*999*20070906
RMR*IK*471720070907*PI*2.45*2.45*0
REF*PO*0020070908
REF*ST*04717
REF*DP*043
DTM*999*20070907
RMR*IK*471720070908*PI*62.7*62.7*0
REF*PO*0020070909
REF*ST*04717
REF*DP*043
DTM*999*20070908
RMR*IK*471720070909*PI*12.25*12.25*0
REF*PO*0020070910
REF*ST*04717
REF*DP*043
DTM*999*20070909
RMR*IK*471720070910*PI*23.15*23.15*0
REF*PO*0020070911
REF*ST*04717
REF*DP*043
DTM*999*20070910
RMR*IK*471720070912*PI*32.7*32.7*0
REF*PO*0020070913
REF*ST*04717
REF*DP*043
DTM*999*20070912
RMR*IK*471920070906*PI*18.35*18.35*0
REF*PO*0020070907
REF*ST*04719
REF*DP*043
DTM*999*20070906
RMR*IK*471920070907*PI*25.25*25.25*0
REF*PO*0020070908
REF*ST*04719
REF*DP*043
DTM*999*20070907
RMR*IK*471920070908*PI*100.15*100.15*0
REF*PO*0020070909
REF*ST*04719
REF*DP*043
DTM*999*20070908
RMR*IK*471920070909*PI*79.2*79.2*0
REF*PO*0020070910
REF*ST*04719
REF*DP*043
DTM*999*20070909
RMR*IK*471920070910*PI*72.4*72.4*0
REF*PO*0020070911
REF*ST*04719
REF*DP*043
DTM*999*20070910
RMR*IK*471920070911*PI*19.6*19.6*0
REF*PO*0020070912
REF*ST*04719
REF*DP*043
DTM*999*20070911
RMR*IK*471920070912*PI*87.25*87.25*0
REF*PO*0020070913
REF*ST*04719
REF*DP*043
DTM*999*20070912
RMR*IK*473920070906*PI*4.5*4.5*0
REF*PO*0020070907
REF*ST*04739
REF*DP*043
DTM*999*20070906
RMR*IK*473920070907*PI*14.5*14.5*0
REF*PO*0020070908
REF*ST*04739
REF*DP*043
DTM*999*20070907
RMR*IK*473920070908*PI*9.8*9.8*0
REF*PO*0020070909
REF*ST*04739
REF*DP*043
DTM*999*20070908
RMR*IK*473920070909*PI*9*9*0
REF*PO*0020070910
REF*ST*04739
REF*DP*043
DTM*999*20070909
RMR*IK*473920070910*PI*7.35*7.35*0
REF*PO*0020070911
REF*ST*04739
REF*DP*043
DTM*999*20070910
RMR*IK*473920070911*PI*6.7*6.7*0
REF*PO*0020070912
REF*ST*04739
REF*DP*043
DTM*999*20070911
RMR*IK*475320070906*PI*7.9*7.9*0
REF*PO*0020070907
REF*ST*04753
REF*DP*043
DTM*999*20070906
RMR*IK*475320070908*PI*9*9*0
REF*PO*0020070909
REF*ST*04753
REF*DP*043
DTM*999*20070908
RMR*IK*475320070909*PI*8.5*8.5*0
REF*PO*0020070910
REF*ST*04753
REF*DP*043
DTM*999*20070909
RMR*IK*475320070912*PI*9*9*0
REF*PO*0020070913
REF*ST*04753
REF*DP*043
DTM*999*20070912
RMR*IK*476920070906*PI*16.7*16.7*0
REF*PO*0020070907
REF*ST*04769
REF*DP*043
DTM*999*20070906
RMR*IK*476920070907*PI*30.1*30.1*0
REF*PO*0020070908
REF*ST*04769
REF*DP*043
DTM*999*20070907
RMR*IK*476920070908*PI*22.95*22.95*0
REF*PO*0020070909
REF*ST*04769
REF*DP*043
DTM*999*20070908
RMR*IK*476920070909*PI*46.05*46.05*0
REF*PO*0020070910
REF*ST*04769
REF*DP*043
DTM*999*20070909
RMR*IK*476920070910*PI*13.4*13.4*0
REF*PO*0020070911
REF*ST*04769
REF*DP*043
DTM*999*20070910
RMR*IK*476920070911*PI*8.9*8.9*0
REF*PO*0020070912
REF*ST*04769
REF*DP*043
DTM*999*20070911
RMR*IK*476920070912*PI*35.65*35.65*0
REF*PO*0020070913
REF*ST*04769
REF*DP*043
DTM*999*20070912
RMR*IK*481720070906*PI*2.45*2.45*0
REF*PO*0020070907
REF*ST*04817
REF*DP*043
DTM*999*20070906
RMR*IK*481720070907*PI*34*34*0
REF*PO*0020070908
REF*ST*04817
REF*DP*043
DTM*999*20070907
RMR*IK*481720070910*PI*4.25*4.25*0
REF*PO*0020070911
REF*ST*04817
REF*DP*043
DTM*999*20070910
RMR*IK*481720070912*PI*22.55*22.55*0
REF*PO*0020070913
REF*ST*04817
REF*DP*043
DTM*999*20070912
RMR*IK*483520070906*PI*10.9*10.9*0
REF*PO*0020070907
REF*ST*04835
REF*DP*043
DTM*999*20070906
RMR*IK*483520070907*PI*2.45*2.45*0
REF*PO*0020070908
REF*ST*04835
REF*DP*043
DTM*999*20070907
RMR*IK*483520070909*PI*2*2*0
REF*PO*0020070910
REF*ST*04835
REF*DP*043
DTM*999*20070909
RMR*IK*488320070906*PI*18.9*18.9*0
REF*PO*0020070907
REF*ST*04883
REF*DP*043
DTM*999*20070906
RMR*IK*488320070908*PI*20.7*20.7*0
REF*PO*0020070909
REF*ST*04883
REF*DP*043
DTM*999*20070908
RMR*IK*488320070909*PI*15.4*15.4*0
REF*PO*0020070910
REF*ST*04883
REF*DP*043
DTM*999*20070909
RMR*IK*488320070910*PI*25.1*25.1*0
REF*PO*0020070911
REF*ST*04883
REF*DP*043
DTM*999*20070910
RMR*IK*488320070911*PI*4.25*4.25*0
REF*PO*0020070912
REF*ST*04883
REF*DP*043
DTM*999*20070911
RMR*IK*488320070912*PI*48.9*48.9*0
REF*PO*0020070913
REF*ST*04883
REF*DP*043
DTM*999*20070912
RMR*IK*489820070906*PI*49*49*0
REF*PO*0020070907
REF*ST*04898
REF*DP*043
DTM*999*20070906
RMR*IK*489820070907*PI*38.85*38.85*0
REF*PO*0020070908
REF*ST*04898
REF*DP*043
DTM*999*20070907
RMR*IK*489820070908*PI*33.25*33.25*0
REF*PO*0020070909
REF*ST*04898
REF*DP*043
DTM*999*20070908
RMR*IK*489820070909*PI*3.85*3.85*0
REF*PO*0020070910
REF*ST*04898
REF*DP*043
DTM*999*20070909
RMR*IK*489820070910*PI*10.8*10.8*0
REF*PO*0020070911
REF*ST*04898
REF*DP*043
DTM*999*20070910
RMR*IK*489820070911*PI*15.2*15.2*0
REF*PO*0020070912
REF*ST*04898
REF*DP*043
DTM*999*20070911
RMR*IK*489820070912*PI*4.9*4.9*0
REF*PO*0020070913
REF*ST*04898
REF*DP*043
DTM*999*20070912
RMR*IK*497020070906*PI*14.6*14.6*0
REF*PO*0020070907
REF*ST*04970
REF*DP*043
DTM*999*20070906
RMR*IK*497020070907*PI*24.95*24.95*0
REF*PO*0020070908
REF*ST*04970
REF*DP*043
DTM*999*20070907
RMR*IK*497020070909*PI*6.7*6.7*0
REF*PO*0020070910
REF*ST*04970
REF*DP*043
DTM*999*20070909
RMR*IK*497020070910*PI*13.4*13.4*0
REF*PO*0020070911
REF*ST*04970
REF*DP*043
DTM*999*20070910
RMR*IK*497020070911*PI*34.65*34.65*0
REF*PO*0020070912
REF*ST*04970
REF*DP*043
DTM*999*20070911
RMR*IK*497020070912*PI*15.2*15.2*0
REF*PO*0020070913
REF*ST*04970
REF*DP*043
DTM*999*20070912
RMR*IK*502320070906*PI*23.6*23.6*0
REF*PO*0020070908
REF*ST*05023
REF*DP*043
DTM*999*20070906
RMR*IK*502320070907*PI*36.3*36.3*0
REF*PO*0020070909
REF*ST*05023
REF*DP*043
DTM*999*20070907
RMR*IK*502320070908*PI*71.85*71.85*0
REF*PO*0020070910
REF*ST*05023
REF*DP*043
DTM*999*20070908
RMR*IK*502320070909*PI*24.15*24.15*0
REF*PO*0020070911
REF*ST*05023
REF*DP*043
DTM*999*20070909
RMR*IK*502320070910*PI*29.75*29.75*0
REF*PO*0020070912
REF*ST*05023
REF*DP*043
DTM*999*20070910
RMR*IK*502320070911*PI*12.25*12.25*0
REF*PO*0020070913
REF*ST*05023
REF*DP*043
DTM*999*20070911
RMR*IK*502320070912*PI*35.3*35.3*0
REF*PO*0020070914
REF*ST*05023
REF*DP*043
DTM*999*20070912
RMR*IK*507020070911*PI*7.02*7.02*0
REF*PO*0020070913
REF*ST*05070
REF*DP*043
DTM*999*20070911
RMR*IK*507020070912*PI*17*17*0
REF*PO*0020070914
REF*ST*05070
REF*DP*043
DTM*999*20070912
RMR*IK*704520070906*PI*40.8*40.8*0
REF*PO*0020070907
REF*ST*07045
REF*DP*043
DTM*999*20070906
RMR*IK*704520070907*PI*52.95*52.95*0
REF*PO*0020070908
REF*ST*07045
REF*DP*043
DTM*999*20070907
RMR*IK*704520070908*PI*43*43*0
REF*PO*0020070909
REF*ST*07045
REF*DP*043
DTM*999*20070908
RMR*IK*704520070909*PI*55.45*55.45*0
REF*PO*0020070910
REF*ST*07045
REF*DP*043
DTM*999*20070909
RMR*IK*704520070910*PI*22.4*22.4*0
REF*PO*0020070911
REF*ST*07045
REF*DP*043
DTM*999*20070910
RMR*IK*704520070911*PI*31.5*31.5*0
REF*PO*0020070912
REF*ST*07045
REF*DP*043
DTM*999*20070911
RMR*IK*704520070912*PI*43.25*43.25*0
REF*PO*0020070913
REF*ST*07045
REF*DP*043
DTM*999*20070912
RMR*IK*705920070911*PI*16.7*16.7*0
REF*PO*0020070912
REF*ST*07059
REF*DP*043
DTM*999*20070911
RMR*IK*706420070906*PI*59.45*59.45*0
REF*PO*0020070907
REF*ST*07064
REF*DP*043
DTM*999*20070906
RMR*IK*706420070907*PI*26.05*26.05*0
REF*PO*0020070908
REF*ST*07064
REF*DP*043
DTM*999*20070907
RMR*IK*706420070908*PI*55.75*55.75*0
REF*PO*0020070909
REF*ST*07064
REF*DP*043
DTM*999*20070908
RMR*IK*706420070909*PI*50.65*50.65*0
REF*PO*0020070910
REF*ST*07064
REF*DP*043
DTM*999*20070909
RMR*IK*706420070910*PI*24.05*24.05*0
REF*PO*0020070911
REF*ST*07064
REF*DP*043
DTM*999*20070910
RMR*IK*706420070912*PI*47.9*47.9*0
REF*PO*0020070913
REF*ST*07064
REF*DP*043
DTM*999*20070912
RMR*IK*706620070906*PI*71.75*71.75*0
REF*PO*0020070907
REF*ST*07066
REF*DP*043
DTM*999*20070906
RMR*IK*706620070907*PI*73.65*73.65*0
REF*PO*0020070908
REF*ST*07066
REF*DP*043
DTM*999*20070907
RMR*IK*706620070908*PI*53.6*53.6*0
REF*PO*0020070909
REF*ST*07066
REF*DP*043
DTM*999*20070908
RMR*IK*706620070909*PI*90.35*90.35*0
REF*PO*0020070910
REF*ST*07066
REF*DP*043
DTM*999*20070909
RMR*IK*706620070910*PI*36.65*36.65*0
REF*PO*0020070911
REF*ST*07066
REF*DP*043
DTM*999*20070910
RMR*IK*706620070911*PI*36.8*36.8*0
REF*PO*0020070912
REF*ST*07066
REF*DP*043
DTM*999*20070911
RMR*IK*706620070912*PI*43.35*43.35*0
REF*PO*0020070913
REF*ST*07066
REF*DP*043
DTM*999*20070912
RMR*IK*706920070907*PI*9.8*9.8*0
REF*PO*0020070908
REF*ST*07069
REF*DP*043
DTM*999*20070907
RMR*IK*706920070908*PI*13.9*13.9*0
REF*PO*0020070909
REF*ST*07069
REF*DP*043
DTM*999*20070908
RMR*IK*706920070909*PI*19.35*19.35*0
REF*PO*0020070910
REF*ST*07069
REF*DP*043
DTM*999*20070909
RMR*IK*706920070910*PI*115.75*115.75*0
REF*PO*0020070911
REF*ST*07069
REF*DP*043
DTM*999*20070910
RMR*IK*706920070912*PI*24.85*24.85*0
REF*PO*0020070913
REF*ST*07069
REF*DP*043
DTM*999*20070912
RMR*IK*707620070906*PI*48.6*48.6*0
REF*PO*0020070907
REF*ST*07076
REF*DP*043
DTM*999*20070906
RMR*IK*707620070907*PI*75.85*75.85*0
REF*PO*0020070908
REF*ST*07076
REF*DP*043
DTM*999*20070907
RMR*IK*707620070908*PI*29.2*29.2*0
REF*PO*0020070909
REF*ST*07076
REF*DP*043
DTM*999*20070908
RMR*IK*707620070909*PI*13.4*13.4*0
REF*PO*0020070910
REF*ST*07076
REF*DP*043
DTM*999*20070909
RMR*IK*707620070910*PI*7.35*7.35*0
REF*PO*0020070911
REF*ST*07076
REF*DP*043
DTM*999*20070910
RMR*IK*707620070911*PI*25.5*25.5*0
REF*PO*0020070912
REF*ST*07076
REF*DP*043
DTM*999*20070911
RMR*IK*707620070912*PI*34.1*34.1*0
REF*PO*0020070913
REF*ST*07076
REF*DP*043
DTM*999*20070912
RMR*IK*713220070906*PI*16.35*16.35*0
REF*PO*0020070907
REF*ST*07132
REF*DP*043
DTM*999*20070906
RMR*IK*713220070907*PI*40.15*40.15*0
REF*PO*0020070908
REF*ST*07132
REF*DP*043
DTM*999*20070907
RMR*IK*713220070908*PI*37.4*37.4*0
REF*PO*0020070909
REF*ST*07132
REF*DP*043
DTM*999*20070908
RMR*IK*713220070909*PI*33.05*33.05*0
REF*PO*0020070910
REF*ST*07132
REF*DP*043
DTM*999*20070909
RMR*IK*713220070910*PI*6.9*6.9*0
REF*PO*0020070911
REF*ST*07132
REF*DP*043
DTM*999*20070910
RMR*IK*713220070911*PI*25.5*25.5*0
REF*PO*0020070912
REF*ST*07132
REF*DP*043
DTM*999*20070911
RMR*IK*713220070912*PI*70.05*70.05*0
REF*PO*0020070913
REF*ST*07132
REF*DP*043
DTM*999*20070912
RMR*IK*714620070906*PI*6.45*6.45*0
REF*PO*0020070907
REF*ST*07146
REF*DP*043
DTM*999*20070906
RMR*IK*714620070907*PI*17.25*17.25*0
REF*PO*0020070908
REF*ST*07146
REF*DP*043
DTM*999*20070907
RMR*IK*714620070908*PI*14.5*14.5*0
REF*PO*0020070909
REF*ST*07146
REF*DP*043
DTM*999*20070908
RMR*IK*714620070909*PI*8.5*8.5*0
REF*PO*0020070910
REF*ST*07146
REF*DP*043
DTM*999*20070909
RMR*IK*714620070912*PI*4*4*0
REF*PO*0020070913
REF*ST*07146
REF*DP*043
DTM*999*20070912
RMR*IK*715420070906*PI*48.3*48.3*0
REF*PO*0020070907
REF*ST*07154
REF*DP*043
DTM*999*20070906
RMR*IK*715420070907*PI*52.6*52.6*0
REF*PO*0020070908
REF*ST*07154
REF*DP*043
DTM*999*20070907
RMR*IK*715420070908*PI*48.1*48.1*0
REF*PO*0020070909
REF*ST*07154
REF*DP*043
DTM*999*20070908
RMR*IK*715420070909*PI*1.4*1.4*0
REF*PO*0020070910
REF*ST*07154
REF*DP*043
DTM*999*20070909
RMR*IK*715420070910*PI*10.85*10.85*0
REF*PO*0020070911
REF*ST*07154
REF*DP*043
DTM*999*20070910
RMR*IK*715420070911*PI*70.05*70.05*0
REF*PO*0020070912
REF*ST*07154
REF*DP*043
DTM*999*20070911
RMR*IK*715420070912*PI*13.75*13.75*0
REF*PO*0020070913
REF*ST*07154
REF*DP*043
DTM*999*20070912
RMR*IK*725520070906*PI*64*64*0
REF*PO*0020070907
REF*ST*07255
REF*DP*043
DTM*999*20070906
RMR*IK*725520070907*PI*79.05*79.05*0
REF*PO*0020070908
REF*ST*07255
REF*DP*043
DTM*999*20070907
RMR*IK*725520070908*PI*150.05*150.05*0
REF*PO*0020070909
REF*ST*07255
REF*DP*043
DTM*999*20070908
RMR*IK*725520070909*PI*56.2*56.2*0
REF*PO*0020070910
REF*ST*07255
REF*DP*043
DTM*999*20070909
RMR*IK*725520070910*PI*48.85*48.85*0
REF*PO*0020070911
REF*ST*07255
REF*DP*043
DTM*999*20070910
RMR*IK*725520070911*PI*42*42*0
REF*PO*0020070912
REF*ST*07255
REF*DP*043
DTM*999*20070911
RMR*IK*725520070912*PI*127.55*127.55*0
REF*PO*0020070913
REF*ST*07255
REF*DP*043
DTM*999*20070912
RMR*IK*735420070906*PI*9.8*9.8*0
REF*PO*0020070907
REF*ST*07354
REF*DP*043
DTM*999*20070906
RMR*IK*735420070907*PI*102.85*102.85*0
REF*PO*0020070908
REF*ST*07354
REF*DP*043
DTM*999*20070907
RMR*IK*735420070908*PI*27.6*27.6*0
REF*PO*0020070909
REF*ST*07354
REF*DP*043
DTM*999*20070908
RMR*IK*735420070909*PI*20.7*20.7*0
REF*PO*0020070910
REF*ST*07354
REF*DP*043
DTM*999*20070909
RMR*IK*735420070910*PI*40.1*40.1*0
REF*PO*0020070911
REF*ST*07354
REF*DP*043
DTM*999*20070910
RMR*IK*735420070911*PI*33.1*33.1*0
REF*PO*0020070912
REF*ST*07354
REF*DP*043
DTM*999*20070911
RMR*IK*735420070912*PI*33.15*33.15*0
REF*PO*0020070913
REF*ST*07354
REF*DP*043
DTM*999*20070912
RMR*IK*735820070906*PI*93.55*93.55*0
REF*PO*0020070907
REF*ST*07358
REF*DP*043
DTM*999*20070906
RMR*IK*735820070907*PI*32.45*32.45*0
REF*PO*0020070908
REF*ST*07358
REF*DP*043
DTM*999*20070907
RMR*IK*735820070908*PI*6.9*6.9*0
REF*PO*0020070909
REF*ST*07358
REF*DP*043
DTM*999*20070908
RMR*IK*735820070909*PI*20.3*20.3*0
REF*PO*0020070910
REF*ST*07358
REF*DP*043
DTM*999*20070909
RMR*IK*735820070910*PI*28.6*28.6*0
REF*PO*0020070911
REF*ST*07358
REF*DP*043
DTM*999*20070910
RMR*IK*735820070911*PI*66.2*66.2*0
REF*PO*0020070912
REF*ST*07358
REF*DP*043
DTM*999*20070911
RMR*IK*735820070912*PI*68.7*68.7*0
REF*PO*0020070913
REF*ST*07358
REF*DP*043
DTM*999*20070912
RMR*IK*736220070906*PI*12.25*12.25*0
REF*PO*0020070907
REF*ST*07362
REF*DP*043
DTM*999*20070906
RMR*IK*736220070907*PI*18.7*18.7*0
REF*PO*0020070908
REF*ST*07362
REF*DP*043
DTM*999*20070907
RMR*IK*736220070908*PI*4.9*4.9*0
REF*PO*0020070909
REF*ST*07362
REF*DP*043
DTM*999*20070908
RMR*IK*736220070909*PI*4.2*4.2*0
REF*PO*0020070910
REF*ST*07362
REF*DP*043
DTM*999*20070909
RMR*IK*736220070910*PI*13.2*13.2*0
REF*PO*0020070911
REF*ST*07362
REF*DP*043
DTM*999*20070910
RMR*IK*736220070911*PI*27*27*0
REF*PO*0020070912
REF*ST*07362
REF*DP*043
DTM*999*20070911
RMR*IK*736220070912*PI*4*4*0
REF*PO*0020070913
REF*ST*07362
REF*DP*043
DTM*999*20070912
RMR*IK*738820070911*PI*1.15*1.15*0
REF*PO*0020070912
REF*ST*07388
REF*DP*043
DTM*999*20070911
RMR*IK*738820070912*PI*12.95*12.95*0
REF*PO*0020070913
REF*ST*07388
REF*DP*043
DTM*999*20070912
RMR*IK*743720070906*PI*19.4*19.4*0
REF*PO*0020070907
REF*ST*07437
REF*DP*043
DTM*999*20070906
RMR*IK*743720070907*PI*114*114*0
REF*PO*0020070908
REF*ST*07437
REF*DP*043
DTM*999*20070907
RMR*IK*743720070908*PI*23.25*23.25*0
REF*PO*0020070909
REF*ST*07437
REF*DP*043
DTM*999*20070908
RMR*IK*743720070909*PI*26.05*26.05*0
REF*PO*0020070910
REF*ST*07437
REF*DP*043
DTM*999*20070909
RMR*IK*743720070910*PI*6*6*0
REF*PO*0020070911
REF*ST*07437
REF*DP*043
DTM*999*20070910
RMR*IK*743720070911*PI*2.45*2.45*0
REF*PO*0020070912
REF*ST*07437
REF*DP*043
DTM*999*20070911
RMR*IK*746020070906*PI*7.35*7.35*0
REF*PO*0020070907
REF*ST*07460
REF*DP*043
DTM*999*20070906
RMR*IK*746020070907*PI*39.55*39.55*0
REF*PO*0020070908
REF*ST*07460
REF*DP*043
DTM*999*20070907
RMR*IK*746020070908*PI*28.05*28.05*0
REF*PO*0020070909
REF*ST*07460
REF*DP*043
DTM*999*20070908
RMR*IK*746020070909*PI*29*29*0
REF*PO*0020070910
REF*ST*07460
REF*DP*043
DTM*999*20070909
RMR*IK*746020070911*PI*2.45*2.45*0
REF*PO*0020070912
REF*ST*07460
REF*DP*043
DTM*999*20070911
RMR*IK*746020070912*PI*9.8*9.8*0
REF*PO*0020070913
REF*ST*07460
REF*DP*043
DTM*999*20070912
RMR*IK*746120070906*PI*2.45*2.45*0
REF*PO*0020070907
REF*ST*07461
REF*DP*043
DTM*999*20070906
RMR*IK*746120070907*PI*38.55*38.55*0
REF*PO*0020070908
REF*ST*07461
REF*DP*043
DTM*999*20070907
RMR*IK*746120070908*PI*2.45*2.45*0
REF*PO*0020070909
REF*ST*07461
REF*DP*043
DTM*999*20070908
RMR*IK*746120070910*PI*29.2*29.2*0
REF*PO*0020070911
REF*ST*07461
REF*DP*043
DTM*999*20070910
RMR*IK*746120070911*PI*9*9*0
REF*PO*0020070912
REF*ST*07461
REF*DP*043
DTM*999*20070911
RMR*IK*746120070912*PI*100.3*100.3*0
REF*PO*0020070913
REF*ST*07461
REF*DP*043
DTM*999*20070912
RMR*IK*755820070907*PI*3*3*0
REF*PO*0020070908
REF*ST*07558
REF*DP*043
DTM*999*20070907
RMR*IK*760720070906*PI*24.5*24.5*0
REF*PO*0020070907
REF*ST*07607
REF*DP*043
DTM*999*20070906
RMR*IK*760720070907*PI*73*73*0
REF*PO*0020070908
REF*ST*07607
REF*DP*043
DTM*999*20070907
RMR*IK*760720070908*PI*45.9*45.9*0
REF*PO*0020070909
REF*ST*07607
REF*DP*043
DTM*999*20070908
RMR*IK*760720070909*PI*84.75*84.75*0
REF*PO*0020070910
REF*ST*07607
REF*DP*043
DTM*999*20070909
RMR*IK*760720070910*PI*16.4*16.4*0
REF*PO*0020070911
REF*ST*07607
REF*DP*043
DTM*999*20070910
RMR*IK*760720070911*PI*33.4*33.4*0
REF*PO*0020070912
REF*ST*07607
REF*DP*043
DTM*999*20070911
RMR*IK*760720070912*PI*42.8*42.8*0
REF*PO*0020070913
REF*ST*07607
REF*DP*043
DTM*999*20070912
RMR*IK*761020070906*PI*63.65*63.65*0
REF*PO*0020070907
REF*ST*07610
REF*DP*043
DTM*999*20070906
RMR*IK*761020070907*PI*45.65*45.65*0
REF*PO*0020070908
REF*ST*07610
REF*DP*043
DTM*999*20070907
RMR*IK*761020070908*PI*156.85*156.85*0
REF*PO*0020070909
REF*ST*07610
REF*DP*043
DTM*999*20070908
RMR*IK*761020070909*PI*49.7*49.7*0
REF*PO*0020070910
REF*ST*07610
REF*DP*043
DTM*999*20070909
RMR*IK*761020070910*PI*23.75*23.75*0
REF*PO*0020070911
REF*ST*07610
REF*DP*043
DTM*999*20070910
RMR*IK*761020070911*PI*5.25*5.25*0
REF*PO*0020070912
REF*ST*07610
REF*DP*043
DTM*999*20070911
RMR*IK*761020070912*PI*60.35*60.35*0
REF*PO*0020070913
REF*ST*07610
REF*DP*043
DTM*999*20070912
RMR*IK*762920070906*PI*51.65*51.65*0
REF*PO*0020070907
REF*ST*07629
REF*DP*043
DTM*999*20070906
RMR*IK*762920070907*PI*43.4*43.4*0
REF*PO*0020070908
REF*ST*07629
REF*DP*043
DTM*999*20070907
RMR*IK*762920070908*PI*4.5*4.5*0
REF*PO*0020070909
REF*ST*07629
REF*DP*043
DTM*999*20070908
RMR*IK*762920070909*PI*28.2*28.2*0
REF*PO*0020070910
REF*ST*07629
REF*DP*043
DTM*999*20070909
RMR*IK*762920070911*PI*12.7*12.7*0
REF*PO*0020070912
REF*ST*07629
REF*DP*043
DTM*999*20070911
RMR*IK*762920070912*PI*4.25*4.25*0
REF*PO*0020070913
REF*ST*07629
REF*DP*043
DTM*999*20070912
RMR*IK*763720070906*PI*45.15*45.15*0
REF*PO*0020070907
REF*ST*07637
REF*DP*043
DTM*999*20070906
RMR*IK*763720070907*PI*27.25*27.25*0
REF*PO*0020070908
REF*ST*07637
REF*DP*043
DTM*999*20070907
RMR*IK*763720070908*PI*21.25*21.25*0
REF*PO*0020070909
REF*ST*07637
REF*DP*043
DTM*999*20070908
RMR*IK*763720070909*PI*8.65*8.65*0
REF*PO*0020070910
REF*ST*07637
REF*DP*043
DTM*999*20070909
RMR*IK*763720070910*PI*3.4*3.4*0
REF*PO*0020070911
REF*ST*07637
REF*DP*043
DTM*999*20070910
RMR*IK*763720070911*PI*17.75*17.75*0
REF*PO*0020070912
REF*ST*07637
REF*DP*043
DTM*999*20070911
RMR*IK*771820070906*PI*23.25*23.25*0
REF*PO*0020070907
REF*ST*07718
REF*DP*043
DTM*999*20070906
RMR*IK*771820070907*PI*56.95*56.95*0
REF*PO*0020070908
REF*ST*07718
REF*DP*043
DTM*999*20070907
RMR*IK*771820070908*PI*112.15*112.15*0
REF*PO*0020070909
REF*ST*07718
REF*DP*043
DTM*999*20070908
RMR*IK*771820070909*PI*58.8*58.8*0
REF*PO*0020070910
REF*ST*07718
REF*DP*043
DTM*999*20070909
RMR*IK*771820070910*PI*34.45*34.45*0
REF*PO*0020070911
REF*ST*07718
REF*DP*043
DTM*999*20070910
RMR*IK*771820070911*PI*14.15*14.15*0
REF*PO*0020070912
REF*ST*07718
REF*DP*043
DTM*999*20070911
RMR*IK*771820070912*PI*34*34*0
REF*PO*0020070913
REF*ST*07718
REF*DP*043
DTM*999*20070912
RMR*IK*771920070906*PI*8*8*0
REF*PO*0020070907
REF*ST*07719
REF*DP*043
DTM*999*20070906
RMR*IK*771920070907*PI*43.1*43.1*0
REF*PO*0020070908
REF*ST*07719
REF*DP*043
DTM*999*20070907
RMR*IK*771920070908*PI*12.8*12.8*0
REF*PO*0020070909
REF*ST*07719
REF*DP*043
DTM*999*20070908
RMR*IK*771920070909*PI*6.9*6.9*0
REF*PO*0020070910
REF*ST*07719
REF*DP*043
DTM*999*20070909
RMR*IK*771920070910*PI*2*2*0
REF*PO*0020070911
REF*ST*07719
REF*DP*043
DTM*999*20070910
RMR*IK*771920070912*PI*10*10*0
REF*PO*0020070913
REF*ST*07719
REF*DP*043
DTM*999*20070912
RMR*IK*951320070906*PI*22*22*0
REF*PO*0020070907
REF*ST*09513
REF*DP*043
DTM*999*20070906
RMR*IK*951320070907*PI*32.9*32.9*0
REF*PO*0020070908
REF*ST*09513
REF*DP*043
DTM*999*20070907
RMR*IK*951320070908*PI*22.65*22.65*0
REF*PO*0020070909
REF*ST*09513
REF*DP*043
DTM*999*20070908
RMR*IK*951320070909*PI*95.45*95.45*0
REF*PO*0020070910
REF*ST*09513
REF*DP*043
DTM*999*20070909
RMR*IK*951320070910*PI*19*19*0
REF*PO*0020070911
REF*ST*09513
REF*DP*043
DTM*999*20070910
RMR*IK*951320070911*PI*11.15*11.15*0
REF*PO*0020070912
REF*ST*09513
REF*DP*043
DTM*999*20070911
RMR*IK*951320070912*PI*17.15*17.15*0
REF*PO*0020070913
REF*ST*09513
REF*DP*043
DTM*999*20070912
RMR*IK*956020070906*PI*19.4*19.4*0
REF*PO*0020070907
REF*ST*09560
REF*DP*043
DTM*999*20070906
RMR*IK*956020070907*PI*14.5*14.5*0
REF*PO*0020070908
REF*ST*09560
REF*DP*043
DTM*999*20070907
RMR*IK*956020070909*PI*12.95*12.95*0
REF*PO*0020070910
REF*ST*09560
REF*DP*043
DTM*999*20070909
RMR*IK*956020070910*PI*4.9*4.9*0
REF*PO*0020070911
REF*ST*09560
REF*DP*043
DTM*999*20070910
RMR*IK*957120070906*PI*25*25*0
REF*PO*0020070907
REF*ST*09571
REF*DP*043
DTM*999*20070906
RMR*IK*957120070908*PI*35.2*35.2*0
REF*PO*0020070909
REF*ST*09571
REF*DP*043
DTM*999*20070908
RMR*IK*957120070910*PI*36.35*36.35*0
REF*PO*0020070911
REF*ST*09571
REF*DP*043
DTM*999*20070910
RMR*IK*957120070911*PI*2.45*2.45*0
REF*PO*0020070912
REF*ST*09571
REF*DP*043
DTM*999*20070911
RMR*IK*957120070912*PI*40.5*40.5*0
REF*PO*0020070913
REF*ST*09571
REF*DP*043
DTM*999*20070912
RMR*IK*962020070906*PI*10.8*10.8*0
REF*PO*0020070907
REF*ST*09620
REF*DP*043
DTM*999*20070906
RMR*IK*962020070907*PI*16.5*16.5*0
REF*PO*0020070908
REF*ST*09620
REF*DP*043
DTM*999*20070907
RMR*IK*962020070908*PI*37.2*37.2*0
REF*PO*0020070909
REF*ST*09620
REF*DP*043
DTM*999*20070908
RMR*IK*962020070909*PI*85.6*85.6*0
REF*PO*0020070910
REF*ST*09620
REF*DP*043
DTM*999*20070909
RMR*IK*962020070910*PI*52.05*52.05*0
REF*PO*0020070911
REF*ST*09620
REF*DP*043
DTM*999*20070910
RMR*IK*962020070911*PI*57.9*57.9*0
REF*PO*0020070912
REF*ST*09620
REF*DP*043
DTM*999*20070911
RMR*IK*962020070912*PI*33*33*0
REF*PO*0020070913
REF*ST*09620
REF*DP*043
DTM*999*20070912
RMR*IK*962220070906*PI*12.9*12.9*0
REF*PO*0020070907
REF*ST*09622
REF*DP*043
DTM*999*20070906
RMR*IK*962220070907*PI*15*15*0
REF*PO*0020070908
REF*ST*09622
REF*DP*043
DTM*999*20070907
RMR*IK*962220070908*PI*14*14*0
REF*PO*0020070909
REF*ST*09622
REF*DP*043
DTM*999*20070908
RMR*IK*962520070906*PI*57.5*57.5*0
REF*PO*0020070907
REF*ST*09625
REF*DP*043
DTM*999*20070906
RMR*IK*962520070907*PI*31.15*31.15*0
REF*PO*0020070908
REF*ST*09625
REF*DP*043
DTM*999*20070907
RMR*IK*962520070908*PI*59.45*59.45*0
REF*PO*0020070909
REF*ST*09625
REF*DP*043
DTM*999*20070908
RMR*IK*962520070909*PI*39.05*39.05*0
REF*PO*0020070910
REF*ST*09625
REF*DP*043
DTM*999*20070909
RMR*IK*962520070910*PI*28.1*28.1*0
REF*PO*0020070911
REF*ST*09625
REF*DP*043
DTM*999*20070910
RMR*IK*962520070911*PI*10.45*10.45*0
REF*PO*0020070912
REF*ST*09625
REF*DP*043
DTM*999*20070911
RMR*IK*962520070912*PI*6*6*0
REF*PO*0020070913
REF*ST*09625
REF*DP*043
DTM*999*20070912
RMR*IK*962920070906*PI*59.4*59.4*0
REF*PO*0020070907
REF*ST*09629
REF*DP*043
DTM*999*20070906
RMR*IK*962920070907*PI*8.5*8.5*0
REF*PO*0020070908
REF*ST*09629
REF*DP*043
DTM*999*20070907
RMR*IK*962920070908*PI*30.65*30.65*0
REF*PO*0020070909
REF*ST*09629
REF*DP*043
DTM*999*20070908
RMR*IK*962920070909*PI*39.4*39.4*0
REF*PO*0020070910
REF*ST*09629
REF*DP*043
DTM*999*20070909
RMR*IK*962920070910*PI*40.25*40.25*0
REF*PO*0020070911
REF*ST*09629
REF*DP*043
DTM*999*20070910
RMR*IK*962920070911*PI*19.2*19.2*0
REF*PO*0020070912
REF*ST*09629
REF*DP*043
DTM*999*20070911
RMR*IK*962920070912*PI*89.9*89.9*0
REF*PO*0020070913
REF*ST*09629
REF*DP*043
DTM*999*20070912
RMR*IK*963320070906*PI*41*41*0
REF*PO*0020070907
REF*ST*09633
REF*DP*043
DTM*999*20070906
RMR*IK*963320070907*PI*17.7*17.7*0
REF*PO*0020070908
REF*ST*09633
REF*DP*043
DTM*999*20070907
RMR*IK*963320070908*PI*28.75*28.75*0
REF*PO*0020070909
REF*ST*09633
REF*DP*043
DTM*999*20070908
RMR*IK*963320070909*PI*35.95*35.95*0
REF*PO*0020070910
REF*ST*09633
REF*DP*043
DTM*999*20070909
RMR*IK*963320070910*PI*20.35*20.35*0
REF*PO*0020070911
REF*ST*09633
REF*DP*043
DTM*999*20070910
RMR*IK*963320070911*PI*18.75*18.75*0
REF*PO*0020070912
REF*ST*09633
REF*DP*043
DTM*999*20070911
RMR*IK*963320070912*PI*53.4*53.4*0
REF*PO*0020070913
REF*ST*09633
REF*DP*043
DTM*999*20070912
RMR*IK*963920070906*PI*35.5*35.5*0
REF*PO*0020070907
REF*ST*09639
REF*DP*043
DTM*999*20070906
RMR*IK*963920070907*PI*48.15*48.15*0
REF*PO*0020070908
REF*ST*09639
REF*DP*043
DTM*999*20070907
RMR*IK*963920070908*PI*12.8*12.8*0
REF*PO*0020070909
REF*ST*09639
REF*DP*043
DTM*999*20070908
RMR*IK*963920070909*PI*8.5*8.5*0
REF*PO*0020070910
REF*ST*09639
REF*DP*043
DTM*999*20070909
RMR*IK*963920070912*PI*10*10*0
REF*PO*0020070913
REF*ST*09639
REF*DP*043
DTM*999*20070912
RMR*IK*964820070906*PI*17.4*17.4*0
REF*PO*0020070907
REF*ST*09648
REF*DP*043
DTM*999*20070906
RMR*IK*964820070907*PI*36.95*36.95*0
REF*PO*0020070908
REF*ST*09648
REF*DP*043
DTM*999*20070907
RMR*IK*964820070908*PI*24.25*24.25*0
REF*PO*0020070909
REF*ST*09648
REF*DP*043
DTM*999*20070908
RMR*IK*964820070909*PI*8.9*8.9*0
REF*PO*0020070910
REF*ST*09648
REF*DP*043
DTM*999*20070909
RMR*IK*964820070910*PI*48.8*48.8*0
REF*PO*0020070911
REF*ST*09648
REF*DP*043
DTM*999*20070910
RMR*IK*964820070911*PI*4*4*0
REF*PO*0020070912
REF*ST*09648
REF*DP*043
DTM*999*20070911
RMR*IK*964820070912*PI*69.2*69.2*0
REF*PO*0020070913
REF*ST*09648
REF*DP*043
DTM*999*20070912
RMR*IK*967420070906*PI*74.65*74.65*0
REF*PO*0020070907
REF*ST*09674
REF*DP*043
DTM*999*20070906
RMR*IK*967420070907*PI*101.2*101.2*0
REF*PO*0020070908
REF*ST*09674
REF*DP*043
DTM*999*20070907
RMR*IK*967420070908*PI*24.5*24.5*0
REF*PO*0020070909
REF*ST*09674
REF*DP*043
DTM*999*20070908
RMR*IK*967420070910*PI*4.9*4.9*0
REF*PO*0020070911
REF*ST*09674
REF*DP*043
DTM*999*20070910
RMR*IK*967420070911*PI*13.9*13.9*0
REF*PO*0020070912
REF*ST*09674
REF*DP*043
DTM*999*20070911
RMR*IK*967420070912*PI*7.35*7.35*0
REF*PO*0020070913
REF*ST*09674
REF*DP*043
DTM*999*20070912
RMR*IK*972820070906*PI*9.8*9.8*0
REF*PO*0020070907
REF*ST*09728
REF*DP*043
DTM*999*20070906
RMR*IK*972820070907*PI*20.75*20.75*0
REF*PO*0020070908
REF*ST*09728
REF*DP*043
DTM*999*20070907
RMR*IK*972820070908*PI*59.85*59.85*0
REF*PO*0020070909
REF*ST*09728
REF*DP*043
DTM*999*20070908
RMR*IK*972820070909*PI*13.4*13.4*0
REF*PO*0020070910
REF*ST*09728
REF*DP*043
DTM*999*20070909
RMR*IK*972820070910*PI*17*17*0
REF*PO*0020070911
REF*ST*09728
REF*DP*043
DTM*999*20070910
RMR*IK*972820070911*PI*35.8*35.8*0
REF*PO*0020070912
REF*ST*09728
REF*DP*043
DTM*999*20070911
RMR*IK*973520070907*PI*2.45*2.45*0
REF*PO*0020070908
REF*ST*09735
REF*DP*043
DTM*999*20070907
RMR*IK*973520070910*PI*30.9*30.9*0
REF*PO*0020070911
REF*ST*09735
REF*DP*043
DTM*999*20070910
RMR*IK*973520070911*PI*7.35*7.35*0
REF*PO*0020070912
REF*ST*09735
REF*DP*043
DTM*999*20070911
RMR*IK*973520070912*PI*12*12*0
REF*PO*0020070913
REF*ST*09735
REF*DP*043
DTM*999*20070912
RMR*IK*975820070906*PI*25.15*25.15*0
REF*PO*0020070907
REF*ST*09758
REF*DP*043
DTM*999*20070906
RMR*IK*975820070907*PI*24.5*24.5*0
REF*PO*0020070908
REF*ST*09758
REF*DP*043
DTM*999*20070907
RMR*IK*975820070908*PI*21.6*21.6*0
REF*PO*0020070909
REF*ST*09758
REF*DP*043
DTM*999*20070908
RMR*IK*975820070909*PI*38.55*38.55*0
REF*PO*0020070910
REF*ST*09758
REF*DP*043
DTM*999*20070909
RMR*IK*975820070910*PI*30.55*30.55*0
REF*PO*0020070911
REF*ST*09758
REF*DP*043
DTM*999*20070910
RMR*IK*975820070911*PI*9.8*9.8*0
REF*PO*0020070912
REF*ST*09758
REF*DP*043
DTM*999*20070911
RMR*IK*975820070912*PI*28.3*28.3*0
REF*PO*0020070913
REF*ST*09758
REF*DP*043
DTM*999*20070912
SE*2704*0001
GE*1*1000089
IEA*1*001000089
ISA*00*          *00*          *08*9254291001     *12*6154525825     *071009*0421*U*00400*000000164*0*P*>
GS*PD*9254291001*6154525825*20071009*0421*164*X*004010
ST*852*0001
XQ*H*20071009
N9*AD*T00000040
LIN**IN*002904411*ZZ*43*UP*831664001160*****DG*1*VS*00000
ZA*QS***006*20071007
CTP**UCP*1.15
SDQ*EA*ZZ*5023*6
ZA*QS***006*20071008
CTP**UCP*1.15
SDQ*EA*ZZ*3082*2*3083*2*3084*4*3103*4*3143*2*3348*13*3408*2*3644*19*3646*37*3661*3
SDQ*EA*ZZ*3672*9*3675*3*3703*15*3715*22*3822*11*3876*3*3941*21*3946*1*3966*3*3994*20
SDQ*EA*ZZ*4093*11*4198*2*4244*12*4308*11*4475*10*4719*12*4723*9*4769*1*4883*8*4898*12
SDQ*EA*ZZ*7045*9*7076*7*7132*14*7255*7*7358*19*7362*5*7388*8*7460*4*7461*8*7607*7
SDQ*EA*ZZ*7610*2*7718*1*9571*6*9620*1*9621*13*9629*11*9648*12*9674*12
LIN**IN*002904411*ZZ*43*UP*831664001160*****DG*4*VS*00000
ZA*QS***006*20071008
CTP**UCP*1.15
SDQ*EA*ZZ*4769*1
CTT*2
SE*20*0001
ST*852*0002
XQ*H*20071009
N9*AD*T00000040
LIN**IN*016303311*ZZ*43*UP*831664001283*****DG*1*VS*00000
ZA*QS***006*20071008
CTP**UCP*9
SDQ*EA*ZZ*9648*1
CTT*1
SE*9*0002
ST*852*0003
XQ*H*20071009
N9*AD*T00000040
LIN**IN*078857311*ZZ*43*UP*831664001337*****DG*1*VS*00000
ZA*QS***006*20071007
CTP**UCP*1.4
SDQ*EA*ZZ*5023*2
ZA*QS***006*20071008
CTP**UCP*1.4
SDQ*EA*ZZ*3063*2*3084*1*3219*-2*3646*3*3672*3*3703*6*3715*1*3836*12*3876*7*3931*2
SDQ*EA*ZZ*3941*10*3946*9*4103*3*4198*2*4244*13*4475*16*4717*2*4719*1*4769*1*7154*1
SDQ*EA*ZZ*7255*4*7354*4*7362*4*7607*1*7610*3*7718*2*9217*7*9571*2*9620*3*9621*2
SDQ*EA*ZZ*9633*4*9758*2
CTT*1
SE*15*0003
ST*852*0004
XQ*H*20071009
N9*AD*T00000040
LIN**IN*078857911*ZZ*43*UP*831664001344*****DG*1*VS*00000
ZA*QS***006*20071008
CTP**UCP*3.25
SDQ*EA*ZZ*3063*1*3348*1*3408*2*3646*2*3822*2*3836*1*4475*1*7610*1*7718*1*9571*1
SDQ*EA*ZZ*9629*1*9714*10
CTT*1
SE*10*0004
ST*852*0005
XQ*H*20071009
N9*AD*T00000040
LIN**IN*079180612*ZZ*43*UP*831664001368*****DG*1*VS*00000
ZA*QS***006*20071008
CTP**UCP*4.25
SDQ*EA*ZZ*3082*3*3701*2*3957*4*4103*2*4122*1*4189*2*4244*3*4719*2*4970*2*7028*1
SDQ*EA*ZZ*7045*4*7160*3*7610*1*9217*1
LIN**IN*079180612*ZZ*43*UP*831664001368*****DG*4*VS*00000
ZA*QS***006*20071008
CTP**UCP*4.25
SDQ*EA*ZZ*7239*2
LIN**IN*079180612*ZZ*43*UP*831664001368*****DG*8*VS*00000
ZA*QS***006*20071008
CTP**UCP*4.25
SDQ*EA*ZZ*9571*1
CTT*3
SE*18*0005
ST*852*0006
XQ*H*20071009
N9*AD*T00000040
LIN**IN*096698911*ZZ*43*UP*831664001115*****DG*1*VS*00000
ZA*QS***006*20071008
CTP**UCP*8.75
SDQ*EA*ZZ*3703*10*4719*1*7358*3*9648*1
CTT*1
SE*9*0006
ST*852*0007
XQ*H*20071009
N9*AD*T00000040
LIN**IN*097095611*ZZ*43*UP*831664000019*****DG*1*VS*00000
ZA*QS***006*20071008
CTP**UCP*1.12
SDQ*EA*ZZ*3080*8*3082*2*3701*7*3946*24*4489*1*9714*1
CTT*1
SE*9*0007
ST*852*0008
XQ*H*20071009
N9*AD*T00000040
LIN**IN*097096111*ZZ*43*UP*831664000330*****DG*1*VS*00000
ZA*QS***006*20071008
CTP**UCP*1.95
SDQ*EA*ZZ*3103*4*3646*1*4103*1*7358*2*7362*1*9648*7
CTT*1
SE*9*0008
ST*852*0009
XQ*H*20071009
N9*AD*T00000040
LIN**IN*097096711*ZZ*43*UP*831664000484*****DG*1*VS*00000
ZA*QS***006*20071008
CTP**UCP*7.9
SDQ*EA*ZZ*7354*1
CTT*1
SE*9*0009
ST*852*0010
XQ*H*20071009
N9*AD*T00000040
LIN**IN*097097511*ZZ*43*UP*831664000910*****DG*1*VS*00000
ZA*QS***006*20071008
CTP**UCP*6.9
SDQ*EA*ZZ*9674*1
CTT*1
SE*9*0010
ST*852*0011
XQ*H*20071009
N9*AD*T00000040
LIN**IN*097097611*ZZ*43*UP*831664000514*****DG*1*VS*00000
ZA*QS***006*20071007
CTP**UCP*1
SDQ*EA*ZZ*5023*1
ZA*QS***006*20071008
CTP**UCP*1
SDQ*EA*ZZ*3083*1*3084*1*3103*2*3408*2*3646*3*3675*2*3713*2*3822*8*3836*3*3876*1
SDQ*EA*ZZ*3994*3*4071*1*4308*10*4475*1*4719*3*4898*4*7066*1*7132*1*7154*1*7362*1
SDQ*EA*ZZ*7460*3*7558*3*7610*8*7718*12*9633*3*9714*5
CTT*1
SE*14*0011
ST*852*0012
XQ*H*20071009
N9*AD*T00000040
LIN**IN*097097711*ZZ*43*UP*831664000521*****DG*1*VS*00000
ZA*QS***006*20071007
CTP**UCP*1.75
SDQ*EA*ZZ*5023*3*5070*2
ZA*QS***006*20071008
CTP**UCP*1.75
SDQ*EA*ZZ*3063*1*3080*14*3082*5*3083*23*3084*12*3103*12*3143*1*3194*14*3289*2*3348*4
SDQ*EA*ZZ*3602*2*3644*4*3646*59*3661*1*3672*34*3685*3*3703*26*3715*18*3836*5*3876*5
SDQ*EA*ZZ*3931*1*3939*6*3941*35*3946*2*3966*1*3978*16*3991*4*3994*5*4093*60*4103*57
SDQ*EA*ZZ*4122*1*4189*4*4198*6*4244*24*4308*12*4475*19*4717*2*4719*15*4723*3*4769*1
SDQ*EA*ZZ*4898*4*4953*1*7028*1*7045*2*7059*9*7066*12*7132*4*7255*10*7354*5*7358*25
SDQ*EA*ZZ*7362*5*7461*2*7558*6*7607*44*7610*23*7718*6*9217*3*9571*8*9620*31*9621*11
SDQ*EA*ZZ*9625*1*9633*8*9648*22*9714*2
LIN**IN*097097711*ZZ*43*UP*831664000521*****DG*5*VS*00000
ZA*QS***006*20071008
CTP**UCP*1.75
SDQ*EA*ZZ*3675*-3*3836*2*4244*-3
CTT*2
SE*22*0012
ST*852*0013
XQ*H*20071009
N9*AD*T00000040
LIN**IN*097097811*ZZ*43*UP*831664000538*****DG*1*VS*00000
ZA*QS***006*20071007
CTP**UCP*4.95
SDQ*EA*ZZ*5023*3
ZA*QS***006*20071008
CTP**UCP*4.95
SDQ*EA*ZZ*3083*5*3644*1*3646*2*3836*1*4189*1*4475*6*4717*1*4719*5*7059*4*7358*2
SDQ*EA*ZZ*7610*1*9629*1*9633*1
LIN**IN*097097811*ZZ*43*UP*831664000538*****DG*5*VS*00000
ZA*QS***006*20071008
CTP**UCP*4.95
SDQ*EA*ZZ*3703*2*4970*1
LIN**IN*097097811*ZZ*43*UP*831664000538*****DG*9*VS*00000
ZA*QS***006*20071008
CTP**UCP*4.95
SDQ*EA*ZZ*7045*2
CTT*3
SE*21*0013
GE*13*164
IEA*1*000000164
*** SUPERTRACS READY FOR INPUT