ISA*00*          *00*          *09*006985290EFT   *12*6154525825     *050829*1440*U*00400*000100296*0*P*>
GS*RA*006985290EFT*6154525825*20050829*14402775*100205*X*004010
ST*820*000000001
BPR*I*1199.7*C*ACH*CCP*01*021000018*DA*0300955622*9008965873**01*064102601*DA*3000289*20050830*VEN
TRN*3*770136533*9008965873
DTM*097*20050829
N1*PR*KMART CORPORATION*1*008965873
N1*PE*YOUNGS FARMS*92*00069099588
N1*SE*YOUNGS FARMS*92*00069099588
ENT*1
RMR*IK*306320050803*PI*1.5*1.5*0
REF*PO*0020050804
REF*ST*03063
REF*DP*043
DTM*999*20050803
RMR*IK*310320050728*PI*.76*.76*0
REF*PO*0020050729
REF*ST*03103
REF*DP*043
DTM*999*20050728
RMR*IK*310320050729*PI*3.26*3.26*0
REF*PO*0020050730
REF*ST*03103
REF*DP*043
DTM*999*20050729
RMR*IK*319420050729*PI*12.25*12.25*0
REF*PO*0020050730
REF*ST*03194
REF*DP*043
DTM*999*20050729
RMR*IK*334820050728*PI*7.8*7.8*0
REF*PO*0020050729
REF*ST*03348
REF*DP*043
DTM*999*20050728
RMR*IK*334820050730*PI*5.2*5.2*0
REF*PO*0020050731
REF*ST*03348
REF*DP*043
DTM*999*20050730
RMR*IK*360220050730*PI*7.2*7.2*0
REF*PO*0020050731
REF*ST*03602
REF*DP*043
DTM*999*20050730
RMR*IK*360220050731*PI*3.3*3.3*0
REF*PO*0020050801
REF*ST*03602
REF*DP*043
DTM*999*20050731
RMR*IK*360220050801*PI*24*24*0
REF*PO*0020050802
REF*ST*03602
REF*DP*043
DTM*999*20050801
RMR*IK*360220050802*PI*6.6*6.6*0
REF*PO*0020050803
REF*ST*03602
REF*DP*043
DTM*999*20050802
RMR*IK*364420050802*PI*1.16*1.16*0
REF*PO*0020050803
REF*ST*03644
REF*DP*043
DTM*999*20050802
RMR*IK*366020050731*PI*.75*.75*0
REF*PO*0020050801
REF*ST*03660
REF*DP*043
DTM*999*20050731
RMR*IK*366020050801*PI*3.75*3.75*0
REF*PO*0020050802
REF*ST*03660
REF*DP*043
DTM*999*20050801
RMR*IK*366020050802*PI*6*6*0
REF*PO*0020050803
REF*ST*03660
REF*DP*043
DTM*999*20050802
RMR*IK*366020050803*PI*3*3*0
REF*PO*0020050804
REF*ST*03660
REF*DP*043
DTM*999*20050803
RMR*IK*371320050803*PI*1.5*1.5*0
REF*PO*0020050804
REF*ST*03713
REF*DP*043
DTM*999*20050803
RMR*IK*371520050801*PI*4.8*4.8*0
REF*PO*0020050802
REF*ST*03715
REF*DP*043
DTM*999*20050801
RMR*IK*383620050801*PI*4.8*4.8*0
REF*PO*0020050802
REF*ST*03836
REF*DP*043
DTM*999*20050801
RMR*IK*383620050802*PI*7.2*7.2*0
REF*PO*0020050803
REF*ST*03836
REF*DP*043
DTM*999*20050802
RMR*IK*384820050729*PI*1.16*1.16*0
REF*PO*0020050730
REF*ST*03848
REF*DP*043
DTM*999*20050729
RMR*IK*384820050730*PI*1.5*1.5*0
REF*PO*0020050731
REF*ST*03848
REF*DP*043
DTM*999*20050730
RMR*IK*392920050729*PI*4.5*4.5*0
REF*PO*0020050730
REF*ST*03929
REF*DP*043
DTM*999*20050729
RMR*IK*392920050730*PI*3*3*0
REF*PO*0020050731
REF*ST*03929
REF*DP*043
DTM*999*20050730
RMR*IK*392920050731*PI*3*3*0
REF*PO*0020050801
REF*ST*03929
REF*DP*043
DTM*999*20050731
RMR*IK*392920050801*PI*.58*.58*0
REF*PO*0020050802
REF*ST*03929
REF*DP*043
DTM*999*20050801
RMR*IK*399620050728*PI*12*12*0
REF*PO*0020050729
REF*ST*03996
REF*DP*043
DTM*999*20050728
RMR*IK*399620050731*PI*4.8*4.8*0
REF*PO*0020050801
REF*ST*03996
REF*DP*043
DTM*999*20050731
RMR*IK*399620050801*PI*28.8*28.8*0
REF*PO*0020050802
REF*ST*03996
REF*DP*043
DTM*999*20050801
RMR*IK*399620050802*PI*14.1*14.1*0
REF*PO*0020050803
REF*ST*03996
REF*DP*043
DTM*999*20050802
RMR*IK*407120050801*PI*2.7*2.7*0
REF*PO*0020050802
REF*ST*04071
REF*DP*043
DTM*999*20050801
RMR*IK*409320050728*PI*31.2*31.2*0
REF*PO*0020050729
REF*ST*04093
REF*DP*043
DTM*999*20050728
RMR*IK*409320050730*PI*27*27*0
REF*PO*0020050731
REF*ST*04093
REF*DP*043
DTM*999*20050730
RMR*IK*409320050731*PI*21.6*21.6*0
REF*PO*0020050801
REF*ST*04093
REF*DP*043
DTM*999*20050731
RMR*IK*409320050801*PI*6.75*6.75*0
REF*PO*0020050802
REF*ST*04093
REF*DP*043
DTM*999*20050801
RMR*IK*409320050802*PI*8.1*8.1*0
REF*PO*0020050803
REF*ST*04093
REF*DP*043
DTM*999*20050802
RMR*IK*409320050803*PI*13.5*13.5*0
REF*PO*0020050804
REF*ST*04093
REF*DP*043
DTM*999*20050803
RMR*IK*410320050729*PI*43.2*43.2*0
REF*PO*0020050730
REF*ST*04103
REF*DP*043
DTM*999*20050729
RMR*IK*410320050730*PI*14.4*14.4*0
REF*PO*0020050731
REF*ST*04103
REF*DP*043
DTM*999*20050730
RMR*IK*410320050731*PI*19.2*19.2*0
REF*PO*0020050801
REF*ST*04103
REF*DP*043
DTM*999*20050731
RMR*IK*410320050801*PI*24*24*0
REF*PO*0020050802
REF*ST*04103
REF*DP*043
DTM*999*20050801
RMR*IK*410320050802*PI*74.4*74.4*0
REF*PO*0020050803
REF*ST*04103
REF*DP*043
DTM*999*20050802
RMR*IK*410320050803*PI*50.4*50.4*0
REF*PO*0020050804
REF*ST*04103
REF*DP*043
DTM*999*20050803
RMR*IK*424420050728*PI*13.8*13.8*0
REF*PO*0020050729
REF*ST*04244
REF*DP*043
DTM*999*20050728
RMR*IK*424420050730*PI*12*12*0
REF*PO*0020050731
REF*ST*04244
REF*DP*043
DTM*999*20050730
RMR*IK*424420050731*PI*.76*.76*0
REF*PO*0020050801
REF*ST*04244
REF*DP*043
DTM*999*20050731
RMR*IK*424420050801*PI*4.8*4.8*0
REF*PO*0020050802
REF*ST*04244
REF*DP*043
DTM*999*20050801
RMR*IK*424420050803*PI*12*12*0
REF*PO*0020050804
REF*ST*04244
REF*DP*043
DTM*999*20050803
RMR*IK*471720050728*PI*.75*.75*0
REF*PO*0020050729
REF*ST*04717
REF*DP*043
DTM*999*20050728
RMR*IK*471720050730*PI*3*3*0
REF*PO*0020050731
REF*ST*04717
REF*DP*043
DTM*999*20050730
RMR*IK*471720050731*PI*.65*.65*0
REF*PO*0020050801
REF*ST*04717
REF*DP*043
DTM*999*20050731
RMR*IK*471720050802*PI*2.25*2.25*0
REF*PO*0020050803
REF*ST*04717
REF*DP*043
DTM*999*20050802
RMR*IK*471920050729*PI*14.4*14.4*0
REF*PO*0020050730
REF*ST*04719
REF*DP*043
DTM*999*20050729
RMR*IK*473920050729*PI*21.98*21.98*0
REF*PO*0020050730
REF*ST*04739
REF*DP*043
DTM*999*20050729
RMR*IK*473920050730*PI*22.36*22.36*0
REF*PO*0020050731
REF*ST*04739
REF*DP*043
DTM*999*20050730
RMR*IK*476020050730*PI*.75*.75*0
REF*PO*0020050731
REF*ST*04760
REF*DP*043
DTM*999*20050730
RMR*IK*483520050728*PI*3.75*3.75*0
REF*PO*0020050729
REF*ST*04835
REF*DP*043
DTM*999*20050728
RMR*IK*483520050729*PI*1.5*1.5*0
REF*PO*0020050730
REF*ST*04835
REF*DP*043
DTM*999*20050729
RMR*IK*483520050730*PI*9*9*0
REF*PO*0020050731
REF*ST*04835
REF*DP*043
DTM*999*20050730
RMR*IK*483520050801*PI*3*3*0
REF*PO*0020050802
REF*ST*04835
REF*DP*043
DTM*999*20050801
RMR*IK*497020050729*PI*3*3*0
REF*PO*0020050730
REF*ST*04970
REF*DP*043
DTM*999*20050729
RMR*IK*497020050731*PI*6*6*0
REF*PO*0020050801
REF*ST*04970
REF*DP*043
DTM*999*20050731
RMR*IK*704520050729*PI*1.65*1.65*0
REF*PO*0020050730
REF*ST*07045
REF*DP*043
DTM*999*20050729
RMR*IK*705920050730*PI*1.4*1.4*0
REF*PO*0020050731
REF*ST*07059
REF*DP*043
DTM*999*20050730
RMR*IK*706420050729*PI*5.8*5.8*0
REF*PO*0020050730
REF*ST*07064
REF*DP*043
DTM*999*20050729
RMR*IK*706920050728*PI*5.9*5.9*0
REF*PO*0020050729
REF*ST*07069
REF*DP*043
DTM*999*20050728
RMR*IK*706920050729*PI*1.16*1.16*0
REF*PO*0020050730
REF*ST*07069
REF*DP*043
DTM*999*20050729
RMR*IK*706920050801*PI*.76*.76*0
REF*PO*0020050802
REF*ST*07069
REF*DP*043
DTM*999*20050801
RMR*IK*713220050728*PI*6*6*0
REF*PO*0020050729
REF*ST*07132
REF*DP*043
DTM*999*20050728
RMR*IK*713220050729*PI*2.5*2.5*0
REF*PO*0020050730
REF*ST*07132
REF*DP*043
DTM*999*20050729
RMR*IK*713220050730*PI*4*4*0
REF*PO*0020050731
REF*ST*07132
REF*DP*043
DTM*999*20050730
RMR*IK*713220050731*PI*9*9*0
REF*PO*0020050801
REF*ST*07132
REF*DP*043
DTM*999*20050731
RMR*IK*713220050801*PI*4.5*4.5*0
REF*PO*0020050802
REF*ST*07132
REF*DP*043
DTM*999*20050801
RMR*IK*718420050729*PI*2*2*0
REF*PO*0020050730
REF*ST*07184
REF*DP*043
DTM*999*20050729
RMR*IK*718420050730*PI*3*3*0
REF*PO*0020050731
REF*ST*07184
REF*DP*043
DTM*999*20050730
RMR*IK*718420050802*PI*.58*.58*0
REF*PO*0020050803
REF*ST*07184
REF*DP*043
DTM*999*20050802
RMR*IK*725520050728*PI*1.65*1.65*0
REF*PO*0020050729
REF*ST*07255
REF*DP*043
DTM*999*20050728
RMR*IK*725520050729*PI*.65*.65*0
REF*PO*0020050730
REF*ST*07255
REF*DP*043
DTM*999*20050729
RMR*IK*725520050731*PI*5.2*5.2*0
REF*PO*0020050801
REF*ST*07255
REF*DP*043
DTM*999*20050731
RMR*IK*735820050728*PI*3*3*0
REF*PO*0020050729
REF*ST*07358
REF*DP*043
DTM*999*20050728
RMR*IK*735820050729*PI*14.4*14.4*0
REF*PO*0020050730
REF*ST*07358
REF*DP*043
DTM*999*20050729
RMR*IK*735820050730*PI*6*6*0
REF*PO*0020050731
REF*ST*07358
REF*DP*043
DTM*999*20050730
RMR*IK*735820050801*PI*2.4*2.4*0
REF*PO*0020050802
REF*ST*07358
REF*DP*043
DTM*999*20050801
RMR*IK*735820050802*PI*4.5*4.5*0
REF*PO*0020050803
REF*ST*07358
REF*DP*043
DTM*999*20050802
RMR*IK*735820050803*PI*3.9*3.9*0
REF*PO*0020050804
REF*ST*07358
REF*DP*043
DTM*999*20050803
RMR*IK*743720050729*PI*6*6*0
REF*PO*0020050730
REF*ST*07437
REF*DP*043
DTM*999*20050729
RMR*IK*746020050803*PI*2.4*2.4*0
REF*PO*0020050804
REF*ST*07460
REF*DP*043
DTM*999*20050803
RMR*IK*760720050728*PI*3*3*0
REF*PO*0020050729
REF*ST*07607
REF*DP*043
DTM*999*20050728
RMR*IK*760720050729*PI*3*3*0
REF*PO*0020050730
REF*ST*07607
REF*DP*043
DTM*999*20050729
RMR*IK*760720050731*PI*1.5*1.5*0
REF*PO*0020050801
REF*ST*07607
REF*DP*043
DTM*999*20050731
RMR*IK*760720050801*PI*2.1*2.1*0
REF*PO*0020050802
REF*ST*07607
REF*DP*043
DTM*999*20050801
RMR*IK*760720050802*PI*13.3*13.3*0
REF*PO*0020050803
REF*ST*07607
REF*DP*043
DTM*999*20050802
RMR*IK*760720050803*PI*10.5*10.5*0
REF*PO*0020050804
REF*ST*07607
REF*DP*043
DTM*999*20050803
RMR*IK*762920050801*PI*3*3*0
REF*PO*0020050802
REF*ST*07629
REF*DP*043
DTM*999*20050801
RMR*IK*763720050802*PI*2.35*2.35*0
REF*PO*0020050803
REF*ST*07637
REF*DP*043
DTM*999*20050802
RMR*IK*771820050728*PI*6*6*0
REF*PO*0020050729
REF*ST*07718
REF*DP*043
DTM*999*20050728
RMR*IK*957120050730*PI*3*3*0
REF*PO*0020050731
REF*ST*09571
REF*DP*043
DTM*999*20050730
RMR*IK*957120050731*PI*3*3*0
REF*PO*0020050801
REF*ST*09571
REF*DP*043
DTM*999*20050731
RMR*IK*962020050730*PI*1.95*1.95*0
REF*PO*0020050731
REF*ST*09620
REF*DP*043
DTM*999*20050730
RMR*IK*962020050731*PI*.75*.75*0
REF*PO*0020050801
REF*ST*09620
REF*DP*043
DTM*999*20050731
RMR*IK*962120050729*PI*12*12*0
REF*PO*0020050730
REF*ST*09621
REF*DP*043
DTM*999*20050729
RMR*IK*962520050801*PI*6*6*0
REF*PO*0020050802
REF*ST*09625
REF*DP*043
DTM*999*20050801
RMR*IK*967420050728*PI*24.78*24.78*0
REF*PO*0020050729
REF*ST*09674
REF*DP*043
DTM*999*20050728
RMR*IK*967420050729*PI*38.13*38.13*0
REF*PO*0020050730
REF*ST*09674
REF*DP*043
DTM*999*20050729
RMR*IK*967420050730*PI*146.07*146.07*0
REF*PO*0020050731
REF*ST*09674
REF*DP*043
DTM*999*20050730
RMR*IK*967420050731*PI*87.17*87.17*0
REF*PO*0020050801
REF*ST*09674
REF*DP*043
DTM*999*20050731
RMR*IK*967420050801*PI*79.62*79.62*0
REF*PO*0020050802
REF*ST*09674
REF*DP*043
DTM*999*20050801
RMR*IK*967420050802*PI*3.66*3.66*0
REF*PO*0020050803
REF*ST*09674
REF*DP*043
DTM*999*20050802
SE*544*000000001
GE*1*100205
IEA*1*000100296
ISA*00*          *00*          *09*006985290AC    *12*6154525825     *050830*0428*U*00400*000000829*0*P*>
GS*PD*006985290AC*6154525825*20050830*04284257*206*X*004010
ST*852*000000001
XQ*H*20050830
N9*AD*T00000040
LIN**CB*970977112*ZZ*43*UP*831664000521*****DG*1*VS*00000
ZA*QS***006*20050829
CTP**UCP*2.1
SDQ*EA*ZZ*3703*4
CTT*1
SE*9*000000001
ST*852*000000002
XQ*H*20050830
N9*AD*T00000040
LIN**CB*970978110*ZZ*43*UP*831664000538*****DG*1*VS*00000
ZA*QS***006*20050829
CTP**UCP*6.75
SDQ*EA*ZZ*3703*5
CTT*1
SE*9*000000002
ST*852*000000003
XQ*H*20050830
N9*AD*T00000040
LIN**CB*970984118*ZZ*43*UP*831664001009*****DG*1*VS*00000
ZA*QS***006*20050829
CTP**UCP*1.65
SDQ*EA*ZZ*7069*1
CTT*1
SE*9*000000003
GE*3*206
IEA*1*000000829
*** SUPERTRACS READY FOR INPUT
