ISA*00*          *00*          *09*006985290EFT   *12*6154525825     *050606*1439*U*00400*000100284*0*P*>
GS*RA*006985290EFT*6154525825*20050606*14391839*100193*X*004010
ST*820*000000001
BPR*I*347067.06*C*ACH*CCP*01*021000018*DA*0300955622*9008965873**01*064102601*DA*3000289*20050607*VEN
TRN*3*770124211*9008965873
DTM*097*20050606
N1*PR*KMART CORPORATION*1*008965873
N1*PE*YOUNGS FARMS*92*00069099588
N1*SE*YOUNGS FARMS*92*00069099588
ENT*1
RMR*IK*306320050505*PI*93.56*93.56*0
REF*PO*0020050506
REF*ST*03063
REF*DP*043
DTM*999*20050505
RMR*IK*306320050506*PI*259.26*259.26*0
REF*PO*0020050507
REF*ST*03063
REF*DP*043
DTM*999*20050506
RMR*IK*306320050507*PI*397.77*397.77*0
REF*PO*0020050508
REF*ST*03063
REF*DP*043
DTM*999*20050507
RMR*IK*306320050508*PI*371.01*371.01*0
REF*PO*0020050509
REF*ST*03063
REF*DP*043
DTM*999*20050508
RMR*IK*306320050509*PI*294.58*294.58*0
REF*PO*0020050510
REF*ST*03063
REF*DP*043
DTM*999*20050509
RMR*IK*306320050510*PI*174.63*174.63*0
REF*PO*0020050511
REF*ST*03063
REF*DP*043
DTM*999*20050510
RMR*IK*306320050511*PI*226.7*226.7*0
REF*PO*0020050512
REF*ST*03063
REF*DP*043
DTM*999*20050511
RMR*IK*308320050505*PI*198.34*198.34*0
REF*PO*0020050506
REF*ST*03083
REF*DP*043
DTM*999*20050505
RMR*IK*308320050506*PI*898.14*898.14*0
REF*PO*0020050507
REF*ST*03083
REF*DP*043
DTM*999*20050506
RMR*IK*308320050507*PI*2011.89*2011.89*0
REF*PO*0020050508
REF*ST*03083
REF*DP*043
DTM*999*20050507
RMR*IK*308320050508*PI*1515.58*1515.58*0
REF*PO*0020050509
REF*ST*03083
REF*DP*043
DTM*999*20050508
RMR*IK*308320050509*PI*776.4*776.4*0
REF*PO*0020050510
REF*ST*03083
REF*DP*043
DTM*999*20050509
RMR*IK*308320050510*PI*451.49*451.49*0
REF*PO*0020050511
REF*ST*03083
REF*DP*043
DTM*999*20050510
RMR*IK*308320050511*PI*324.85*324.85*0
REF*PO*0020050512
REF*ST*03083
REF*DP*043
DTM*999*20050511
RMR*IK*308420050505*PI*333.99*333.99*0
REF*PO*0020050506
REF*ST*03084
REF*DP*043
DTM*999*20050505
RMR*IK*308420050506*PI*572.18*572.18*0
REF*PO*0020050507
REF*ST*03084
REF*DP*043
DTM*999*20050506
RMR*IK*308420050507*PI*1163.57*1163.57*0
REF*PO*0020050508
REF*ST*03084
REF*DP*043
DTM*999*20050507
RMR*IK*308420050508*PI*708.48*708.48*0
REF*PO*0020050509
REF*ST*03084
REF*DP*043
DTM*999*20050508
RMR*IK*308420050509*PI*339.23*339.23*0
REF*PO*0020050510
REF*ST*03084
REF*DP*043
DTM*999*20050509
RMR*IK*308420050510*PI*194.66*194.66*0
REF*PO*0020050511
REF*ST*03084
REF*DP*043
DTM*999*20050510
RMR*IK*308420050511*PI*362.3*362.3*0
REF*PO*0020050512
REF*ST*03084
REF*DP*043
DTM*999*20050511
RMR*IK*310320050505*PI*379.63*379.63*0
REF*PO*0020050506
REF*ST*03103
REF*DP*043
DTM*999*20050505
RMR*IK*310320050506*PI*1007.62*1007.62*0
REF*PO*0020050507
REF*ST*03103
REF*DP*043
DTM*999*20050506
RMR*IK*310320050507*PI*1554.81*1554.81*0
REF*PO*0020050508
REF*ST*03103
REF*DP*043
DTM*999*20050507
RMR*IK*310320050508*PI*1097.32*1097.32*0
REF*PO*0020050509
REF*ST*03103
REF*DP*043
DTM*999*20050508
RMR*IK*310320050509*PI*388.04*388.04*0
REF*PO*0020050510
REF*ST*03103
REF*DP*043
DTM*999*20050509
RMR*IK*310320050510*PI*408.91*408.91*0
REF*PO*0020050511
REF*ST*03103
REF*DP*043
DTM*999*20050510
RMR*IK*310320050511*PI*486.33*486.33*0
REF*PO*0020050512
REF*ST*03103
REF*DP*043
DTM*999*20050511
RMR*IK*314320050505*PI*597.76*597.76*0
REF*PO*0020050506
REF*ST*03143
REF*DP*043
DTM*999*20050505
RMR*IK*314320050506*PI*875.39*875.39*0
REF*PO*0020050507
REF*ST*03143
REF*DP*043
DTM*999*20050506
RMR*IK*314320050507*PI*999.23*999.23*0
REF*PO*0020050508
REF*ST*03143
REF*DP*043
DTM*999*20050507
RMR*IK*314320050508*PI*494.82*494.82*0
REF*PO*0020050509
REF*ST*03143
REF*DP*043
DTM*999*20050508
RMR*IK*314320050509*PI*226.47*226.47*0
REF*PO*0020050510
REF*ST*03143
REF*DP*043
DTM*999*20050509
RMR*IK*314320050510*PI*432.16*432.16*0
REF*PO*0020050511
REF*ST*03143
REF*DP*043
DTM*999*20050510
RMR*IK*314320050511*PI*447*447*0
REF*PO*0020050512
REF*ST*03143
REF*DP*043
DTM*999*20050511
RMR*IK*319420050505*PI*299*299*0
REF*PO*0020050506
REF*ST*03194
REF*DP*043
DTM*999*20050505
RMR*IK*319420050506*PI*355.41*355.41*0
REF*PO*0020050507
REF*ST*03194
REF*DP*043
DTM*999*20050506
RMR*IK*319420050507*PI*971.92*971.92*0
REF*PO*0020050508
REF*ST*03194
REF*DP*043
DTM*999*20050507
RMR*IK*319420050508*PI*583.46*583.46*0
REF*PO*0020050509
REF*ST*03194
REF*DP*043
DTM*999*20050508
RMR*IK*319420050509*PI*248.74*248.74*0
REF*PO*0020050510
REF*ST*03194
REF*DP*043
DTM*999*20050509
RMR*IK*319420050510*PI*231.35*231.35*0
REF*PO*0020050511
REF*ST*03194
REF*DP*043
DTM*999*20050510
RMR*IK*319420050511*PI*141.25*141.25*0
REF*PO*0020050512
REF*ST*03194
REF*DP*043
DTM*999*20050511
RMR*IK*334820050505*PI*58.38*58.38*0
REF*PO*0020050506
REF*ST*03348
REF*DP*043
DTM*999*20050505
RMR*IK*334820050506*PI*482.81*482.81*0
REF*PO*0020050507
REF*ST*03348
REF*DP*043
DTM*999*20050506
RMR*IK*334820050507*PI*763.27*763.27*0
REF*PO*0020050508
REF*ST*03348
REF*DP*043
DTM*999*20050507
RMR*IK*334820050508*PI*650.07*650.07*0
REF*PO*0020050509
REF*ST*03348
REF*DP*043
DTM*999*20050508
RMR*IK*334820050509*PI*271.55*271.55*0
REF*PO*0020050510
REF*ST*03348
REF*DP*043
DTM*999*20050509
RMR*IK*334820050510*PI*199.49*199.49*0
REF*PO*0020050511
REF*ST*03348
REF*DP*043
DTM*999*20050510
RMR*IK*334820050511*PI*166.85*166.85*0
REF*PO*0020050512
REF*ST*03348
REF*DP*043
DTM*999*20050511
RMR*IK*335920050505*PI*281.42*281.42*0
REF*PO*0020050506
REF*ST*03359
REF*DP*043
DTM*999*20050505
RMR*IK*335920050506*PI*478.47*478.47*0
REF*PO*0020050507
REF*ST*03359
REF*DP*043
DTM*999*20050506
RMR*IK*335920050507*PI*713.97*713.97*0
REF*PO*0020050508
REF*ST*03359
REF*DP*043
DTM*999*20050507
RMR*IK*335920050508*PI*340.79*340.79*0
REF*PO*0020050509
REF*ST*03359
REF*DP*043
DTM*999*20050508
RMR*IK*335920050509*PI*203.24*203.24*0
REF*PO*0020050510
REF*ST*03359
REF*DP*043
DTM*999*20050509
RMR*IK*335920050510*PI*160.63*160.63*0
REF*PO*0020050511
REF*ST*03359
REF*DP*043
DTM*999*20050510
RMR*IK*335920050511*PI*112.15*112.15*0
REF*PO*0020050512
REF*ST*03359
REF*DP*043
DTM*999*20050511
RMR*IK*340820050505*PI*127.03*127.03*0
REF*PO*0020050506
REF*ST*03408
REF*DP*043
DTM*999*20050505
RMR*IK*340820050506*PI*344.05*344.05*0
REF*PO*0020050507
REF*ST*03408
REF*DP*043
DTM*999*20050506
RMR*IK*340820050507*PI*912.81*912.81*0
REF*PO*0020050508
REF*ST*03408
REF*DP*043
DTM*999*20050507
RMR*IK*340820050508*PI*604.69*604.69*0
REF*PO*0020050509
REF*ST*03408
REF*DP*043
DTM*999*20050508
RMR*IK*340820050509*PI*274.74*274.74*0
REF*PO*0020050510
REF*ST*03408
REF*DP*043
DTM*999*20050509
RMR*IK*340820050510*PI*248.51*248.51*0
REF*PO*0020050511
REF*ST*03408
REF*DP*043
DTM*999*20050510
RMR*IK*340820050511*PI*190.85*190.85*0
REF*PO*0020050512
REF*ST*03408
REF*DP*043
DTM*999*20050511
RMR*IK*360220050505*PI*383.71*383.71*0
REF*PO*0020050506
REF*ST*03602
REF*DP*043
DTM*999*20050505
RMR*IK*360220050506*PI*621.49*621.49*0
REF*PO*0020050507
REF*ST*03602
REF*DP*043
DTM*999*20050506
RMR*IK*360220050507*PI*1037.96*1037.96*0
REF*PO*0020050508
REF*ST*03602
REF*DP*043
DTM*999*20050507
RMR*IK*360220050508*PI*659.23*659.23*0
REF*PO*0020050509
REF*ST*03602
REF*DP*043
DTM*999*20050508
RMR*IK*360220050509*PI*486.94*486.94*0
REF*PO*0020050510
REF*ST*03602
REF*DP*043
DTM*999*20050509
RMR*IK*360220050510*PI*426.14*426.14*0
REF*PO*0020050511
REF*ST*03602
REF*DP*043
DTM*999*20050510
RMR*IK*360220050511*PI*385.8*385.8*0
REF*PO*0020050512
REF*ST*03602
REF*DP*043
DTM*999*20050511
RMR*IK*364420050505*PI*601.46*601.46*0
REF*PO*0020050506
REF*ST*03644
REF*DP*043
DTM*999*20050505
RMR*IK*364420050506*PI*872.19*872.19*0
REF*PO*0020050507
REF*ST*03644
REF*DP*043
DTM*999*20050506
RMR*IK*364420050507*PI*1294.34*1294.34*0
REF*PO*0020050508
REF*ST*03644
REF*DP*043
DTM*999*20050507
RMR*IK*364420050508*PI*991.49*991.49*0
REF*PO*0020050509
REF*ST*03644
REF*DP*043
DTM*999*20050508
RMR*IK*364420050509*PI*562.55*562.55*0
REF*PO*0020050510
REF*ST*03644
REF*DP*043
DTM*999*20050509
RMR*IK*364420050510*PI*382.85*382.85*0
REF*PO*0020050511
REF*ST*03644
REF*DP*043
DTM*999*20050510
RMR*IK*364420050511*PI*246.95*246.95*0
REF*PO*0020050512
REF*ST*03644
REF*DP*043
DTM*999*20050511
RMR*IK*364420050531*PI*-.58*-.58*0
REF*PO*0020050602
REF*ST*03644
REF*DP*043
DTM*999*20050531
RMR*IK*364620050505*PI*627.96*627.96*0
REF*PO*0020050506
REF*ST*03646
REF*DP*043
DTM*999*20050505
RMR*IK*364620050506*PI*1058.27*1058.27*0
REF*PO*0020050507
REF*ST*03646
REF*DP*043
DTM*999*20050506
RMR*IK*364620050507*PI*2317.9*2317.9*0
REF*PO*0020050508
REF*ST*03646
REF*DP*043
DTM*999*20050507
RMR*IK*364620050508*PI*1478.5*1478.5*0
REF*PO*0020050509
REF*ST*03646
REF*DP*043
DTM*999*20050508
RMR*IK*364620050509*PI*570.51*570.51*0
REF*PO*0020050510
REF*ST*03646
REF*DP*043
DTM*999*20050509
RMR*IK*364620050510*PI*403.77*403.77*0
REF*PO*0020050511
REF*ST*03646
REF*DP*043
DTM*999*20050510
RMR*IK*364620050511*PI*347.5*347.5*0
REF*PO*0020050512
REF*ST*03646
REF*DP*043
DTM*999*20050511
RMR*IK*366020050505*PI*255.8*255.8*0
REF*PO*0020050506
REF*ST*03660
REF*DP*043
DTM*999*20050505
RMR*IK*366020050506*PI*361.94*361.94*0
REF*PO*0020050507
REF*ST*03660
REF*DP*043
DTM*999*20050506
RMR*IK*366020050507*PI*688.48*688.48*0
REF*PO*0020050508
REF*ST*03660
REF*DP*043
DTM*999*20050507
RMR*IK*366020050508*PI*497.09*497.09*0
REF*PO*0020050509
REF*ST*03660
REF*DP*043
DTM*999*20050508
RMR*IK*366020050509*PI*204.74*204.74*0
REF*PO*0020050510
REF*ST*03660
REF*DP*043
DTM*999*20050509
RMR*IK*366020050510*PI*273.35*273.35*0
REF*PO*0020050511
REF*ST*03660
REF*DP*043
DTM*999*20050510
RMR*IK*366020050511*PI*230.45*230.45*0
REF*PO*0020050512
REF*ST*03660
REF*DP*043
DTM*999*20050511
RMR*IK*367220050505*PI*344.01*344.01*0
REF*PO*0020050506
REF*ST*03672
REF*DP*043
DTM*999*20050505
RMR*IK*367220050506*PI*527.82*527.82*0
REF*PO*0020050507
REF*ST*03672
REF*DP*043
DTM*999*20050506
RMR*IK*367220050507*PI*676.4*676.4*0
REF*PO*0020050508
REF*ST*03672
REF*DP*043
DTM*999*20050507
RMR*IK*367220050508*PI*350.26*350.26*0
REF*PO*0020050509
REF*ST*03672
REF*DP*043
DTM*999*20050508
RMR*IK*367220050509*PI*213.45*213.45*0
REF*PO*0020050510
REF*ST*03672
REF*DP*043
DTM*999*20050509
RMR*IK*367220050510*PI*162.29*162.29*0
REF*PO*0020050511
REF*ST*03672
REF*DP*043
DTM*999*20050510
RMR*IK*367220050511*PI*116.75*116.75*0
REF*PO*0020050512
REF*ST*03672
REF*DP*043
DTM*999*20050511
RMR*IK*368520050505*PI*30.55*30.55*0
REF*PO*0020050506
REF*ST*03685
REF*DP*043
DTM*999*20050505
RMR*IK*368520050506*PI*312.07*312.07*0
REF*PO*0020050507
REF*ST*03685
REF*DP*043
DTM*999*20050506
RMR*IK*368520050507*PI*562.86*562.86*0
REF*PO*0020050508
REF*ST*03685
REF*DP*043
DTM*999*20050507
RMR*IK*368520050508*PI*425.3*425.3*0
REF*PO*0020050509
REF*ST*03685
REF*DP*043
DTM*999*20050508
RMR*IK*368520050509*PI*223*223*0
REF*PO*0020050510
REF*ST*03685
REF*DP*043
DTM*999*20050509
RMR*IK*368520050510*PI*142.19*142.19*0
REF*PO*0020050511
REF*ST*03685
REF*DP*043
DTM*999*20050510
RMR*IK*368520050511*PI*165.6*165.6*0
REF*PO*0020050512
REF*ST*03685
REF*DP*043
DTM*999*20050511
RMR*IK*370320050505*PI*1171.92*1171.92*0
REF*PO*0020050506
REF*ST*03703
REF*DP*043
DTM*999*20050505
RMR*IK*370320050506*PI*1663.62*1663.62*0
REF*PO*0020050507
REF*ST*03703
REF*DP*043
DTM*999*20050506
RMR*IK*370320050507*PI*3745.93*3745.93*0
REF*PO*0020050508
REF*ST*03703
REF*DP*043
DTM*999*20050507
RMR*IK*370320050508*PI*1985.77*1985.77*0
REF*PO*0020050509
REF*ST*03703
REF*DP*043
DTM*999*20050508
RMR*IK*370320050509*PI*818.36*818.36*0
REF*PO*0020050510
REF*ST*03703
REF*DP*043
DTM*999*20050509
RMR*IK*370320050510*PI*595.83*595.83*0
REF*PO*0020050511
REF*ST*03703
REF*DP*043
DTM*999*20050510
RMR*IK*370320050511*PI*543.35*543.35*0
REF*PO*0020050512
REF*ST*03703
REF*DP*043
DTM*999*20050511
RMR*IK*371320050505*PI*427.09*427.09*0
REF*PO*0020050506
REF*ST*03713
REF*DP*043
DTM*999*20050505
RMR*IK*371320050506*PI*1052.51*1052.51*0
REF*PO*0020050507
REF*ST*03713
REF*DP*043
DTM*999*20050506
RMR*IK*371320050507*PI*1588.86*1588.86*0
REF*PO*0020050508
REF*ST*03713
REF*DP*043
DTM*999*20050507
RMR*IK*371320050508*PI*841.22*841.22*0
REF*PO*0020050509
REF*ST*03713
REF*DP*043
DTM*999*20050508
RMR*IK*371320050509*PI*299.9*299.9*0
REF*PO*0020050510
REF*ST*03713
REF*DP*043
DTM*999*20050509
RMR*IK*371320050510*PI*234.3*234.3*0
REF*PO*0020050511
REF*ST*03713
REF*DP*043
DTM*999*20050510
RMR*IK*371320050511*PI*239.75*239.75*0
REF*PO*0020050512
REF*ST*03713
REF*DP*043
DTM*999*20050511
RMR*IK*371520050505*PI*518.47*518.47*0
REF*PO*0020050506
REF*ST*03715
REF*DP*043
DTM*999*20050505
RMR*IK*371520050506*PI*712.02*712.02*0
REF*PO*0020050507
REF*ST*03715
REF*DP*043
DTM*999*20050506
RMR*IK*371520050507*PI*1131.63*1131.63*0
REF*PO*0020050508
REF*ST*03715
REF*DP*043
DTM*999*20050507
RMR*IK*371520050508*PI*661.23*661.23*0
REF*PO*0020050509
REF*ST*03715
REF*DP*043
DTM*999*20050508
RMR*IK*371520050509*PI*356.84*356.84*0
REF*PO*0020050510
REF*ST*03715
REF*DP*043
DTM*999*20050509
RMR*IK*371520050510*PI*313.22*313.22*0
REF*PO*0020050511
REF*ST*03715
REF*DP*043
DTM*999*20050510
RMR*IK*371520050511*PI*306.2*306.2*0
REF*PO*0020050512
REF*ST*03715
REF*DP*043
DTM*999*20050511
RMR*IK*382220050505*PI*266.8*266.8*0
REF*PO*0020050506
REF*ST*03822
REF*DP*043
DTM*999*20050505
RMR*IK*382220050506*PI*953.27*953.27*0
REF*PO*0020050507
REF*ST*03822
REF*DP*043
DTM*999*20050506
RMR*IK*382220050507*PI*1394.37*1394.37*0
REF*PO*0020050508
REF*ST*03822
REF*DP*043
DTM*999*20050507
RMR*IK*382220050508*PI*858.93*858.93*0
REF*PO*0020050509
REF*ST*03822
REF*DP*043
DTM*999*20050508
RMR*IK*382220050509*PI*280.73*280.73*0
REF*PO*0020050510
REF*ST*03822
REF*DP*043
DTM*999*20050509
RMR*IK*382220050510*PI*306.19*306.19*0
REF*PO*0020050511
REF*ST*03822
REF*DP*043
DTM*999*20050510
RMR*IK*382220050511*PI*237.3*237.3*0
REF*PO*0020050512
REF*ST*03822
REF*DP*043
DTM*999*20050511
RMR*IK*383620050505*PI*210.7*210.7*0
REF*PO*0020050506
REF*ST*03836
REF*DP*043
DTM*999*20050505
RMR*IK*383620050506*PI*823.47*823.47*0
REF*PO*0020050507
REF*ST*03836
REF*DP*043
DTM*999*20050506
RMR*IK*383620050507*PI*1719.35*1719.35*0
REF*PO*0020050508
REF*ST*03836
REF*DP*043
DTM*999*20050507
RMR*IK*383620050508*PI*773.87*773.87*0
REF*PO*0020050509
REF*ST*03836
REF*DP*043
DTM*999*20050508
RMR*IK*383620050509*PI*518.63*518.63*0
REF*PO*0020050510
REF*ST*03836
REF*DP*043
DTM*999*20050509
RMR*IK*383620050510*PI*286.81*286.81*0
REF*PO*0020050511
REF*ST*03836
REF*DP*043
DTM*999*20050510
RMR*IK*383620050511*PI*213.25*213.25*0
REF*PO*0020050512
REF*ST*03836
REF*DP*043
DTM*999*20050511
RMR*IK*384820050505*PI*601.03*601.03*0
REF*PO*0020050506
REF*ST*03848
REF*DP*043
DTM*999*20050505
RMR*IK*384820050506*PI*652.99*652.99*0
REF*PO*0020050507
REF*ST*03848
REF*DP*043
DTM*999*20050506
RMR*IK*384820050507*PI*1047.69*1047.69*0
REF*PO*0020050508
REF*ST*03848
REF*DP*043
DTM*999*20050507
RMR*IK*384820050508*PI*593.4*593.4*0
REF*PO*0020050509
REF*ST*03848
REF*DP*043
DTM*999*20050508
RMR*IK*384820050509*PI*411.35*411.35*0
REF*PO*0020050510
REF*ST*03848
REF*DP*043
DTM*999*20050509
RMR*IK*384820050510*PI*320.45*320.45*0
REF*PO*0020050511
REF*ST*03848
REF*DP*043
DTM*999*20050510
RMR*IK*384820050511*PI*299.65*299.65*0
REF*PO*0020050512
REF*ST*03848
REF*DP*043
DTM*999*20050511
RMR*IK*387620050505*PI*50.92*50.92*0
REF*PO*0020050506
REF*ST*03876
REF*DP*043
DTM*999*20050505
RMR*IK*387620050506*PI*191.13*191.13*0
REF*PO*0020050507
REF*ST*03876
REF*DP*043
DTM*999*20050506
RMR*IK*387620050507*PI*482.98*482.98*0
REF*PO*0020050508
REF*ST*03876
REF*DP*043
DTM*999*20050507
RMR*IK*387620050508*PI*322.52*322.52*0
REF*PO*0020050509
REF*ST*03876
REF*DP*043
DTM*999*20050508
RMR*IK*387620050509*PI*144.17*144.17*0
REF*PO*0020050510
REF*ST*03876
REF*DP*043
DTM*999*20050509
RMR*IK*387620050510*PI*90.99*90.99*0
REF*PO*0020050511
REF*ST*03876
REF*DP*043
DTM*999*20050510
RMR*IK*387620050511*PI*174.2*174.2*0
REF*PO*0020050512
REF*ST*03876
REF*DP*043
DTM*999*20050511
RMR*IK*392920050505*PI*145.14*145.14*0
REF*PO*0020050506
REF*ST*03929
REF*DP*043
DTM*999*20050505
RMR*IK*392920050506*PI*254.05*254.05*0
REF*PO*0020050507
REF*ST*03929
REF*DP*043
DTM*999*20050506
RMR*IK*392920050507*PI*481.01*481.01*0
REF*PO*0020050508
REF*ST*03929
REF*DP*043
DTM*999*20050507
RMR*IK*392920050508*PI*436.06*436.06*0
REF*PO*0020050509
REF*ST*03929
REF*DP*043
DTM*999*20050508
RMR*IK*392920050509*PI*201.77*201.77*0
REF*PO*0020050510
REF*ST*03929
REF*DP*043
DTM*999*20050509
RMR*IK*392920050510*PI*116.02*116.02*0
REF*PO*0020050511
REF*ST*03929
REF*DP*043
DTM*999*20050510
RMR*IK*392920050511*PI*95.2*95.2*0
REF*PO*0020050512
REF*ST*03929
REF*DP*043
DTM*999*20050511
RMR*IK*393120050505*PI*167.96*167.96*0
REF*PO*0020050506
REF*ST*03931
REF*DP*043
DTM*999*20050505
RMR*IK*393120050506*PI*285*285*0
REF*PO*0020050507
REF*ST*03931
REF*DP*043
DTM*999*20050506
RMR*IK*393120050507*PI*643.42*643.42*0
REF*PO*0020050508
REF*ST*03931
REF*DP*043
DTM*999*20050507
RMR*IK*393120050508*PI*501.48*501.48*0
REF*PO*0020050509
REF*ST*03931
REF*DP*043
DTM*999*20050508
RMR*IK*393120050509*PI*158.62*158.62*0
REF*PO*0020050510
REF*ST*03931
REF*DP*043
DTM*999*20050509
RMR*IK*393120050510*PI*196.19*196.19*0
REF*PO*0020050511
REF*ST*03931
REF*DP*043
DTM*999*20050510
RMR*IK*393120050511*PI*168.2*168.2*0
REF*PO*0020050512
REF*ST*03931
REF*DP*043
DTM*999*20050511
RMR*IK*394120050505*PI*646.24*646.24*0
REF*PO*0020050506
REF*ST*03941
REF*DP*043
DTM*999*20050505
RMR*IK*394120050506*PI*648.01*648.01*0
REF*PO*0020050507
REF*ST*03941
REF*DP*043
DTM*999*20050506
RMR*IK*394120050507*PI*1528.05*1528.05*0
REF*PO*0020050508
REF*ST*03941
REF*DP*043
DTM*999*20050507
RMR*IK*394120050508*PI*1220.66*1220.66*0
REF*PO*0020050509
REF*ST*03941
REF*DP*043
DTM*999*20050508
RMR*IK*394120050509*PI*433.69*433.69*0
REF*PO*0020050510
REF*ST*03941
REF*DP*043
DTM*999*20050509
RMR*IK*394120050510*PI*332.07*332.07*0
REF*PO*0020050511
REF*ST*03941
REF*DP*043
DTM*999*20050510
RMR*IK*394120050511*PI*511.99*511.99*0
REF*PO*0020050512
REF*ST*03941
REF*DP*043
DTM*999*20050511
RMR*IK*396620050505*PI*215.82*215.82*0
REF*PO*0020050506
REF*ST*03966
REF*DP*043
DTM*999*20050505
RMR*IK*396620050506*PI*569.02*569.02*0
REF*PO*0020050507
REF*ST*03966
REF*DP*043
DTM*999*20050506
RMR*IK*396620050507*PI*907.72*907.72*0
REF*PO*0020050508
REF*ST*03966
REF*DP*043
DTM*999*20050507
RMR*IK*396620050508*PI*960.88*960.88*0
REF*PO*0020050509
REF*ST*03966
REF*DP*043
DTM*999*20050508
RMR*IK*396620050509*PI*243.24*243.24*0
REF*PO*0020050510
REF*ST*03966
REF*DP*043
DTM*999*20050509
RMR*IK*396620050509*PI*100.17*100.17*0
REF*PO*0020050511
REF*ST*03966
REF*DP*043
DTM*999*20050509
RMR*IK*396620050510*PI*364.53*364.53*0
REF*PO*0020050511
REF*ST*03966
REF*DP*043
DTM*999*20050510
RMR*IK*396620050511*PI*251.1*251.1*0
REF*PO*0020050512
REF*ST*03966
REF*DP*043
DTM*999*20050511
RMR*IK*397820050505*PI*190.92*190.92*0
REF*PO*0020050506
REF*ST*03978
REF*DP*043
DTM*999*20050505
RMR*IK*397820050506*PI*477.4*477.4*0
REF*PO*0020050507
REF*ST*03978
REF*DP*043
DTM*999*20050506
RMR*IK*397820050507*PI*983.09*983.09*0
REF*PO*0020050508
REF*ST*03978
REF*DP*043
DTM*999*20050507
RMR*IK*397820050508*PI*586.85*586.85*0
REF*PO*0020050509
REF*ST*03978
REF*DP*043
DTM*999*20050508
RMR*IK*397820050509*PI*299.88*299.88*0
REF*PO*0020050510
REF*ST*03978
REF*DP*043
DTM*999*20050509
RMR*IK*397820050510*PI*216.79*216.79*0
REF*PO*0020050511
REF*ST*03978
REF*DP*043
DTM*999*20050510
RMR*IK*397820050511*PI*101.25*101.25*0
REF*PO*0020050512
REF*ST*03978
REF*DP*043
DTM*999*20050511
RMR*IK*399620050505*PI*237.96*237.96*0
REF*PO*0020050506
REF*ST*03996
REF*DP*043
DTM*999*20050505
RMR*IK*399620050506*PI*524.23*524.23*0
REF*PO*0020050507
REF*ST*03996
REF*DP*043
DTM*999*20050506
RMR*IK*399620050507*PI*887.11*887.11*0
REF*PO*0020050508
REF*ST*03996
REF*DP*043
DTM*999*20050507
RMR*IK*399620050508*PI*699.97*699.97*0
REF*PO*0020050509
REF*ST*03996
REF*DP*043
DTM*999*20050508
RMR*IK*399620050509*PI*357.05*357.05*0
REF*PO*0020050510
REF*ST*03996
REF*DP*043
DTM*999*20050509
RMR*IK*399620050510*PI*230.55*230.55*0
REF*PO*0020050511
REF*ST*03996
REF*DP*043
DTM*999*20050510
RMR*IK*399620050511*PI*313.3*313.3*0
REF*PO*0020050512
REF*ST*03996
REF*DP*043
DTM*999*20050511
RMR*IK*403320050505*PI*185.17*185.17*0
REF*PO*0020050506
REF*ST*04033
REF*DP*043
DTM*999*20050505
RMR*IK*403320050506*PI*681.9*681.9*0
REF*PO*0020050507
REF*ST*04033
REF*DP*043
DTM*999*20050506
RMR*IK*403320050507*PI*1110.56*1110.56*0
REF*PO*0020050508
REF*ST*04033
REF*DP*043
DTM*999*20050507
RMR*IK*403320050508*PI*760.24*760.24*0
REF*PO*0020050509
REF*ST*04033
REF*DP*043
DTM*999*20050508
RMR*IK*403320050509*PI*410.23*410.23*0
REF*PO*0020050510
REF*ST*04033
REF*DP*043
DTM*999*20050509
RMR*IK*403320050510*PI*100.32*100.32*0
REF*PO*0020050511
REF*ST*04033
REF*DP*043
DTM*999*20050510
RMR*IK*403320050511*PI*213*213*0
REF*PO*0020050512
REF*ST*04033
REF*DP*043
DTM*999*20050511
RMR*IK*407120050505*PI*271.31*271.31*0
REF*PO*0020050506
REF*ST*04071
REF*DP*043
DTM*999*20050505
RMR*IK*407120050506*PI*354.61*354.61*0
REF*PO*0020050507
REF*ST*04071
REF*DP*043
DTM*999*20050506
RMR*IK*407120050507*PI*1079.68*1079.68*0
REF*PO*0020050508
REF*ST*04071
REF*DP*043
DTM*999*20050507
RMR*IK*407120050508*PI*812.59*812.59*0
REF*PO*0020050509
REF*ST*04071
REF*DP*043
DTM*999*20050508
RMR*IK*407120050509*PI*500.76*500.76*0
REF*PO*0020050510
REF*ST*04071
REF*DP*043
DTM*999*20050509
RMR*IK*407120050510*PI*602.93*602.93*0
REF*PO*0020050511
REF*ST*04071
REF*DP*043
DTM*999*20050510
RMR*IK*407120050511*PI*289.5*289.5*0
REF*PO*0020050512
REF*ST*04071
REF*DP*043
DTM*999*20050511
RMR*IK*409320050505*PI*1237.67*1237.67*0
REF*PO*0020050506
REF*ST*04093
REF*DP*043
DTM*999*20050505
RMR*IK*409320050506*PI*1952.62*1952.62*0
REF*PO*0020050507
REF*ST*04093
REF*DP*043
DTM*999*20050506
RMR*IK*409320050507*PI*2836.21*2836.21*0
REF*PO*0020050508
REF*ST*04093
REF*DP*043
DTM*999*20050507
RMR*IK*409320050508*PI*2037.13*2037.13*0
REF*PO*0020050509
REF*ST*04093
REF*DP*043
DTM*999*20050508
RMR*IK*409320050509*PI*731.7*731.7*0
REF*PO*0020050510
REF*ST*04093
REF*DP*043
DTM*999*20050509
RMR*IK*409320050510*PI*810.57*810.57*0
REF*PO*0020050511
REF*ST*04093
REF*DP*043
DTM*999*20050510
RMR*IK*409320050511*PI*580.5*580.5*0
REF*PO*0020050512
REF*ST*04093
REF*DP*043
DTM*999*20050511
RMR*IK*410320050505*PI*649.14*649.14*0
REF*PO*0020050506
REF*ST*04103
REF*DP*043
DTM*999*20050505
RMR*IK*410320050506*PI*1395.21*1395.21*0
REF*PO*0020050507
REF*ST*04103
REF*DP*043
DTM*999*20050506
RMR*IK*410320050507*PI*2072.84*2072.84*0
REF*PO*0020050508
REF*ST*04103
REF*DP*043
DTM*999*20050507
RMR*IK*410320050508*PI*1300.23*1300.23*0
REF*PO*0020050509
REF*ST*04103
REF*DP*043
DTM*999*20050508
RMR*IK*410320050509*PI*705.22*705.22*0
REF*PO*0020050510
REF*ST*04103
REF*DP*043
DTM*999*20050509
RMR*IK*410320050510*PI*545.69*545.69*0
REF*PO*0020050511
REF*ST*04103
REF*DP*043
DTM*999*20050510
RMR*IK*410320050511*PI*656.95*656.95*0
REF*PO*0020050512
REF*ST*04103
REF*DP*043
DTM*999*20050511
RMR*IK*421320050505*PI*500.24*500.24*0
REF*PO*0020050506
REF*ST*04213
REF*DP*043
DTM*999*20050505
RMR*IK*421320050506*PI*326.24*326.24*0
REF*PO*0020050507
REF*ST*04213
REF*DP*043
DTM*999*20050506
RMR*IK*421320050507*PI*749.56*749.56*0
REF*PO*0020050508
REF*ST*04213
REF*DP*043
DTM*999*20050507
RMR*IK*421320050508*PI*389.78*389.78*0
REF*PO*0020050509
REF*ST*04213
REF*DP*043
DTM*999*20050508
RMR*IK*421320050509*PI*296.09*296.09*0
REF*PO*0020050510
REF*ST*04213
REF*DP*043
DTM*999*20050509
RMR*IK*421320050510*PI*196.03*196.03*0
REF*PO*0020050511
REF*ST*04213
REF*DP*043
DTM*999*20050510
RMR*IK*421320050511*PI*119.8*119.8*0
REF*PO*0020050512
REF*ST*04213
REF*DP*043
DTM*999*20050511
RMR*IK*423220050510*PI*1.03*1.03*0
REF*PO*0020050511
REF*ST*04232
REF*DP*043
DTM*999*20050510
RMR*IK*424120050505*PI*4.45*4.45*0
REF*PO*0020050506
REF*ST*04241
REF*DP*043
DTM*999*20050505
RMR*IK*424120050506*PI*92.35*92.35*0
REF*PO*0020050507
REF*ST*04241
REF*DP*043
DTM*999*20050506
RMR*IK*424120050507*PI*103.01*103.01*0
REF*PO*0020050508
REF*ST*04241
REF*DP*043
DTM*999*20050507
RMR*IK*424120050508*PI*80.65*80.65*0
REF*PO*0020050509
REF*ST*04241
REF*DP*043
DTM*999*20050508
RMR*IK*424120050509*PI*37.15*37.15*0
REF*PO*0020050510
REF*ST*04241
REF*DP*043
DTM*999*20050509
RMR*IK*424120050510*PI*36.93*36.93*0
REF*PO*0020050511
REF*ST*04241
REF*DP*043
DTM*999*20050510
RMR*IK*424120050511*PI*22.65*22.65*0
REF*PO*0020050512
REF*ST*04241
REF*DP*043
DTM*999*20050511
RMR*IK*424420050505*PI*543.88*543.88*0
REF*PO*0020050506
REF*ST*04244
REF*DP*043
DTM*999*20050505
RMR*IK*424420050506*PI*849.3*849.3*0
REF*PO*0020050507
REF*ST*04244
REF*DP*043
DTM*999*20050506
RMR*IK*424420050507*PI*1730.05*1730.05*0
REF*PO*0020050508
REF*ST*04244
REF*DP*043
DTM*999*20050507
RMR*IK*424420050508*PI*1403.86*1403.86*0
REF*PO*0020050509
REF*ST*04244
REF*DP*043
DTM*999*20050508
RMR*IK*424420050509*PI*697.42*697.42*0
REF*PO*0020050510
REF*ST*04244
REF*DP*043
DTM*999*20050509
RMR*IK*424420050510*PI*803.43*803.43*0
REF*PO*0020050511
REF*ST*04244
REF*DP*043
DTM*999*20050510
RMR*IK*424420050511*PI*1188.6*1188.6*0
REF*PO*0020050512
REF*ST*04244
REF*DP*043
DTM*999*20050511
RMR*IK*430820050505*PI*256.83*256.83*0
REF*PO*0020050506
REF*ST*04308
REF*DP*043
DTM*999*20050505
RMR*IK*430820050506*PI*485.59*485.59*0
REF*PO*0020050507
REF*ST*04308
REF*DP*043
DTM*999*20050506
RMR*IK*430820050507*PI*499.64*499.64*0
REF*PO*0020050508
REF*ST*04308
REF*DP*043
DTM*999*20050507
RMR*IK*430820050508*PI*368.5*368.5*0
REF*PO*0020050509
REF*ST*04308
REF*DP*043
DTM*999*20050508
RMR*IK*430820050509*PI*226.37*226.37*0
REF*PO*0020050510
REF*ST*04308
REF*DP*043
DTM*999*20050509
RMR*IK*430820050510*PI*206.92*206.92*0
REF*PO*0020050511
REF*ST*04308
REF*DP*043
DTM*999*20050510
RMR*IK*430820050511*PI*112.2*112.2*0
REF*PO*0020050512
REF*ST*04308
REF*DP*043
DTM*999*20050511
RMR*IK*431220050505*PI*305.28*305.28*0
REF*PO*0020050506
REF*ST*04312
REF*DP*043
DTM*999*20050505
RMR*IK*431220050506*PI*635.39*635.39*0
REF*PO*0020050507
REF*ST*04312
REF*DP*043
DTM*999*20050506
RMR*IK*431220050507*PI*928.71*928.71*0
REF*PO*0020050508
REF*ST*04312
REF*DP*043
DTM*999*20050507
RMR*IK*431220050508*PI*574.44*574.44*0
REF*PO*0020050509
REF*ST*04312
REF*DP*043
DTM*999*20050508
RMR*IK*431220050509*PI*190.42*190.42*0
REF*PO*0020050510
REF*ST*04312
REF*DP*043
DTM*999*20050509
RMR*IK*431220050510*PI*276.02*276.02*0
REF*PO*0020050511
REF*ST*04312
REF*DP*043
DTM*999*20050510
RMR*IK*431220050511*PI*215.6*215.6*0
REF*PO*0020050512
REF*ST*04312
REF*DP*043
DTM*999*20050511
RMR*IK*447520050505*PI*176.9*176.9*0
REF*PO*0020050506
REF*ST*04475
REF*DP*043
DTM*999*20050505
RMR*IK*447520050506*PI*868.19*868.19*0
REF*PO*0020050507
REF*ST*04475
REF*DP*043
DTM*999*20050506
RMR*IK*447520050507*PI*1470.98*1470.98*0
REF*PO*0020050508
REF*ST*04475
REF*DP*043
DTM*999*20050507
RMR*IK*447520050508*PI*666.46*666.46*0
REF*PO*0020050509
REF*ST*04475
REF*DP*043
DTM*999*20050508
RMR*IK*447520050509*PI*860.38*860.38*0
REF*PO*0020050510
REF*ST*04475
REF*DP*043
DTM*999*20050509
RMR*IK*447520050510*PI*532.23*532.23*0
REF*PO*0020050511
REF*ST*04475
REF*DP*043
DTM*999*20050510
RMR*IK*447520050511*PI*445.65*445.65*0
REF*PO*0020050512
REF*ST*04475
REF*DP*043
DTM*999*20050511
RMR*IK*471720050505*PI*559.81*559.81*0
REF*PO*0020050506
REF*ST*04717
REF*DP*043
DTM*999*20050505
RMR*IK*471720050506*PI*941.44*941.44*0
REF*PO*0020050507
REF*ST*04717
REF*DP*043
DTM*999*20050506
RMR*IK*471720050507*PI*2513.31*2513.31*0
REF*PO*0020050508
REF*ST*04717
REF*DP*043
DTM*999*20050507
RMR*IK*471720050508*PI*1498.18*1498.18*0
REF*PO*0020050509
REF*ST*04717
REF*DP*043
DTM*999*20050508
RMR*IK*471720050509*PI*974.44*974.44*0
REF*PO*0020050510
REF*ST*04717
REF*DP*043
DTM*999*20050509
RMR*IK*471720050510*PI*445.89*445.89*0
REF*PO*0020050511
REF*ST*04717
REF*DP*043
DTM*999*20050510
RMR*IK*471720050511*PI*710.75*710.75*0
REF*PO*0020050512
REF*ST*04717
REF*DP*043
DTM*999*20050511
RMR*IK*471920050505*PI*370.6*370.6*0
REF*PO*0020050506
REF*ST*04719
REF*DP*043
DTM*999*20050505
RMR*IK*471920050506*PI*912.91*912.91*0
REF*PO*0020050507
REF*ST*04719
REF*DP*043
DTM*999*20050506
RMR*IK*471920050507*PI*2318.28*2318.28*0
REF*PO*0020050508
REF*ST*04719
REF*DP*043
DTM*999*20050507
RMR*IK*471920050508*PI*1433.94*1433.94*0
REF*PO*0020050509
REF*ST*04719
REF*DP*043
DTM*999*20050508
RMR*IK*471920050509*PI*775.4*775.4*0
REF*PO*0020050510
REF*ST*04719
REF*DP*043
DTM*999*20050509
RMR*IK*471920050510*PI*676.53*676.53*0
REF*PO*0020050511
REF*ST*04719
REF*DP*043
DTM*999*20050510
RMR*IK*471920050511*PI*293.4*293.4*0
REF*PO*0020050512
REF*ST*04719
REF*DP*043
DTM*999*20050511
RMR*IK*473920050505*PI*297.8*297.8*0
REF*PO*0020050506
REF*ST*04739
REF*DP*043
DTM*999*20050505
RMR*IK*473920050506*PI*457.21*457.21*0
REF*PO*0020050507
REF*ST*04739
REF*DP*043
DTM*999*20050506
RMR*IK*473920050507*PI*731.31*731.31*0
REF*PO*0020050508
REF*ST*04739
REF*DP*043
DTM*999*20050507
RMR*IK*473920050508*PI*583.48*583.48*0
REF*PO*0020050509
REF*ST*04739
REF*DP*043
DTM*999*20050508
RMR*IK*473920050509*PI*275.49*275.49*0
REF*PO*0020050510
REF*ST*04739
REF*DP*043
DTM*999*20050509
RMR*IK*473920050510*PI*256.5*256.5*0
REF*PO*0020050511
REF*ST*04739
REF*DP*043
DTM*999*20050510
RMR*IK*473920050511*PI*160.45*160.45*0
REF*PO*0020050512
REF*ST*04739
REF*DP*043
DTM*999*20050511
RMR*IK*475320050505*PI*278.21*278.21*0
REF*PO*0020050506
REF*ST*04753
REF*DP*043
DTM*999*20050505
RMR*IK*475320050506*PI*771.12*771.12*0
REF*PO*0020050507
REF*ST*04753
REF*DP*043
DTM*999*20050506
RMR*IK*475320050507*PI*1052.08*1052.08*0
REF*PO*0020050508
REF*ST*04753
REF*DP*043
DTM*999*20050507
RMR*IK*475320050508*PI*914.91*914.91*0
REF*PO*0020050509
REF*ST*04753
REF*DP*043
DTM*999*20050508
RMR*IK*475320050509*PI*416.99*416.99*0
REF*PO*0020050510
REF*ST*04753
REF*DP*043
DTM*999*20050509
RMR*IK*475320050510*PI*363.86*363.86*0
REF*PO*0020050511
REF*ST*04753
REF*DP*043
DTM*999*20050510
RMR*IK*475320050511*PI*390.22*390.22*0
REF*PO*0020050512
REF*ST*04753
REF*DP*043
DTM*999*20050511
RMR*IK*476020050505*PI*527.35*527.35*0
REF*PO*0020050506
REF*ST*04760
REF*DP*043
DTM*999*20050505
RMR*IK*476020050506*PI*433.42*433.42*0
REF*PO*0020050507
REF*ST*04760
REF*DP*043
DTM*999*20050506
RMR*IK*476020050507*PI*992.13*992.13*0
REF*PO*0020050508
REF*ST*04760
REF*DP*043
DTM*999*20050507
RMR*IK*476020050508*PI*592.9*592.9*0
REF*PO*0020050509
REF*ST*04760
REF*DP*043
DTM*999*20050508
RMR*IK*476020050509*PI*214.87*214.87*0
REF*PO*0020050510
REF*ST*04760
REF*DP*043
DTM*999*20050509
RMR*IK*476020050510*PI*254.59*254.59*0
REF*PO*0020050511
REF*ST*04760
REF*DP*043
DTM*999*20050510
RMR*IK*476020050511*PI*118.9*118.9*0
REF*PO*0020050512
REF*ST*04760
REF*DP*043
DTM*999*20050511
RMR*IK*476920050505*PI*208.13*208.13*0
REF*PO*0020050506
REF*ST*04769
REF*DP*043
DTM*999*20050505
RMR*IK*476920050506*PI*632.6*632.6*0
REF*PO*0020050507
REF*ST*04769
REF*DP*043
DTM*999*20050506
RMR*IK*476920050507*PI*1114.47*1114.47*0
REF*PO*0020050508
REF*ST*04769
REF*DP*043
DTM*999*20050507
RMR*IK*476920050508*PI*775.41*775.41*0
REF*PO*0020050509
REF*ST*04769
REF*DP*043
DTM*999*20050508
RMR*IK*476920050509*PI*319.78*319.78*0
REF*PO*0020050510
REF*ST*04769
REF*DP*043
DTM*999*20050509
RMR*IK*476920050510*PI*303.21*303.21*0
REF*PO*0020050511
REF*ST*04769
REF*DP*043
DTM*999*20050510
RMR*IK*476920050511*PI*191.05*191.05*0
REF*PO*0020050512
REF*ST*04769
REF*DP*043
DTM*999*20050511
RMR*IK*481720050505*PI*428.12*428.12*0
REF*PO*0020050506
REF*ST*04817
REF*DP*043
DTM*999*20050505
RMR*IK*481720050506*PI*408.65*408.65*0
REF*PO*0020050507
REF*ST*04817
REF*DP*043
DTM*999*20050506
RMR*IK*481720050507*PI*709.81*709.81*0
REF*PO*0020050508
REF*ST*04817
REF*DP*043
DTM*999*20050507
RMR*IK*481720050508*PI*404.63*404.63*0
REF*PO*0020050509
REF*ST*04817
REF*DP*043
DTM*999*20050508
RMR*IK*481720050509*PI*232.04*232.04*0
REF*PO*0020050510
REF*ST*04817
REF*DP*043
DTM*999*20050509
RMR*IK*481720050510*PI*240.83*240.83*0
REF*PO*0020050511
REF*ST*04817
REF*DP*043
DTM*999*20050510
RMR*IK*481720050511*PI*208.15*208.15*0
REF*PO*0020050512
REF*ST*04817
REF*DP*043
DTM*999*20050511
RMR*IK*483520050505*PI*93.27*93.27*0
REF*PO*0020050506
REF*ST*04835
REF*DP*043
DTM*999*20050505
RMR*IK*483520050506*PI*288.28*288.28*0
REF*PO*0020050507
REF*ST*04835
REF*DP*043
DTM*999*20050506
RMR*IK*483520050507*PI*582.81*582.81*0
REF*PO*0020050508
REF*ST*04835
REF*DP*043
DTM*999*20050507
RMR*IK*483520050508*PI*464.88*464.88*0
REF*PO*0020050509
REF*ST*04835
REF*DP*043
DTM*999*20050508
RMR*IK*483520050509*PI*152.06*152.06*0
REF*PO*0020050510
REF*ST*04835
REF*DP*043
DTM*999*20050509
RMR*IK*483520050510*PI*183.04*183.04*0
REF*PO*0020050511
REF*ST*04835
REF*DP*043
DTM*999*20050510
RMR*IK*483520050511*PI*145.25*145.25*0
REF*PO*0020050512
REF*ST*04835
REF*DP*043
DTM*999*20050511
RMR*IK*488320050505*PI*290.78*290.78*0
REF*PO*0020050506
REF*ST*04883
REF*DP*043
DTM*999*20050505
RMR*IK*488320050506*PI*541.3*541.3*0
REF*PO*0020050507
REF*ST*04883
REF*DP*043
DTM*999*20050506
RMR*IK*488320050507*PI*802.25*802.25*0
REF*PO*0020050508
REF*ST*04883
REF*DP*043
DTM*999*20050507
RMR*IK*488320050508*PI*613.61*613.61*0
REF*PO*0020050509
REF*ST*04883
REF*DP*043
DTM*999*20050508
RMR*IK*488320050509*PI*146.59*146.59*0
REF*PO*0020050510
REF*ST*04883
REF*DP*043
DTM*999*20050509
RMR*IK*488320050510*PI*375.86*375.86*0
REF*PO*0020050511
REF*ST*04883
REF*DP*043
DTM*999*20050510
RMR*IK*488320050511*PI*191.7*191.7*0
REF*PO*0020050512
REF*ST*04883
REF*DP*043
DTM*999*20050511
RMR*IK*489820050505*PI*83.41*83.41*0
REF*PO*0020050506
REF*ST*04898
REF*DP*043
DTM*999*20050505
RMR*IK*489820050506*PI*293.8*293.8*0
REF*PO*0020050507
REF*ST*04898
REF*DP*043
DTM*999*20050506
RMR*IK*489820050507*PI*528.48*528.48*0
REF*PO*0020050508
REF*ST*04898
REF*DP*043
DTM*999*20050507
RMR*IK*489820050508*PI*627.9*627.9*0
REF*PO*0020050509
REF*ST*04898
REF*DP*043
DTM*999*20050508
RMR*IK*489820050509*PI*195.62*195.62*0
REF*PO*0020050510
REF*ST*04898
REF*DP*043
DTM*999*20050509
RMR*IK*489820050510*PI*144.72*144.72*0
REF*PO*0020050511
REF*ST*04898
REF*DP*043
DTM*999*20050510
RMR*IK*489820050511*PI*186.4*186.4*0
REF*PO*0020050512
REF*ST*04898
REF*DP*043
DTM*999*20050511
RMR*IK*496820050505*PI*455.32*455.32*0
REF*PO*0020050506
REF*ST*04968
REF*DP*043
DTM*999*20050505
RMR*IK*496820050506*PI*672.85*672.85*0
REF*PO*0020050507
REF*ST*04968
REF*DP*043
DTM*999*20050506
RMR*IK*496820050507*PI*946.03*946.03*0
REF*PO*0020050508
REF*ST*04968
REF*DP*043
DTM*999*20050507
RMR*IK*496820050508*PI*527.12*527.12*0
REF*PO*0020050509
REF*ST*04968
REF*DP*043
DTM*999*20050508
RMR*IK*496820050509*PI*296.77*296.77*0
REF*PO*0020050510
REF*ST*04968
REF*DP*043
DTM*999*20050509
RMR*IK*496820050510*PI*456.1*456.1*0
REF*PO*0020050511
REF*ST*04968
REF*DP*043
DTM*999*20050510
RMR*IK*496820050511*PI*298*298*0
REF*PO*0020050512
REF*ST*04968
REF*DP*043
DTM*999*20050511
RMR*IK*496920050505*PI*248.65*248.65*0
REF*PO*0020050506
REF*ST*04969
REF*DP*043
DTM*999*20050505
RMR*IK*496920050506*PI*431.18*431.18*0
REF*PO*0020050507
REF*ST*04969
REF*DP*043
DTM*999*20050506
RMR*IK*496920050507*PI*753.71*753.71*0
REF*PO*0020050508
REF*ST*04969
REF*DP*043
DTM*999*20050507
RMR*IK*496920050508*PI*653.26*653.26*0
REF*PO*0020050509
REF*ST*04969
REF*DP*043
DTM*999*20050508
RMR*IK*496920050509*PI*201.52*201.52*0
REF*PO*0020050510
REF*ST*04969
REF*DP*043
DTM*999*20050509
RMR*IK*496920050510*PI*322.61*322.61*0
REF*PO*0020050511
REF*ST*04969
REF*DP*043
DTM*999*20050510
RMR*IK*496920050511*PI*136.7*136.7*0
REF*PO*0020050512
REF*ST*04969
REF*DP*043
DTM*999*20050511
RMR*IK*497020050505*PI*655.4*655.4*0
REF*PO*0020050506
REF*ST*04970
REF*DP*043
DTM*999*20050505
RMR*IK*497020050506*PI*675.57*675.57*0
REF*PO*0020050507
REF*ST*04970
REF*DP*043
DTM*999*20050506
RMR*IK*497020050507*PI*126.28*126.28*0
REF*PO*0020050509
REF*ST*04970
REF*DP*043
DTM*999*20050507
RMR*IK*497020050507*PI*1026.21*1026.21*0
REF*PO*0020050508
REF*ST*04970
REF*DP*043
DTM*999*20050507
RMR*IK*497020050508*PI*716.34*716.34*0
REF*PO*0020050509
REF*ST*04970
REF*DP*043
DTM*999*20050508
RMR*IK*497020050509*PI*293.85*293.85*0
REF*PO*0020050510
REF*ST*04970
REF*DP*043
DTM*999*20050509
RMR*IK*497020050510*PI*483.42*483.42*0
REF*PO*0020050511
REF*ST*04970
REF*DP*043
DTM*999*20050510
RMR*IK*497020050511*PI*326.2*326.2*0
REF*PO*0020050512
REF*ST*04970
REF*DP*043
DTM*999*20050511
RMR*IK*704520050505*PI*370.48*370.48*0
REF*PO*0020050506
REF*ST*07045
REF*DP*043
DTM*999*20050505
RMR*IK*704520050506*PI*371.11*371.11*0
REF*PO*0020050507
REF*ST*07045
REF*DP*043
DTM*999*20050506
RMR*IK*704520050507*PI*505.78*505.78*0
REF*PO*0020050508
REF*ST*07045
REF*DP*043
DTM*999*20050507
RMR*IK*704520050508*PI*592.28*592.28*0
REF*PO*0020050509
REF*ST*07045
REF*DP*043
DTM*999*20050508
RMR*IK*704520050509*PI*156.57*156.57*0
REF*PO*0020050510
REF*ST*07045
REF*DP*043
DTM*999*20050509
RMR*IK*704520050510*PI*191.25*191.25*0
REF*PO*0020050511
REF*ST*07045
REF*DP*043
DTM*999*20050510
RMR*IK*704520050511*PI*214.8*214.8*0
REF*PO*0020050512
REF*ST*07045
REF*DP*043
DTM*999*20050511
RMR*IK*705920050505*PI*184.13*184.13*0
REF*PO*0020050506
REF*ST*07059
REF*DP*043
DTM*999*20050505
RMR*IK*705920050506*PI*300.49*300.49*0
REF*PO*0020050507
REF*ST*07059
REF*DP*043
DTM*999*20050506
RMR*IK*705920050507*PI*339.12*339.12*0
REF*PO*0020050508
REF*ST*07059
REF*DP*043
DTM*999*20050507
RMR*IK*705920050508*PI*196.33*196.33*0
REF*PO*0020050509
REF*ST*07059
REF*DP*043
DTM*999*20050508
RMR*IK*705920050509*PI*152.66*152.66*0
REF*PO*0020050510
REF*ST*07059
REF*DP*043
DTM*999*20050509
RMR*IK*705920050510*PI*137.83*137.83*0
REF*PO*0020050511
REF*ST*07059
REF*DP*043
DTM*999*20050510
RMR*IK*705920050511*PI*142.85*142.85*0
REF*PO*0020050512
REF*ST*07059
REF*DP*043
DTM*999*20050511
RMR*IK*706420050505*PI*49.02*49.02*0
REF*PO*0020050506
REF*ST*07064
REF*DP*043
DTM*999*20050505
RMR*IK*706420050506*PI*267.89*267.89*0
REF*PO*0020050507
REF*ST*07064
REF*DP*043
DTM*999*20050506
RMR*IK*706420050507*PI*651.08*651.08*0
REF*PO*0020050508
REF*ST*07064
REF*DP*043
DTM*999*20050507
RMR*IK*706420050508*PI*437.33*437.33*0
REF*PO*0020050509
REF*ST*07064
REF*DP*043
DTM*999*20050508
RMR*IK*706420050509*PI*173.13*173.13*0
REF*PO*0020050510
REF*ST*07064
REF*DP*043
DTM*999*20050509
RMR*IK*706420050510*PI*122.78*122.78*0
REF*PO*0020050511
REF*ST*07064
REF*DP*043
DTM*999*20050510
RMR*IK*706420050511*PI*140.85*140.85*0
REF*PO*0020050512
REF*ST*07064
REF*DP*043
DTM*999*20050511
RMR*IK*706620050505*PI*413.38*413.38*0
REF*PO*0020050506
REF*ST*07066
REF*DP*043
DTM*999*20050505
RMR*IK*706620050506*PI*610.7*610.7*0
REF*PO*0020050507
REF*ST*07066
REF*DP*043
DTM*999*20050506
RMR*IK*706620050507*PI*1038.35*1038.35*0
REF*PO*0020050508
REF*ST*07066
REF*DP*043
DTM*999*20050507
RMR*IK*706620050508*PI*597.49*597.49*0
REF*PO*0020050509
REF*ST*07066
REF*DP*043
DTM*999*20050508
RMR*IK*706620050509*PI*337.77*337.77*0
REF*PO*0020050510
REF*ST*07066
REF*DP*043
DTM*999*20050509
RMR*IK*706620050510*PI*299.55*299.55*0
REF*PO*0020050511
REF*ST*07066
REF*DP*043
DTM*999*20050510
RMR*IK*706620050511*PI*283.05*283.05*0
REF*PO*0020050512
REF*ST*07066
REF*DP*043
DTM*999*20050511
RMR*IK*706920050505*PI*135.74*135.74*0
REF*PO*0020050506
REF*ST*07069
REF*DP*043
DTM*999*20050505
RMR*IK*706920050506*PI*631.17*631.17*0
REF*PO*0020050507
REF*ST*07069
REF*DP*043
DTM*999*20050506
RMR*IK*706920050507*PI*1348.26*1348.26*0
REF*PO*0020050508
REF*ST*07069
REF*DP*043
DTM*999*20050507
RMR*IK*706920050508*PI*883.88*883.88*0
REF*PO*0020050509
REF*ST*07069
REF*DP*043
DTM*999*20050508
RMR*IK*706920050509*PI*590.84*590.84*0
REF*PO*0020050510
REF*ST*07069
REF*DP*043
DTM*999*20050509
RMR*IK*706920050510*PI*204.66*204.66*0
REF*PO*0020050511
REF*ST*07069
REF*DP*043
DTM*999*20050510
RMR*IK*706920050511*PI*346.35*346.35*0
REF*PO*0020050512
REF*ST*07069
REF*DP*043
DTM*999*20050511
RMR*IK*707620050505*PI*457.66*457.66*0
REF*PO*0020050506
REF*ST*07076
REF*DP*043
DTM*999*20050505
RMR*IK*707620050506*PI*572.5*572.5*0
REF*PO*0020050507
REF*ST*07076
REF*DP*043
DTM*999*20050506
RMR*IK*707620050507*PI*1224.64*1224.64*0
REF*PO*0020050508
REF*ST*07076
REF*DP*043
DTM*999*20050507
RMR*IK*707620050508*PI*1127.68*1127.68*0
REF*PO*0020050509
REF*ST*07076
REF*DP*043
DTM*999*20050508
RMR*IK*707620050509*PI*405.05*405.05*0
REF*PO*0020050510
REF*ST*07076
REF*DP*043
DTM*999*20050509
RMR*IK*707620050510*PI*473.69*473.69*0
REF*PO*0020050511
REF*ST*07076
REF*DP*043
DTM*999*20050510
RMR*IK*707620050511*PI*257.55*257.55*0
REF*PO*0020050512
REF*ST*07076
REF*DP*043
DTM*999*20050511
RMR*IK*713220050505*PI*441*441*0
REF*PO*0020050506
REF*ST*07132
REF*DP*043
DTM*999*20050505
RMR*IK*713220050506*PI*777.61*777.61*0
REF*PO*0020050507
REF*ST*07132
REF*DP*043
DTM*999*20050506
RMR*IK*713220050507*PI*1436.29*1436.29*0
REF*PO*0020050508
REF*ST*07132
REF*DP*043
DTM*999*20050507
RMR*IK*713220050508*PI*789.65*789.65*0
REF*PO*0020050509
REF*ST*07132
REF*DP*043
DTM*999*20050508
RMR*IK*713220050509*PI*555.68*555.68*0
REF*PO*0020050510
REF*ST*07132
REF*DP*043
DTM*999*20050509
RMR*IK*713220050510*PI*368.54*368.54*0
REF*PO*0020050511
REF*ST*07132
REF*DP*043
DTM*999*20050510
RMR*IK*713220050511*PI*261.55*261.55*0
REF*PO*0020050512
REF*ST*07132
REF*DP*043
DTM*999*20050511
RMR*IK*714620050505*PI*178.7*178.7*0
REF*PO*0020050506
REF*ST*07146
REF*DP*043
DTM*999*20050505
RMR*IK*714620050506*PI*249.58*249.58*0
REF*PO*0020050507
REF*ST*07146
REF*DP*043
DTM*999*20050506
RMR*IK*714620050507*PI*684.94*684.94*0
REF*PO*0020050508
REF*ST*07146
REF*DP*043
DTM*999*20050507
RMR*IK*714620050508*PI*518.6*518.6*0
REF*PO*0020050509
REF*ST*07146
REF*DP*043
DTM*999*20050508
RMR*IK*714620050509*PI*331.09*331.09*0
REF*PO*0020050510
REF*ST*07146
REF*DP*043
DTM*999*20050509
RMR*IK*714620050510*PI*297.96*297.96*0
REF*PO*0020050511
REF*ST*07146
REF*DP*043
DTM*999*20050510
RMR*IK*714620050511*PI*265.35*265.35*0
REF*PO*0020050512
REF*ST*07146
REF*DP*043
DTM*999*20050511
RMR*IK*715420050505*PI*316*316*0
REF*PO*0020050506
REF*ST*07154
REF*DP*043
DTM*999*20050505
RMR*IK*715420050506*PI*859.51*859.51*0
REF*PO*0020050507
REF*ST*07154
REF*DP*043
DTM*999*20050506
RMR*IK*715420050507*PI*1406.7*1406.7*0
REF*PO*0020050508
REF*ST*07154
REF*DP*043
DTM*999*20050507
RMR*IK*715420050508*PI*902.67*902.67*0
REF*PO*0020050509
REF*ST*07154
REF*DP*043
DTM*999*20050508
RMR*IK*715420050509*PI*492.86*492.86*0
REF*PO*0020050510
REF*ST*07154
REF*DP*043
DTM*999*20050509
RMR*IK*715420050510*PI*465.09*465.09*0
REF*PO*0020050511
REF*ST*07154
REF*DP*043
DTM*999*20050510
RMR*IK*715420050511*PI*203.05*203.05*0
REF*PO*0020050512
REF*ST*07154
REF*DP*043
DTM*999*20050511
RMR*IK*718420050505*PI*437.98*437.98*0
REF*PO*0020050506
REF*ST*07184
REF*DP*043
DTM*999*20050505
RMR*IK*718420050506*PI*639.84*639.84*0
REF*PO*0020050507
REF*ST*07184
REF*DP*043
DTM*999*20050506
RMR*IK*718420050507*PI*1535.17*1535.17*0
REF*PO*0020050508
REF*ST*07184
REF*DP*043
DTM*999*20050507
RMR*IK*718420050508*PI*1002.85*1002.85*0
REF*PO*0020050509
REF*ST*07184
REF*DP*043
DTM*999*20050508
RMR*IK*718420050509*PI*603.75*603.75*0
REF*PO*0020050510
REF*ST*07184
REF*DP*043
DTM*999*20050509
RMR*IK*718420050510*PI*770.02*770.02*0
REF*PO*0020050511
REF*ST*07184
REF*DP*043
DTM*999*20050510
RMR*IK*718420050511*PI*548.25*548.25*0
REF*PO*0020050512
REF*ST*07184
REF*DP*043
DTM*999*20050511
RMR*IK*725520050505*PI*767.71*767.71*0
REF*PO*0020050506
REF*ST*07255
REF*DP*043
DTM*999*20050505
RMR*IK*725520050506*PI*1153.15*1153.15*0
REF*PO*0020050507
REF*ST*07255
REF*DP*043
DTM*999*20050506
RMR*IK*725520050507*PI*2082.5*2082.5*0
REF*PO*0020050508
REF*ST*07255
REF*DP*043
DTM*999*20050507
RMR*IK*725520050508*PI*1444.65*1444.65*0
REF*PO*0020050509
REF*ST*07255
REF*DP*043
DTM*999*20050508
RMR*IK*725520050509*PI*740.08*740.08*0
REF*PO*0020050510
REF*ST*07255
REF*DP*043
DTM*999*20050509
RMR*IK*725520050510*PI*1345.58*1345.58*0
REF*PO*0020050511
REF*ST*07255
REF*DP*043
DTM*999*20050510
RMR*IK*725520050511*PI*825.66*825.66*0
REF*PO*0020050512
REF*ST*07255
REF*DP*043
DTM*999*20050511
RMR*IK*735820050505*PI*854.99*854.99*0
REF*PO*0020050506
REF*ST*07358
REF*DP*043
DTM*999*20050505
RMR*IK*735820050506*PI*1171.14*1171.14*0
REF*PO*0020050507
REF*ST*07358
REF*DP*043
DTM*999*20050506
RMR*IK*735820050507*PI*1745.86*1745.86*0
REF*PO*0020050508
REF*ST*07358
REF*DP*043
DTM*999*20050507
RMR*IK*735820050508*PI*1629.93*1629.93*0
REF*PO*0020050509
REF*ST*07358
REF*DP*043
DTM*999*20050508
RMR*IK*735820050509*PI*472.66*472.66*0
REF*PO*0020050510
REF*ST*07358
REF*DP*043
DTM*999*20050509
RMR*IK*735820050510*PI*538.05*538.05*0
REF*PO*0020050511
REF*ST*07358
REF*DP*043
DTM*999*20050510
RMR*IK*735820050511*PI*495.75*495.75*0
REF*PO*0020050512
REF*ST*07358
REF*DP*043
DTM*999*20050511
RMR*IK*736220050505*PI*87.52*87.52*0
REF*PO*0020050506
REF*ST*07362
REF*DP*043
DTM*999*20050505
RMR*IK*736220050506*PI*462.52*462.52*0
REF*PO*0020050507
REF*ST*07362
REF*DP*043
DTM*999*20050506
RMR*IK*736220050507*PI*766.42*766.42*0
REF*PO*0020050508
REF*ST*07362
REF*DP*043
DTM*999*20050507
RMR*IK*736220050508*PI*484.66*484.66*0
REF*PO*0020050509
REF*ST*07362
REF*DP*043
DTM*999*20050508
RMR*IK*736220050509*PI*233.71*233.71*0
REF*PO*0020050510
REF*ST*07362
REF*DP*043
DTM*999*20050509
RMR*IK*736220050510*PI*360.46*360.46*0
REF*PO*0020050511
REF*ST*07362
REF*DP*043
DTM*999*20050510
RMR*IK*736220050511*PI*179.65*179.65*0
REF*PO*0020050512
REF*ST*07362
REF*DP*043
DTM*999*20050511
RMR*IK*743720050505*PI*65.09*65.09*0
REF*PO*0020050506
REF*ST*07437
REF*DP*043
DTM*999*20050505
RMR*IK*743720050506*PI*348.1*348.1*0
REF*PO*0020050507
REF*ST*07437
REF*DP*043
DTM*999*20050506
RMR*IK*743720050507*PI*587.41*587.41*0
REF*PO*0020050508
REF*ST*07437
REF*DP*043
DTM*999*20050507
RMR*IK*743720050508*PI*556.52*556.52*0
REF*PO*0020050509
REF*ST*07437
REF*DP*043
DTM*999*20050508
RMR*IK*743720050509*PI*199.32*199.32*0
REF*PO*0020050510
REF*ST*07437
REF*DP*043
DTM*999*20050509
RMR*IK*743720050510*PI*141.57*141.57*0
REF*PO*0020050511
REF*ST*07437
REF*DP*043
DTM*999*20050510
RMR*IK*743720050511*PI*103.05*103.05*0
REF*PO*0020050512
REF*ST*07437
REF*DP*043
DTM*999*20050511
RMR*IK*746020050505*PI*176.62*176.62*0
REF*PO*0020050506
REF*ST*07460
REF*DP*043
DTM*999*20050505
RMR*IK*746020050506*PI*640.6*640.6*0
REF*PO*0020050507
REF*ST*07460
REF*DP*043
DTM*999*20050506
RMR*IK*746020050507*PI*1387.92*1387.92*0
REF*PO*0020050508
REF*ST*07460
REF*DP*043
DTM*999*20050507
RMR*IK*746020050508*PI*663.61*663.61*0
REF*PO*0020050509
REF*ST*07460
REF*DP*043
DTM*999*20050508
RMR*IK*746020050509*PI*376.9*376.9*0
REF*PO*0020050510
REF*ST*07460
REF*DP*043
DTM*999*20050509
RMR*IK*746020050510*PI*401.76*401.76*0
REF*PO*0020050511
REF*ST*07460
REF*DP*043
DTM*999*20050510
RMR*IK*746020050511*PI*471.25*471.25*0
REF*PO*0020050512
REF*ST*07460
REF*DP*043
DTM*999*20050511
RMR*IK*746120050505*PI*228.41*228.41*0
REF*PO*0020050506
REF*ST*07461
REF*DP*043
DTM*999*20050505
RMR*IK*746120050506*PI*646.91*646.91*0
REF*PO*0020050507
REF*ST*07461
REF*DP*043
DTM*999*20050506
RMR*IK*746120050507*PI*923.14*923.14*0
REF*PO*0020050508
REF*ST*07461
REF*DP*043
DTM*999*20050507
RMR*IK*746120050508*PI*856.19*856.19*0
REF*PO*0020050509
REF*ST*07461
REF*DP*043
DTM*999*20050508
RMR*IK*746120050509*PI*307.45*307.45*0
REF*PO*0020050510
REF*ST*07461
REF*DP*043
DTM*999*20050509
RMR*IK*746120050510*PI*259.06*259.06*0
REF*PO*0020050511
REF*ST*07461
REF*DP*043
DTM*999*20050510
RMR*IK*746120050511*PI*241.25*241.25*0
REF*PO*0020050512
REF*ST*07461
REF*DP*043
DTM*999*20050511
RMR*IK*760720050505*PI*359.51*359.51*0
REF*PO*0020050506
REF*ST*07607
REF*DP*043
DTM*999*20050505
RMR*IK*760720050506*PI*1213.93*1213.93*0
REF*PO*0020050507
REF*ST*07607
REF*DP*043
DTM*999*20050506
RMR*IK*760720050507*PI*2283.29*2283.29*0
REF*PO*0020050508
REF*ST*07607
REF*DP*043
DTM*999*20050507
RMR*IK*760720050508*PI*1527.69*1527.69*0
REF*PO*0020050509
REF*ST*07607
REF*DP*043
DTM*999*20050508
RMR*IK*760720050509*PI*658.74*658.74*0
REF*PO*0020050510
REF*ST*07607
REF*DP*043
DTM*999*20050509
RMR*IK*760720050510*PI*825.65*825.65*0
REF*PO*0020050511
REF*ST*07607
REF*DP*043
DTM*999*20050510
RMR*IK*760720050511*PI*429.45*429.45*0
REF*PO*0020050512
REF*ST*07607
REF*DP*043
DTM*999*20050511
RMR*IK*761020050505*PI*183.64*183.64*0
REF*PO*0020050506
REF*ST*07610
REF*DP*043
DTM*999*20050505
RMR*IK*761020050506*PI*463.53*463.53*0
REF*PO*0020050507
REF*ST*07610
REF*DP*043
DTM*999*20050506
RMR*IK*761020050507*PI*1289.12*1289.12*0
REF*PO*0020050508
REF*ST*07610
REF*DP*043
DTM*999*20050507
RMR*IK*761020050508*PI*786.7*786.7*0
REF*PO*0020050509
REF*ST*07610
REF*DP*043
DTM*999*20050508
RMR*IK*761020050509*PI*332.41*332.41*0
REF*PO*0020050510
REF*ST*07610
REF*DP*043
DTM*999*20050509
RMR*IK*761020050510*PI*193.97*193.97*0
REF*PO*0020050511
REF*ST*07610
REF*DP*043
DTM*999*20050510
RMR*IK*761020050511*PI*243.5*243.5*0
REF*PO*0020050512
REF*ST*07610
REF*DP*043
DTM*999*20050511
RMR*IK*762920050505*PI*186.29*186.29*0
REF*PO*0020050506
REF*ST*07629
REF*DP*043
DTM*999*20050505
RMR*IK*762920050506*PI*653.68*653.68*0
REF*PO*0020050507
REF*ST*07629
REF*DP*043
DTM*999*20050506
RMR*IK*762920050507*PI*1011.86*1011.86*0
REF*PO*0020050508
REF*ST*07629
REF*DP*043
DTM*999*20050507
RMR*IK*762920050508*PI*665.37*665.37*0
REF*PO*0020050509
REF*ST*07629
REF*DP*043
DTM*999*20050508
RMR*IK*762920050509*PI*385.54*385.54*0
REF*PO*0020050510
REF*ST*07629
REF*DP*043
DTM*999*20050509
RMR*IK*762920050510*PI*267.23*267.23*0
REF*PO*0020050511
REF*ST*07629
REF*DP*043
DTM*999*20050510
RMR*IK*762920050511*PI*196.1*196.1*0
REF*PO*0020050512
REF*ST*07629
REF*DP*043
DTM*999*20050511
RMR*IK*763720050505*PI*98.06*98.06*0
REF*PO*0020050506
REF*ST*07637
REF*DP*043
DTM*999*20050505
RMR*IK*763720050506*PI*163.31*163.31*0
REF*PO*0020050507
REF*ST*07637
REF*DP*043
DTM*999*20050506
RMR*IK*763720050507*PI*582.5*582.5*0
REF*PO*0020050508
REF*ST*07637
REF*DP*043
DTM*999*20050507
RMR*IK*763720050508*PI*469.36*469.36*0
REF*PO*0020050509
REF*ST*07637
REF*DP*043
DTM*999*20050508
RMR*IK*763720050509*PI*364.72*364.72*0
REF*PO*0020050510
REF*ST*07637
REF*DP*043
DTM*999*20050509
RMR*IK*763720050510*PI*310.42*310.42*0
REF*PO*0020050511
REF*ST*07637
REF*DP*043
DTM*999*20050510
RMR*IK*763720050511*PI*199.9*199.9*0
REF*PO*0020050512
REF*ST*07637
REF*DP*043
DTM*999*20050511
RMR*IK*771820050505*PI*531.44*531.44*0
REF*PO*0020050506
REF*ST*07718
REF*DP*043
DTM*999*20050505
RMR*IK*771820050506*PI*1522.25*1522.25*0
REF*PO*0020050507
REF*ST*07718
REF*DP*043
DTM*999*20050506
RMR*IK*771820050507*PI*2657.06*2657.06*0
REF*PO*0020050508
REF*ST*07718
REF*DP*043
DTM*999*20050507
RMR*IK*771820050508*PI*1568.73*1568.73*0
REF*PO*0020050509
REF*ST*07718
REF*DP*043
DTM*999*20050508
RMR*IK*771820050509*PI*1303.88*1303.88*0
REF*PO*0020050510
REF*ST*07718
REF*DP*043
DTM*999*20050509
RMR*IK*771820050510*PI*623.99*623.99*0
REF*PO*0020050511
REF*ST*07718
REF*DP*043
DTM*999*20050510
RMR*IK*771820050511*PI*619.65*619.65*0
REF*PO*0020050512
REF*ST*07718
REF*DP*043
DTM*999*20050511
RMR*IK*771920050505*PI*288.8*288.8*0
REF*PO*0020050506
REF*ST*07719
REF*DP*043
DTM*999*20050505
RMR*IK*771920050506*PI*219.43*219.43*0
REF*PO*0020050507
REF*ST*07719
REF*DP*043
DTM*999*20050506
RMR*IK*771920050507*PI*903.7*903.7*0
REF*PO*0020050508
REF*ST*07719
REF*DP*043
DTM*999*20050507
RMR*IK*771920050508*PI*530.24*530.24*0
REF*PO*0020050509
REF*ST*07719
REF*DP*043
DTM*999*20050508
RMR*IK*771920050509*PI*286.94*286.94*0
REF*PO*0020050510
REF*ST*07719
REF*DP*043
DTM*999*20050509
RMR*IK*771920050510*PI*225.26*225.26*0
REF*PO*0020050511
REF*ST*07719
REF*DP*043
DTM*999*20050510
RMR*IK*771920050511*PI*178.95*178.95*0
REF*PO*0020050512
REF*ST*07719
REF*DP*043
DTM*999*20050511
RMR*IK*912120050530*PI*-11*-11*0
REF*PO*0020050531
REF*ST*09121
REF*DP*043
DTM*999*20050530
RMR*IK*912120050602*PI*-.75*-.75*0
REF*PO*0020050603
REF*ST*09121
REF*DP*043
DTM*999*20050602
RMR*IK*956020050505*PI*253.42*253.42*0
REF*PO*0020050506
REF*ST*09560
REF*DP*043
DTM*999*20050505
RMR*IK*956020050506*PI*283.66*283.66*0
REF*PO*0020050507
REF*ST*09560
REF*DP*043
DTM*999*20050506
RMR*IK*956020050507*PI*436.41*436.41*0
REF*PO*0020050508
REF*ST*09560
REF*DP*043
DTM*999*20050507
RMR*IK*956020050508*PI*318.11*318.11*0
REF*PO*0020050509
REF*ST*09560
REF*DP*043
DTM*999*20050508
RMR*IK*956020050509*PI*153.9*153.9*0
REF*PO*0020050510
REF*ST*09560
REF*DP*043
DTM*999*20050509
RMR*IK*956020050510*PI*170.06*170.06*0
REF*PO*0020050511
REF*ST*09560
REF*DP*043
DTM*999*20050510
RMR*IK*956020050511*PI*118.9*118.9*0
REF*PO*0020050512
REF*ST*09560
REF*DP*043
DTM*999*20050511
RMR*IK*957120050505*PI*145.38*145.38*0
REF*PO*0020050506
REF*ST*09571
REF*DP*043
DTM*999*20050505
RMR*IK*957120050506*PI*145.37*145.37*0
REF*PO*0020050507
REF*ST*09571
REF*DP*043
DTM*999*20050506
RMR*IK*957120050507*PI*511.51*511.51*0
REF*PO*0020050508
REF*ST*09571
REF*DP*043
DTM*999*20050507
RMR*IK*957120050508*PI*116.66*116.66*0
REF*PO*0020050509
REF*ST*09571
REF*DP*043
DTM*999*20050508
RMR*IK*957120050509*PI*115.95*115.95*0
REF*PO*0020050510
REF*ST*09571
REF*DP*043
DTM*999*20050509
RMR*IK*957120050510*PI*62.1*62.1*0
REF*PO*0020050511
REF*ST*09571
REF*DP*043
DTM*999*20050510
RMR*IK*957120050511*PI*48.25*48.25*0
REF*PO*0020050512
REF*ST*09571
REF*DP*043
DTM*999*20050511
RMR*IK*962020050505*PI*292.45*292.45*0
REF*PO*0020050506
REF*ST*09620
REF*DP*043
DTM*999*20050505
RMR*IK*962020050506*PI*709.64*709.64*0
REF*PO*0020050507
REF*ST*09620
REF*DP*043
DTM*999*20050506
RMR*IK*962020050507*PI*1377.99*1377.99*0
REF*PO*0020050508
REF*ST*09620
REF*DP*043
DTM*999*20050507
RMR*IK*962020050508*PI*1233.48*1233.48*0
REF*PO*0020050509
REF*ST*09620
REF*DP*043
DTM*999*20050508
RMR*IK*962020050509*PI*483.36*483.36*0
REF*PO*0020050510
REF*ST*09620
REF*DP*043
DTM*999*20050509
RMR*IK*962020050510*PI*455.14*455.14*0
REF*PO*0020050511
REF*ST*09620
REF*DP*043
DTM*999*20050510
RMR*IK*962020050511*PI*285.3*285.3*0
REF*PO*0020050512
REF*ST*09620
REF*DP*043
DTM*999*20050511
RMR*IK*962120050505*PI*691.47*691.47*0
REF*PO*0020050506
REF*ST*09621
REF*DP*043
DTM*999*20050505
RMR*IK*962120050506*PI*1136.83*1136.83*0
REF*PO*0020050507
REF*ST*09621
REF*DP*043
DTM*999*20050506
RMR*IK*962120050507*PI*1958.84*1958.84*0
REF*PO*0020050508
REF*ST*09621
REF*DP*043
DTM*999*20050507
RMR*IK*962120050508*PI*1283.55*1283.55*0
REF*PO*0020050509
REF*ST*09621
REF*DP*043
DTM*999*20050508
RMR*IK*962120050509*PI*549.4*549.4*0
REF*PO*0020050510
REF*ST*09621
REF*DP*043
DTM*999*20050509
RMR*IK*962120050510*PI*450.71*450.71*0
REF*PO*0020050511
REF*ST*09621
REF*DP*043
DTM*999*20050510
RMR*IK*962120050511*PI*861.45*861.45*0
REF*PO*0020050512
REF*ST*09621
REF*DP*043
DTM*999*20050511
RMR*IK*962220050505*PI*149.46*149.46*0
REF*PO*0020050506
REF*ST*09622
REF*DP*043
DTM*999*20050505
RMR*IK*962220050506*PI*263.17*263.17*0
REF*PO*0020050507
REF*ST*09622
REF*DP*043
DTM*999*20050506
RMR*IK*962220050507*PI*679.8*679.8*0
REF*PO*0020050508
REF*ST*09622
REF*DP*043
DTM*999*20050507
RMR*IK*962220050508*PI*192.97*192.97*0
REF*PO*0020050509
REF*ST*09622
REF*DP*043
DTM*999*20050508
RMR*IK*962220050509*PI*132.4*132.4*0
REF*PO*0020050510
REF*ST*09622
REF*DP*043
DTM*999*20050509
RMR*IK*962220050510*PI*154.49*154.49*0
REF*PO*0020050511
REF*ST*09622
REF*DP*043
DTM*999*20050510
RMR*IK*962220050511*PI*39.95*39.95*0
REF*PO*0020050512
REF*ST*09622
REF*DP*043
DTM*999*20050511
RMR*IK*962520050505*PI*77.69*77.69*0
REF*PO*0020050506
REF*ST*09625
REF*DP*043
DTM*999*20050505
RMR*IK*962520050506*PI*386.03*386.03*0
REF*PO*0020050507
REF*ST*09625
REF*DP*043
DTM*999*20050506
RMR*IK*962520050507*PI*660.2*660.2*0
REF*PO*0020050508
REF*ST*09625
REF*DP*043
DTM*999*20050507
RMR*IK*962520050508*PI*444.09*444.09*0
REF*PO*0020050509
REF*ST*09625
REF*DP*043
DTM*999*20050508
RMR*IK*962520050509*PI*149.5*149.5*0
REF*PO*0020050510
REF*ST*09625
REF*DP*043
DTM*999*20050509
RMR*IK*962520050510*PI*190.42*190.42*0
REF*PO*0020050511
REF*ST*09625
REF*DP*043
DTM*999*20050510
RMR*IK*962520050511*PI*67.95*67.95*0
REF*PO*0020050512
REF*ST*09625
REF*DP*043
DTM*999*20050511
RMR*IK*962920050505*PI*211.97*211.97*0
REF*PO*0020050506
REF*ST*09629
REF*DP*043
DTM*999*20050505
RMR*IK*962920050506*PI*521.97*521.97*0
REF*PO*0020050507
REF*ST*09629
REF*DP*043
DTM*999*20050506
RMR*IK*962920050507*PI*945.2*945.2*0
REF*PO*0020050508
REF*ST*09629
REF*DP*043
DTM*999*20050507
RMR*IK*962920050508*PI*465.34*465.34*0
REF*PO*0020050509
REF*ST*09629
REF*DP*043
DTM*999*20050508
RMR*IK*962920050509*PI*276.2*276.2*0
REF*PO*0020050510
REF*ST*09629
REF*DP*043
DTM*999*20050509
RMR*IK*962920050510*PI*191.22*191.22*0
REF*PO*0020050511
REF*ST*09629
REF*DP*043
DTM*999*20050510
RMR*IK*962920050511*PI*204.05*204.05*0
REF*PO*0020050512
REF*ST*09629
REF*DP*043
DTM*999*20050511
RMR*IK*963320050505*PI*797.98*797.98*0
REF*PO*0020050506
REF*ST*09633
REF*DP*043
DTM*999*20050505
RMR*IK*963320050506*PI*1283.99*1283.99*0
REF*PO*0020050507
REF*ST*09633
REF*DP*043
DTM*999*20050506
RMR*IK*963320050507*PI*2382.63*2382.63*0
REF*PO*0020050508
REF*ST*09633
REF*DP*043
DTM*999*20050507
RMR*IK*963320050508*PI*1871.08*1871.08*0
REF*PO*0020050509
REF*ST*09633
REF*DP*043
DTM*999*20050508
RMR*IK*963320050509*PI*780.43*780.43*0
REF*PO*0020050510
REF*ST*09633
REF*DP*043
DTM*999*20050509
RMR*IK*963320050510*PI*848.63*848.63*0
REF*PO*0020050511
REF*ST*09633
REF*DP*043
DTM*999*20050510
RMR*IK*963320050511*PI*509.1*509.1*0
REF*PO*0020050512
REF*ST*09633
REF*DP*043
DTM*999*20050511
RMR*IK*963920050505*PI*133.71*133.71*0
REF*PO*0020050506
REF*ST*09639
REF*DP*043
DTM*999*20050505
RMR*IK*963920050506*PI*157.56*157.56*0
REF*PO*0020050507
REF*ST*09639
REF*DP*043
DTM*999*20050506
RMR*IK*963920050507*PI*373.82*373.82*0
REF*PO*0020050508
REF*ST*09639
REF*DP*043
DTM*999*20050507
RMR*IK*963920050508*PI*417.28*417.28*0
REF*PO*0020050509
REF*ST*09639
REF*DP*043
DTM*999*20050508
RMR*IK*963920050509*PI*126.42*126.42*0
REF*PO*0020050510
REF*ST*09639
REF*DP*043
DTM*999*20050509
RMR*IK*963920050510*PI*210.14*210.14*0
REF*PO*0020050511
REF*ST*09639
REF*DP*043
DTM*999*20050510
RMR*IK*963920050511*PI*160.65*160.65*0
REF*PO*0020050512
REF*ST*09639
REF*DP*043
DTM*999*20050511
RMR*IK*964820050505*PI*999.76*999.76*0
REF*PO*0020050506
REF*ST*09648
REF*DP*043
DTM*999*20050505
RMR*IK*964820050506*PI*1574.21*1574.21*0
REF*PO*0020050507
REF*ST*09648
REF*DP*043
DTM*999*20050506
RMR*IK*964820050507*PI*2693.23*2693.23*0
REF*PO*0020050508
REF*ST*09648
REF*DP*043
DTM*999*20050507
RMR*IK*964820050508*PI*1424.35*1424.35*0
REF*PO*0020050509
REF*ST*09648
REF*DP*043
DTM*999*20050508
RMR*IK*964820050509*PI*613.37*613.37*0
REF*PO*0020050510
REF*ST*09648
REF*DP*043
DTM*999*20050509
RMR*IK*964820050510*PI*812.71*812.71*0
REF*PO*0020050511
REF*ST*09648
REF*DP*043
DTM*999*20050510
RMR*IK*964820050511*PI*620.15*620.15*0
REF*PO*0020050512
REF*ST*09648
REF*DP*043
DTM*999*20050511
RMR*IK*964820050529*PI*-3*-3*0
REF*PO*0020050531
REF*ST*09648
REF*DP*043
DTM*999*20050529
RMR*IK*967420050505*PI*157.21*157.21*0
REF*PO*0020050506
REF*ST*09674
REF*DP*043
DTM*999*20050505
RMR*IK*967420050506*PI*301.3*301.3*0
REF*PO*0020050507
REF*ST*09674
REF*DP*043
DTM*999*20050506
RMR*IK*967420050507*PI*922.92*922.92*0
REF*PO*0020050508
REF*ST*09674
REF*DP*043
DTM*999*20050507
RMR*IK*967420050508*PI*598.79*598.79*0
REF*PO*0020050509
REF*ST*09674
REF*DP*043
DTM*999*20050508
RMR*IK*967420050509*PI*374.07*374.07*0
REF*PO*0020050510
REF*ST*09674
REF*DP*043
DTM*999*20050509
RMR*IK*967420050510*PI*284.89*284.89*0
REF*PO*0020050511
REF*ST*09674
REF*DP*043
DTM*999*20050510
RMR*IK*967420050511*PI*285.5*285.5*0
REF*PO*0020050512
REF*ST*09674
REF*DP*043
DTM*999*20050511
RMR*IK*972820050505*PI*465.62*465.62*0
REF*PO*0020050506
REF*ST*09728
REF*DP*043
DTM*999*20050505
RMR*IK*972820050506*PI*557.55*557.55*0
REF*PO*0020050507
REF*ST*09728
REF*DP*043
DTM*999*20050506
RMR*IK*972820050507*PI*791.28*791.28*0
REF*PO*0020050508
REF*ST*09728
REF*DP*043
DTM*999*20050507
RMR*IK*972820050508*PI*619.03*619.03*0
REF*PO*0020050509
REF*ST*09728
REF*DP*043
DTM*999*20050508
RMR*IK*972820050509*PI*313.55*313.55*0
REF*PO*0020050510
REF*ST*09728
REF*DP*043
DTM*999*20050509
RMR*IK*972820050510*PI*285.57*285.57*0
REF*PO*0020050511
REF*ST*09728
REF*DP*043
DTM*999*20050510
RMR*IK*972820050511*PI*315.5*315.5*0
REF*PO*0020050512
REF*ST*09728
REF*DP*043
DTM*999*20050511
RMR*IK*973520050505*PI*139.3*139.3*0
REF*PO*0020050506
REF*ST*09735
REF*DP*043
DTM*999*20050505
RMR*IK*973520050506*PI*404.82*404.82*0
REF*PO*0020050507
REF*ST*09735
REF*DP*043
DTM*999*20050506
RMR*IK*973520050507*PI*532.43*532.43*0
REF*PO*0020050508
REF*ST*09735
REF*DP*043
DTM*999*20050507
RMR*IK*973520050508*PI*352.98*352.98*0
REF*PO*0020050509
REF*ST*09735
REF*DP*043
DTM*999*20050508
RMR*IK*973520050509*PI*348.89*348.89*0
REF*PO*0020050510
REF*ST*09735
REF*DP*043
DTM*999*20050509
RMR*IK*973520050510*PI*240.83*240.83*0
REF*PO*0020050511
REF*ST*09735
REF*DP*043
DTM*999*20050510
RMR*IK*973520050511*PI*243.95*243.95*0
REF*PO*0020050512
REF*ST*09735
REF*DP*043
DTM*999*20050511
RMR*IK*975820050505*PI*446.69*446.69*0
REF*PO*0020050506
REF*ST*09758
REF*DP*043
DTM*999*20050505
RMR*IK*975820050506*PI*1150.6*1150.6*0
REF*PO*0020050507
REF*ST*09758
REF*DP*043
DTM*999*20050506
RMR*IK*975820050507*PI*1627.03*1627.03*0
REF*PO*0020050508
REF*ST*09758
REF*DP*043
DTM*999*20050507
RMR*IK*975820050508*PI*1151.36*1151.36*0
REF*PO*0020050509
REF*ST*09758
REF*DP*043
DTM*999*20050508
RMR*IK*975820050509*PI*349.48*349.48*0
REF*PO*0020050510
REF*ST*09758
REF*DP*043
DTM*999*20050509
RMR*IK*975820050510*PI*243.84*243.84*0
REF*PO*0020050511
REF*ST*09758
REF*DP*043
DTM*999*20050510
RMR*IK*975820050511*PI*192.35*192.35*0
REF*PO*0020050512
REF*ST*09758
REF*DP*043
DTM*999*20050511
RMR*IK*981820050505*PI*405.82*405.82*0
REF*PO*0020050506
REF*ST*09818
REF*DP*043
DTM*999*20050505
RMR*IK*981820050506*PI*546.98*546.98*0
REF*PO*0020050507
REF*ST*09818
REF*DP*043
DTM*999*20050506
RMR*IK*981820050507*PI*748.19*748.19*0
REF*PO*0020050508
REF*ST*09818
REF*DP*043
DTM*999*20050507
RMR*IK*981820050508*PI*631.15*631.15*0
REF*PO*0020050509
REF*ST*09818
REF*DP*043
DTM*999*20050508
RMR*IK*981820050509*PI*235.59*235.59*0
REF*PO*0020050510
REF*ST*09818
REF*DP*043
DTM*999*20050509
RMR*IK*981820050510*PI*211.84*211.84*0
REF*PO*0020050511
REF*ST*09818
REF*DP*043
DTM*999*20050510
RMR*IK*981820050511*PI*244.3*244.3*0
REF*PO*0020050512
REF*ST*09818
REF*DP*043
DTM*999*20050511
SE*3124*000000001
GE*1*100193
IEA*1*000100284
ISA*00*          *00*          *09*006985290AC    *12*6154525825     *050607*0443*U*00400*000000745*0*P*>
GS*PD*006985290AC*6154525825*20050607*04432016*122*X*004010
ST*852*000000001
XQ*H*20050607
N9*AD*T00000040
LIN**CB*970657110*ZZ*43*UP*831664000842*****DG*1*VS*00000
ZA*QS***006*20050606
CTP**UCP*3
SDQ*EA*ZZ*3083*3*3143*2*3602*1*3644*2*3685*3*3703*1*3713*1*4033*1*4093*1*4244*7
SDQ*EA*ZZ*4312*2*4475*5*4717*9*4898*3*7069*3*7132*2*7184*4*7460*1*7629*9*7719*2
SDQ*EA*ZZ*9621*4*9633*2*9639*1*9648*17*9728*2
ZA*QS***006*20050606
CTP**UCP*5.5
SDQ*EA*ZZ*7255*2
LIN**CB*970657110*ZZ*43*UP*831664000842*****DG*3*VS*00000
ZA*QS***006*20050606
CTP**UCP*3
SDQ*EA*ZZ*3646*1
CTT*2
SE*18*000000001
ST*852*000000002
XQ*H*20050607
N9*AD*T00000040
LIN**CB*970956116*ZZ*43*UP*831664000019*****DG*1*VS*00000
ZA*QS***006*20050606
CTP**UCP*.58
SDQ*EA*ZZ*3063*8*3083*68*3084*84*3143*49*3194*5*3359*13*3408*10*3602*126*3644*74*3646*237
SDQ*EA*ZZ*3660*10*3672*10*3703*165*3715*108*3822*10*3836*36*3848*46*3876*1*3929*7*3931*20
SDQ*EA*ZZ*3966*52*3978*82*3996*163*4071*39*4093*239*4103*299*4213*16*4244*192*4308*18*4312*27
SDQ*EA*ZZ*4475*10*4717*86*4739*11*4760*14*4769*17*4817*2*4835*6*4883*62*4898*5*4970*15
SDQ*EA*ZZ*7045*1*7059*31*7064*2*7069*163*7076*65*7132*109*7146*85*7154*1*7184*162*7358*171
SDQ*EA*ZZ*7437*6*7460*59*7461*43*7607*55*7610*2*7629*30*7718*78*7719*18*9560*90*9571*40
SDQ*EA*ZZ*9620*39*9621*53*9622*9*9625*3*9629*3*9633*180*9648*274*9674*95*9728*103*9735*186
SDQ*EA*ZZ*9758*236*9818*3
ZA*QS***006*20050606
CTP**UCP*1.03
SDQ*EA*ZZ*3103*10*3941*73*4753*21*7255*95
LIN**CB*970956116*ZZ*43*UP*831664000019*****DG*2*VS*00000
ZA*QS***006*20050606
CTP**UCP*.58
SDQ*EA*ZZ*7066*8
LIN**CB*970956116*ZZ*43*UP*831664000019*****DG*3*VS*00000
ZA*QS***006*20050606
CTP**UCP*.58
SDQ*EA*ZZ*7362*54*7637*84
LIN**CB*970956116*ZZ*43*UP*831664000019*****DG*4*VS*00000
ZA*QS***006*20050606
CTP**UCP*.58
SDQ*EA*ZZ*4970*1*7358*4
CTT*4
SE*31*000000002
ST*852*000000003
XQ*H*20050607
N9*AD*T00000040
LIN**CB*970957114*ZZ*43*UP*831664000255*****DG*1*VS*00000
ZA*QS***006*20050606
CTP**UCP*.58
SDQ*EA*ZZ*3063*2*3083*5*3602*8*3644*3*3660*1*3715*17*3848*8*3931*8*3966*5*4071*2
SDQ*EA*ZZ*4093*6*4103*13*4308*3*4717*10*4970*3*7069*21*7132*7*7154*6*7184*4*7358*2
SDQ*EA*ZZ*7437*5*7607*5*7629*12*7718*2*9560*3*9625*3*9648*18*9758*20*9818*6
ZA*QS***006*20050606
CTP**UCP*.75
SDQ*EA*ZZ*3103*1*4753*4*7255*11
LIN**CB*970957114*ZZ*43*UP*831664000255*****DG*2*VS*00000
ZA*QS***006*20050606
CTP**UCP*.58
SDQ*EA*ZZ*7066*18
CTT*2
SE*18*000000003
ST*852*000000004
XQ*H*20050607
N9*AD*T00000040
LIN**CB*970958112*ZZ*43*UP*831664000699*****DG*1*VS*00000
ZA*QS***006*20050606
CTP**UCP*.58
SDQ*EA*ZZ*3194*2*7718*2*9571*4*9818*11
ZA*QS***006*20050606
CTP**UCP*.75
SDQ*EA*ZZ*3941*3*7255*1
CTT*1
SE*12*000000004
ST*852*000000005
XQ*H*20050607
N9*AD*T00000040
LIN**CB*970959110*ZZ*43*UP*831664000675*****DG*1*VS*00000
ZA*QS***006*20050606
CTP**UCP*1.25
SDQ*EA*ZZ*3143*7*3194*1*3644*5*3660*3*3715*2*3822*18*3836*3*3966*2*4244*2*4308*4
SDQ*EA*ZZ*4312*1*4475*1*4719*2*4739*2*4968*2*4970*1*7146*14*7184*3*7358*4*7460*1
SDQ*EA*ZZ*7607*1*7629*7*7718*4*7719*6*9633*2*9818*1
ZA*QS***006*20050606
CTP**UCP*1.85
SDQ*EA*ZZ*3103*1*7255*15
LIN**CB*970959110*ZZ*43*UP*831664000675*****DG*2*VS*00000
ZA*QS***006*20050606
CTP**UCP*1.25
SDQ*EA*ZZ*7066*3
LIN**CB*970959110*ZZ*43*UP*831664000675*****DG*8*VS*00000
ZA*QS***006*20050606
CTP**UCP*1.25
SDQ*EA*ZZ*4717*1
CTT*3
SE*22*000000005
ST*852*000000006
XQ*H*20050607
N9*AD*T00000040
LIN**CB*970960118*ZZ*43*UP*831664000682*****DG*1*VS*00000
ZA*QS***006*20050606
CTP**UCP*1.25
SDQ*EA*ZZ*3063*8*3083*11*3084*18*3143*5*3194*6*3602*2*3644*20*3646*1*3660*3*3672*6
SDQ*EA*ZZ*3703*61*3715*9*3822*2*3836*1*3848*14*3966*4*3996*3*4071*16*4093*27*4103*8
SDQ*EA*ZZ*4213*2*4244*1*4308*3*4312*15*4475*2*4717*11*4719*2*4769*7*4817*4*4835*9
SDQ*EA*ZZ*4883*4*4898*1*4968*6*4970*50*7045*1*7064*1*7069*2*7146*1*7154*8*7184*3
SDQ*EA*ZZ*7358*5*7437*3*7460*5*7607*18*7637*11*7718*3*9560*2*9571*3*9620*5*9625*7
SDQ*EA*ZZ*9629*8*9633*13*9648*11*9674*1*9728*9*9818*4
ZA*QS***006*20050606
CTP**UCP*1.35
SDQ*EA*ZZ*4753*1*7255*16
LIN**CB*970960118*ZZ*43*UP*831664000682*****DG*2*VS*00000
ZA*QS***006*20050606
CTP**UCP*1.25
SDQ*EA*ZZ*4969*3*7066*2
LIN**CB*970960118*ZZ*43*UP*831664000682*****DG*3*VS*00000
ZA*QS***006*20050606
CTP**UCP*1.25
SDQ*EA*ZZ*7362*16
LIN**CB*970960118*ZZ*43*UP*831664000682*****DG*9*VS*00000
ZA*QS***006*20050606
CTP**UCP*1.25
SDQ*EA*ZZ*3978*12
CTT*4
SE*29*000000006
ST*852*000000007
XQ*H*20050607
N9*AD*T00000040
LIN**CB*970961116*ZZ*43*UP*831664000330*****DG*1*VS*00000
ZA*QS***006*20050606
CTP**UCP*1.25
SDQ*EA*ZZ*3063*3*3083*1*3084*31*3143*9*3602*6*3672*1*3685*2*3703*4*3715*5*3822*4
SDQ*EA*ZZ*3836*2*3848*6*3929*1*3966*3*3978*33*3996*1*4071*3*4093*25*4103*21*4244*7
SDQ*EA*ZZ*4308*1*4312*13*4475*2*4717*25*4739*1*4769*1*4817*3*4883*20*4898*2*4968*5
SDQ*EA*ZZ*4970*7*7069*10*7076*3*7132*9*7146*36*7154*2*7184*20*7358*56*7437*1*7460*7
SDQ*EA*ZZ*7607*22*7629*1*7637*10*7718*6*9571*5*9620*12*9621*27*9633*1*9648*9*9674*9
SDQ*EA*ZZ*9728*11*9735*18*9758*2
ZA*QS***006*20050606
CTP**UCP*1.85
SDQ*EA*ZZ*7255*4
LIN**CB*970961116*ZZ*43*UP*831664000330*****DG*2*VS*00000
ZA*QS***006*20050606
CTP**UCP*1.25
SDQ*EA*ZZ*7066*1
LIN**CB*970961116*ZZ*43*UP*831664000330*****DG*3*VS*00000
ZA*QS***006*20050606
CTP**UCP*1.25
SDQ*EA*ZZ*7362*8
CTT*3
SE*25*000000007
ST*852*000000008
XQ*H*20050607
N9*AD*T00000040
LIN**CB*970962114*ZZ*43*UP*831664000941*****DG*1*VS*00000
ZA*QS***006*20050606
CTP**UCP*1.25
SDQ*EA*ZZ*3083*4*3143*8*3602*7*3646*1*3672*1*3703*6*3836*2*3848*6*3876*2*3966*10
SDQ*EA*ZZ*3996*4*4071*2*4093*6*4103*1*4312*1*4760*6*4769*5*4835*4*4970*1*7069*4
SDQ*EA*ZZ*7076*3*7132*3*7146*16*7154*3*7184*3*7358*4*7460*1*7607*4*7629*1*7637*3
SDQ*EA*ZZ*7719*4*9560*4*9648*4*9728*2*9735*8*9818*3
ZA*QS***006*20050606
CTP**UCP*2.25
SDQ*EA*ZZ*7255*5
LIN**CB*970962114*ZZ*43*UP*831664000941*****DG*3*VS*00000
ZA*QS***006*20050606
CTP**UCP*1.25
SDQ*EA*ZZ*7362*12
CTT*2
SE*19*000000008
ST*852*000000009
XQ*H*20050607
N9*AD*T00000040
LIN**CB*970963112*ZZ*43*UP*831664000743*****DG*1*VS*00000
ZA*QS***006*20050606
CTP**UCP*2.85
SDQ*EA*ZZ*3063*2*3083*8*3103*1*3143*5*3194*2*3646*6*3685*5*3822*2*3931*3*3941*6
SDQ*EA*ZZ*3966*3*3996*2*4033*3*4071*10*4093*8*4103*3*4213*1*4244*2*4308*1*4717*6
SDQ*EA*ZZ*4739*2*4760*1*4817*1*4835*6*4898*1*4968*11*4970*16*7059*3*7066*2*7069*3
SDQ*EA*ZZ*7076*4*7132*2*7184*4*7255*13*7358*10*7362*5*7461*3*7629*2*7637*1*7719*15
SDQ*EA*ZZ*9620*4*9621*2*9625*1*9629*4*9633*4*9648*8*9728*3*9818*2
LIN**CB*970963112*ZZ*43*UP*831664000743*****DG*5*VS*00000
ZA*QS***006*20050606
CTP**UCP*2.85
SDQ*EA*ZZ*3644*2*7461*2*9674*2
CTT*2
SE*17*000000009
ST*852*000000010
XQ*H*20050607
N9*AD*T00000040
LIN**CB*970964110*ZZ*43*UP*831664000453*****DG*1*VS*00000
ZA*QS***006*20050605
CTP**UCP*3
SDQ*EA*ZZ*3359*5
ZA*QS***006*20050605
CTP**UCP*4.5
SDQ*EA*ZZ*3941*-1
ZA*QS***006*20050606
CTP**UCP*3
SDQ*EA*ZZ*3063*2*3083*4*3084*1*3143*8*3348*3*3359*7*3602*8*3644*2*3672*2*3685*2
SDQ*EA*ZZ*3703*4*3713*1*3715*1*3822*1*3836*8*3848*13*3876*1*3966*2*3996*3*4071*4
SDQ*EA*ZZ*4213*1*4244*6*4308*1*4312*1*4475*5*4717*3*4769*1*4817*1*4835*2*4968*2
SDQ*EA*ZZ*7045*5*7059*1*7069*3*7076*1*7132*8*7146*1*7184*3*7358*3*7437*3*7607*3
SDQ*EA*ZZ*7610*1*7629*1*7718*12*7719*3*9560*2*9620*2*9621*1*9625*8*9633*6*9648*2
SDQ*EA*ZZ*9758*3*9818*2
ZA*QS***006*20050606
CTP**UCP*4.5
SDQ*EA*ZZ*3103*4*3941*1*4753*1*7255*4
LIN**CB*970964110*ZZ*43*UP*831664000453*****DG*2*VS*00000
ZA*QS***006*20050606
CTP**UCP*3
SDQ*EA*ZZ*7066*1
LIN**CB*970964110*ZZ*43*UP*831664000453*****DG*3*VS*00000
ZA*QS***006*20050606
CTP**UCP*3
SDQ*EA*ZZ*3646*11
LIN**CB*970964110*ZZ*43*UP*831664000453*****DG*5*VS*00000
ZA*QS***006*20050606
CTP**UCP*3
SDQ*EA*ZZ*7184*-2*9674*2
CTT*4
SE*35*000000010
ST*852*000000011
XQ*H*20050607
N9*AD*T00000040
LIN**CB*970965117*ZZ*43*UP*831664000460*****DG*1*VS*00000
ZA*QS***006*20050606
CTP**UCP*3
SDQ*EA*ZZ*3063*1*3083*6*3194*2*3408*3*3644*9*3685*4*3703*7*3836*3*3848*1*3996*5
SDQ*EA*ZZ*4033*1*4071*1*4093*11*4103*4*4244*8*4308*1*4475*8*4717*5*4739*1*4760*6
SDQ*EA*ZZ*4769*3*4883*4*4898*3*7059*2*7069*16*7076*1*7132*10*7146*2*7184*9*7358*1
SDQ*EA*ZZ*7461*1*7607*8*7629*3*7718*47*7719*1*9560*6*9571*2*9621*7*9629*1*9633*14
SDQ*EA*ZZ*9648*7*9728*2*9735*2*9818*2
ZA*QS***006*20050606
CTP**UCP*5.5
SDQ*EA*ZZ*3103*1*3941*2*7255*2
LIN**CB*970965117*ZZ*43*UP*831664000460*****DG*2*VS*00000
ZA*QS***006*20050606
CTP**UCP*3
SDQ*EA*ZZ*7066*6
LIN**CB*970965117*ZZ*43*UP*831664000460*****DG*3*VS*00000
ZA*QS***006*20050606
CTP**UCP*3
SDQ*EA*ZZ*3646*1*7362*2
LIN**CB*970965117*ZZ*43*UP*831664000460*****DG*5*VS*00000
ZA*QS***006*20050606
CTP**UCP*5.5
SDQ*EA*ZZ*9121*-2
CTT*4
SE*28*000000011
ST*852*000000012
XQ*H*20050607
N9*AD*T00000040
LIN**CB*970967113*ZZ*43*UP*831664000484*****DG*1*VS*00000
ZA*QS***006*20050606
CTP**UCP*7.5
SDQ*EA*ZZ*3941*2*4719*1*7460*1*9621*1
CTT*1
SE*9*000000012
ST*852*000000013
XQ*H*20050607
N9*AD*T00000040
LIN**CB*970969119*ZZ*43*UP*831664000491*****DG*1*VS*00000
ZA*QS***006*20050606
CTP**UCP*8.5
SDQ*EA*ZZ*4717*1
CTT*1
SE*9*000000013
ST*852*000000014
XQ*H*20050607
N9*AD*T00000040
LIN**CB*970970117*ZZ*43*UP*831664000859*****DG*1*VS*00000
ZA*QS***006*20050606
CTP**UCP*2.4
SDQ*EA*ZZ*3083*1*3084*1*3143*2*3348*5*3602*2*3646*5*3660*1*3685*3*3703*1*3715*12
SDQ*EA*ZZ*3836*2*3848*3*3996*23*4093*4*4103*19*4244*1*4312*7*4475*10*4739*2*4883*3
SDQ*EA*ZZ*7066*2*7069*2*7076*5*7132*2*7255*11*7460*3*7607*20*7629*3*7637*3*9560*1
SDQ*EA*ZZ*9621*3*9633*7*9648*18*9728*5*9735*6
CTT*1
SE*12*000000014
ST*852*000000015
XQ*H*20050607
N9*AD*T00000040
LIN**CB*970971115*ZZ*43*UP*831664000781*****DG*1*VS*00000
ZA*QS***006*20050606
CTP**UCP*1.95
SDQ*EA*ZZ*4103*1*4244*2*7255*3*7718*2*9818*1
CTT*1
SE*9*000000015
ST*852*000000016
XQ*H*20050607
N9*AD*T00000040
LIN**CB*970972113*ZZ*43*UP*831664000651*****DG*1*VS*00000
ZA*QS***006*20050606
CTP**UCP*1.35
SDQ*EA*ZZ*4071*2*9629*1*9818*1
CTT*1
SE*9*000000016
ST*852*000000017
XQ*H*20050607
N9*AD*T00000040
LIN**CB*970987111*ZZ*43*UP*831664001030*****DG*1*VS*00000
ZA*QS***006*20050606
CTP**UCP*3.25
SDQ*EA*ZZ*3836*1
CTT*1
SE*9*000000017
ST*852*000000018
XQ*H*20050607
N9*AD*T00000040
LIN**CB*974551111*ZZ*43*UP*831664001061*****DG*1*VS*00000
ZA*QS***006*20050606
CTP**UCP*2.4
SDQ*EA*ZZ*3063*2*3083*7*3103*1*3143*1*3703*2*3715*1*3822*2*3941*2*3996*1*4071*2
SDQ*EA*ZZ*4093*3*4103*3*4308*3*4717*11*4753*2*4817*1*4883*2*4968*1*7059*1*7076*1
SDQ*EA*ZZ*7132*1*7184*15*7255*13*7358*3*7362*1*7460*1*7461*8*7607*6*7629*12*9571*2
SDQ*EA*ZZ*9620*1*9621*2*9625*10*9629*1*9633*3*9648*4*9728*5*9758*2
CTT*1
SE*12*000000018
GE*18*122
IEA*1*000000745
*** SUPERTRACS READY FOR INPUT
