ISA*00*          *00*          *09*006985290EFT   *12*6154525825     *051107*1440*U*00400*000100306*0*P*>
GS*RA*006985290EFT*6154525825*20051107*14404679*100215*X*004010
ST*820*000000001
BPR*I*41422.48*C*ACH*CCP*01*021000018*DA*0300955622*9008965873**01*064102601*DA*3000289*20051108*VEN
TRN*3*770146882*9008965873
DTM*097*20051107
N1*PR*KMART CORPORATION*1*008965873
N1*PE*YOUNGS FARMS*92*00069099588
N1*SE*YOUNGS FARMS*92*00069099588
ENT*1
RMR*IK*306320051006*PI*43.54*43.54*0
REF*PO*0020051007
REF*ST*03063
REF*DP*043
DTM*999*20051006
RMR*IK*306320051007*PI*34.21*34.21*0
REF*PO*0020051008
REF*ST*03063
REF*DP*043
DTM*999*20051007
RMR*IK*306320051008*PI*80*80*0
REF*PO*0020051009
REF*ST*03063
REF*DP*043
DTM*999*20051008
RMR*IK*306320051009*PI*38.25*38.25*0
REF*PO*0020051010
REF*ST*03063
REF*DP*043
DTM*999*20051009
RMR*IK*306320051010*PI*50.93*50.93*0
REF*PO*0020051011
REF*ST*03063
REF*DP*043
DTM*999*20051010
RMR*IK*306320051011*PI*49.5*49.5*0
REF*PO*0020051012
REF*ST*03063
REF*DP*043
DTM*999*20051011
RMR*IK*306320051012*PI*87.18*87.18*0
REF*PO*0020051013
REF*ST*03063
REF*DP*043
DTM*999*20051012
RMR*IK*308320051006*PI*36.34*36.34*0
REF*PO*0020051007
REF*ST*03083
REF*DP*043
DTM*999*20051006
RMR*IK*308320051007*PI*66.3*66.3*0
REF*PO*0020051008
REF*ST*03083
REF*DP*043
DTM*999*20051007
RMR*IK*308320051008*PI*104.8*104.8*0
REF*PO*0020051009
REF*ST*03083
REF*DP*043
DTM*999*20051008
RMR*IK*308320051009*PI*59.36*59.36*0
REF*PO*0020051010
REF*ST*03083
REF*DP*043
DTM*999*20051009
RMR*IK*308320051010*PI*88.87*88.87*0
REF*PO*0020051011
REF*ST*03083
REF*DP*043
DTM*999*20051010
RMR*IK*308320051011*PI*41.93*41.93*0
REF*PO*0020051012
REF*ST*03083
REF*DP*043
DTM*999*20051011
RMR*IK*308320051012*PI*100*100*0
REF*PO*0020051013
REF*ST*03083
REF*DP*043
DTM*999*20051012
RMR*IK*308420051006*PI*94.52*94.52*0
REF*PO*0020051007
REF*ST*03084
REF*DP*043
DTM*999*20051006
RMR*IK*308420051007*PI*201.6*201.6*0
REF*PO*0020051008
REF*ST*03084
REF*DP*043
DTM*999*20051007
RMR*IK*308420051008*PI*113.12*113.12*0
REF*PO*0020051009
REF*ST*03084
REF*DP*043
DTM*999*20051008
RMR*IK*308420051009*PI*77.24*77.24*0
REF*PO*0020051010
REF*ST*03084
REF*DP*043
DTM*999*20051009
RMR*IK*308420051010*PI*82.24*82.24*0
REF*PO*0020051011
REF*ST*03084
REF*DP*043
DTM*999*20051010
RMR*IK*308420051011*PI*150.36*150.36*0
REF*PO*0020051012
REF*ST*03084
REF*DP*043
DTM*999*20051011
RMR*IK*308420051012*PI*112.8*112.8*0
REF*PO*0020051013
REF*ST*03084
REF*DP*043
DTM*999*20051012
RMR*IK*310320051006*PI*14.53*14.53*0
REF*PO*0020051007
REF*ST*03103
REF*DP*043
DTM*999*20051006
RMR*IK*310320051007*PI*12.75*12.75*0
REF*PO*0020051008
REF*ST*03103
REF*DP*043
DTM*999*20051007
RMR*IK*310320051008*PI*19.05*19.05*0
REF*PO*0020051009
REF*ST*03103
REF*DP*043
DTM*999*20051008
RMR*IK*310320051011*PI*3.5*3.5*0
REF*PO*0020051012
REF*ST*03103
REF*DP*043
DTM*999*20051011
RMR*IK*313720051006*PI*8.75*8.75*0
REF*PO*0020051007
REF*ST*03137
REF*DP*043
DTM*999*20051006
RMR*IK*313720051007*PI*6.25*6.25*0
REF*PO*0020051008
REF*ST*03137
REF*DP*043
DTM*999*20051007
RMR*IK*313720051009*PI*1.25*1.25*0
REF*PO*0020051010
REF*ST*03137
REF*DP*043
DTM*999*20051009
RMR*IK*313720051010*PI*2.5*2.5*0
REF*PO*0020051011
REF*ST*03137
REF*DP*043
DTM*999*20051010
RMR*IK*314320051006*PI*208.3*208.3*0
REF*PO*0020051007
REF*ST*03143
REF*DP*043
DTM*999*20051006
RMR*IK*314320051007*PI*252.74*252.74*0
REF*PO*0020051008
REF*ST*03143
REF*DP*043
DTM*999*20051007
RMR*IK*314320051008*PI*278.54*278.54*0
REF*PO*0020051009
REF*ST*03143
REF*DP*043
DTM*999*20051008
RMR*IK*314320051009*PI*184.45*184.45*0
REF*PO*0020051010
REF*ST*03143
REF*DP*043
DTM*999*20051009
RMR*IK*314320051010*PI*422.1*422.1*0
REF*PO*0020051011
REF*ST*03143
REF*DP*043
DTM*999*20051010
RMR*IK*314320051011*PI*440.59*440.59*0
REF*PO*0020051012
REF*ST*03143
REF*DP*043
DTM*999*20051011
RMR*IK*314320051012*PI*314.68*314.68*0
REF*PO*0020051013
REF*ST*03143
REF*DP*043
DTM*999*20051012
RMR*IK*319420051008*PI*4.12*4.12*0
REF*PO*0020051009
REF*ST*03194
REF*DP*043
DTM*999*20051008
RMR*IK*319420051009*PI*4.25*4.25*0
REF*PO*0020051010
REF*ST*03194
REF*DP*043
DTM*999*20051009
RMR*IK*319420051010*PI*26.43*26.43*0
REF*PO*0020051011
REF*ST*03194
REF*DP*043
DTM*999*20051010
RMR*IK*319420051011*PI*23.89*23.89*0
REF*PO*0020051012
REF*ST*03194
REF*DP*043
DTM*999*20051011
RMR*IK*319420051012*PI*5.15*5.15*0
REF*PO*0020051013
REF*ST*03194
REF*DP*043
DTM*999*20051012
RMR*IK*324120051006*PI*5*5*0
REF*PO*0020051007
REF*ST*03241
REF*DP*043
DTM*999*20051006
RMR*IK*324120051008*PI*10*10*0
REF*PO*0020051009
REF*ST*03241
REF*DP*043
DTM*999*20051008
RMR*IK*324120051010*PI*8.75*8.75*0
REF*PO*0020051011
REF*ST*03241
REF*DP*043
DTM*999*20051010
RMR*IK*324120051011*PI*1.25*1.25*0
REF*PO*0020051012
REF*ST*03241
REF*DP*043
DTM*999*20051011
RMR*IK*324120051012*PI*5*5*0
REF*PO*0020051013
REF*ST*03241
REF*DP*043
DTM*999*20051012
RMR*IK*334820051006*PI*8.5*8.5*0
REF*PO*0020051007
REF*ST*03348
REF*DP*043
DTM*999*20051006
RMR*IK*334820051007*PI*7.21*7.21*0
REF*PO*0020051008
REF*ST*03348
REF*DP*043
DTM*999*20051007
RMR*IK*334820051008*PI*3.09*3.09*0
REF*PO*0020051009
REF*ST*03348
REF*DP*043
DTM*999*20051008
RMR*IK*334820051009*PI*16.02*16.02*0
REF*PO*0020051010
REF*ST*03348
REF*DP*043
DTM*999*20051009
RMR*IK*334820051010*PI*37.08*37.08*0
REF*PO*0020051011
REF*ST*03348
REF*DP*043
DTM*999*20051010
RMR*IK*334820051012*PI*13.08*13.08*0
REF*PO*0020051013
REF*ST*03348
REF*DP*043
DTM*999*20051012
RMR*IK*335920051006*PI*60.84*60.84*0
REF*PO*0020051007
REF*ST*03359
REF*DP*043
DTM*999*20051006
RMR*IK*335920051007*PI*38.25*38.25*0
REF*PO*0020051008
REF*ST*03359
REF*DP*043
DTM*999*20051007
RMR*IK*335920051008*PI*71.34*71.34*0
REF*PO*0020051009
REF*ST*03359
REF*DP*043
DTM*999*20051008
RMR*IK*335920051009*PI*60.06*60.06*0
REF*PO*0020051010
REF*ST*03359
REF*DP*043
DTM*999*20051009
RMR*IK*335920051010*PI*83.92*83.92*0
REF*PO*0020051011
REF*ST*03359
REF*DP*043
DTM*999*20051010
RMR*IK*335920051011*PI*35.27*35.27*0
REF*PO*0020051012
REF*ST*03359
REF*DP*043
DTM*999*20051011
RMR*IK*335920051012*PI*28.59*28.59*0
REF*PO*0020051013
REF*ST*03359
REF*DP*043
DTM*999*20051012
RMR*IK*340820051006*PI*15.62*15.62*0
REF*PO*0020051007
REF*ST*03408
REF*DP*043
DTM*999*20051006
RMR*IK*340820051007*PI*81.24*81.24*0
REF*PO*0020051008
REF*ST*03408
REF*DP*043
DTM*999*20051007
RMR*IK*340820051008*PI*66.67*66.67*0
REF*PO*0020051009
REF*ST*03408
REF*DP*043
DTM*999*20051008
RMR*IK*340820051009*PI*13.28*13.28*0
REF*PO*0020051010
REF*ST*03408
REF*DP*043
DTM*999*20051009
RMR*IK*340820051010*PI*11.84*11.84*0
REF*PO*0020051011
REF*ST*03408
REF*DP*043
DTM*999*20051010
RMR*IK*340820051011*PI*26.68*26.68*0
REF*PO*0020051012
REF*ST*03408
REF*DP*043
DTM*999*20051011
RMR*IK*340820051012*PI*20.28*20.28*0
REF*PO*0020051013
REF*ST*03408
REF*DP*043
DTM*999*20051012
RMR*IK*342220051006*PI*6.25*6.25*0
REF*PO*0020051007
REF*ST*03422
REF*DP*043
DTM*999*20051006
RMR*IK*342220051007*PI*3.75*3.75*0
REF*PO*0020051008
REF*ST*03422
REF*DP*043
DTM*999*20051007
RMR*IK*342220051008*PI*5*5*0
REF*PO*0020051009
REF*ST*03422
REF*DP*043
DTM*999*20051008
RMR*IK*342220051010*PI*1.25*1.25*0
REF*PO*0020051011
REF*ST*03422
REF*DP*043
DTM*999*20051010
RMR*IK*360220051006*PI*2.06*2.06*0
REF*PO*0020051007
REF*ST*03602
REF*DP*043
DTM*999*20051006
RMR*IK*360220051007*PI*37.08*37.08*0
REF*PO*0020051008
REF*ST*03602
REF*DP*043
DTM*999*20051007
RMR*IK*360220051008*PI*5.25*5.25*0
REF*PO*0020051009
REF*ST*03602
REF*DP*043
DTM*999*20051008
RMR*IK*360220051009*PI*15.56*15.56*0
REF*PO*0020051010
REF*ST*03602
REF*DP*043
DTM*999*20051009
RMR*IK*360220051010*PI*78.58*78.58*0
REF*PO*0020051011
REF*ST*03602
REF*DP*043
DTM*999*20051010
RMR*IK*360220051011*PI*10.5*10.5*0
REF*PO*0020051012
REF*ST*03602
REF*DP*043
DTM*999*20051011
RMR*IK*360220051012*PI*42.62*42.62*0
REF*PO*0020051013
REF*ST*03602
REF*DP*043
DTM*999*20051012
RMR*IK*364420051006*PI*145.46*145.46*0
REF*PO*0020051007
REF*ST*03644
REF*DP*043
DTM*999*20051006
RMR*IK*364420051007*PI*66.27*66.27*0
REF*PO*0020051008
REF*ST*03644
REF*DP*043
DTM*999*20051007
RMR*IK*364420051008*PI*100.28*100.28*0
REF*PO*0020051009
REF*ST*03644
REF*DP*043
DTM*999*20051008
RMR*IK*364420051009*PI*132.08*132.08*0
REF*PO*0020051010
REF*ST*03644
REF*DP*043
DTM*999*20051009
RMR*IK*364420051010*PI*145.81*145.81*0
REF*PO*0020051011
REF*ST*03644
REF*DP*043
DTM*999*20051010
RMR*IK*364420051011*PI*83.92*83.92*0
REF*PO*0020051012
REF*ST*03644
REF*DP*043
DTM*999*20051011
RMR*IK*364420051012*PI*102.19*102.19*0
REF*PO*0020051013
REF*ST*03644
REF*DP*043
DTM*999*20051012
RMR*IK*364620051006*PI*56.53*56.53*0
REF*PO*0020051007
REF*ST*03646
REF*DP*043
DTM*999*20051006
RMR*IK*364620051007*PI*44*44*0
REF*PO*0020051008
REF*ST*03646
REF*DP*043
DTM*999*20051007
RMR*IK*364620051008*PI*169.31*169.31*0
REF*PO*0020051009
REF*ST*03646
REF*DP*043
DTM*999*20051008
RMR*IK*364620051009*PI*92.5*92.5*0
REF*PO*0020051010
REF*ST*03646
REF*DP*043
DTM*999*20051009
RMR*IK*364620051010*PI*35.4*35.4*0
REF*PO*0020051011
REF*ST*03646
REF*DP*043
DTM*999*20051010
RMR*IK*364620051011*PI*46.53*46.53*0
REF*PO*0020051012
REF*ST*03646
REF*DP*043
DTM*999*20051011
RMR*IK*364620051012*PI*132.27*132.27*0
REF*PO*0020051013
REF*ST*03646
REF*DP*043
DTM*999*20051012
RMR*IK*366020051006*PI*45.87*45.87*0
REF*PO*0020051007
REF*ST*03660
REF*DP*043
DTM*999*20051006
RMR*IK*366020051007*PI*25.08*25.08*0
REF*PO*0020051008
REF*ST*03660
REF*DP*043
DTM*999*20051007
RMR*IK*366020051008*PI*41.08*41.08*0
REF*PO*0020051009
REF*ST*03660
REF*DP*043
DTM*999*20051008
RMR*IK*366020051009*PI*33.78*33.78*0
REF*PO*0020051010
REF*ST*03660
REF*DP*043
DTM*999*20051009
RMR*IK*366020051010*PI*30.38*30.38*0
REF*PO*0020051011
REF*ST*03660
REF*DP*043
DTM*999*20051010
RMR*IK*366020051011*PI*27.5*27.5*0
REF*PO*0020051012
REF*ST*03660
REF*DP*043
DTM*999*20051011
RMR*IK*366020051012*PI*3.81*3.81*0
REF*PO*0020051013
REF*ST*03660
REF*DP*043
DTM*999*20051012
RMR*IK*367220051006*PI*74.09*74.09*0
REF*PO*0020051007
REF*ST*03672
REF*DP*043
DTM*999*20051006
RMR*IK*367220051007*PI*148.89*148.89*0
REF*PO*0020051008
REF*ST*03672
REF*DP*043
DTM*999*20051007
RMR*IK*367220051008*PI*139.9*139.9*0
REF*PO*0020051009
REF*ST*03672
REF*DP*043
DTM*999*20051008
RMR*IK*367220051009*PI*41.46*41.46*0
REF*PO*0020051010
REF*ST*03672
REF*DP*043
DTM*999*20051009
RMR*IK*367220051010*PI*42.86*42.86*0
REF*PO*0020051011
REF*ST*03672
REF*DP*043
DTM*999*20051010
RMR*IK*367220051011*PI*47.85*47.85*0
REF*PO*0020051012
REF*ST*03672
REF*DP*043
DTM*999*20051011
RMR*IK*367220051012*PI*42*42*0
REF*PO*0020051013
REF*ST*03672
REF*DP*043
DTM*999*20051012
RMR*IK*368520051006*PI*12*12*0
REF*PO*0020051007
REF*ST*03685
REF*DP*043
DTM*999*20051006
RMR*IK*368520051007*PI*17.25*17.25*0
REF*PO*0020051008
REF*ST*03685
REF*DP*043
DTM*999*20051007
RMR*IK*368520051008*PI*101.76*101.76*0
REF*PO*0020051009
REF*ST*03685
REF*DP*043
DTM*999*20051008
RMR*IK*368520051009*PI*30.99*30.99*0
REF*PO*0020051010
REF*ST*03685
REF*DP*043
DTM*999*20051009
RMR*IK*368520051010*PI*7*7*0
REF*PO*0020051011
REF*ST*03685
REF*DP*043
DTM*999*20051010
RMR*IK*368520051011*PI*15.46*15.46*0
REF*PO*0020051012
REF*ST*03685
REF*DP*043
DTM*999*20051011
RMR*IK*368520051012*PI*53.68*53.68*0
REF*PO*0020051013
REF*ST*03685
REF*DP*043
DTM*999*20051012
RMR*IK*370320051006*PI*364.17*364.17*0
REF*PO*0020051007
REF*ST*03703
REF*DP*043
DTM*999*20051006
RMR*IK*370320051007*PI*161.4*161.4*0
REF*PO*0020051008
REF*ST*03703
REF*DP*043
DTM*999*20051007
RMR*IK*370320051008*PI*312.79*312.79*0
REF*PO*0020051009
REF*ST*03703
REF*DP*043
DTM*999*20051008
RMR*IK*370320051009*PI*253.72*253.72*0
REF*PO*0020051010
REF*ST*03703
REF*DP*043
DTM*999*20051009
RMR*IK*370320051010*PI*293.14*293.14*0
REF*PO*0020051011
REF*ST*03703
REF*DP*043
DTM*999*20051010
RMR*IK*370320051011*PI*310.56*310.56*0
REF*PO*0020051012
REF*ST*03703
REF*DP*043
DTM*999*20051011
RMR*IK*370320051012*PI*175.23*175.23*0
REF*PO*0020051013
REF*ST*03703
REF*DP*043
DTM*999*20051012
RMR*IK*371320051006*PI*35.12*35.12*0
REF*PO*0020051007
REF*ST*03713
REF*DP*043
DTM*999*20051006
RMR*IK*371320051007*PI*46.61*46.61*0
REF*PO*0020051008
REF*ST*03713
REF*DP*043
DTM*999*20051007
RMR*IK*371320051008*PI*115.11*115.11*0
REF*PO*0020051009
REF*ST*03713
REF*DP*043
DTM*999*20051008
RMR*IK*371320051009*PI*49.33*49.33*0
REF*PO*0020051010
REF*ST*03713
REF*DP*043
DTM*999*20051009
RMR*IK*371320051010*PI*132.66*132.66*0
REF*PO*0020051011
REF*ST*03713
REF*DP*043
DTM*999*20051010
RMR*IK*371320051011*PI*41.75*41.75*0
REF*PO*0020051012
REF*ST*03713
REF*DP*043
DTM*999*20051011
RMR*IK*371320051012*PI*50.37*50.37*0
REF*PO*0020051013
REF*ST*03713
REF*DP*043
DTM*999*20051012
RMR*IK*371520051006*PI*88.65*88.65*0
REF*PO*0020051007
REF*ST*03715
REF*DP*043
DTM*999*20051006
RMR*IK*371520051007*PI*105.82*105.82*0
REF*PO*0020051008
REF*ST*03715
REF*DP*043
DTM*999*20051007
RMR*IK*371520051008*PI*157.37*157.37*0
REF*PO*0020051009
REF*ST*03715
REF*DP*043
DTM*999*20051008
RMR*IK*371520051009*PI*73.55*73.55*0
REF*PO*0020051010
REF*ST*03715
REF*DP*043
DTM*999*20051009
RMR*IK*371520051010*PI*82.78*82.78*0
REF*PO*0020051011
REF*ST*03715
REF*DP*043
DTM*999*20051010
RMR*IK*371520051011*PI*53.75*53.75*0
REF*PO*0020051012
REF*ST*03715
REF*DP*043
DTM*999*20051011
RMR*IK*371520051012*PI*153.91*153.91*0
REF*PO*0020051013
REF*ST*03715
REF*DP*043
DTM*999*20051012
RMR*IK*375820051007*PI*3.75*3.75*0
REF*PO*0020051008
REF*ST*03758
REF*DP*043
DTM*999*20051007
RMR*IK*375820051008*PI*24.25*24.25*0
REF*PO*0020051009
REF*ST*03758
REF*DP*043
DTM*999*20051008
RMR*IK*375820051009*PI*14.6*14.6*0
REF*PO*0020051010
REF*ST*03758
REF*DP*043
DTM*999*20051009
RMR*IK*375820051011*PI*1.25*1.25*0
REF*PO*0020051012
REF*ST*03758
REF*DP*043
DTM*999*20051011
RMR*IK*375820051012*PI*4.2*4.2*0
REF*PO*0020051013
REF*ST*03758
REF*DP*043
DTM*999*20051012
RMR*IK*375920051006*PI*2.1*2.1*0
REF*PO*0020051007
REF*ST*03759
REF*DP*043
DTM*999*20051006
RMR*IK*375920051008*PI*12.6*12.6*0
REF*PO*0020051009
REF*ST*03759
REF*DP*043
DTM*999*20051008
RMR*IK*375920051009*PI*4.6*4.6*0
REF*PO*0020051010
REF*ST*03759
REF*DP*043
DTM*999*20051009
RMR*IK*381220051006*PI*1.25*1.25*0
REF*PO*0020051007
REF*ST*03812
REF*DP*043
DTM*999*20051006
RMR*IK*381220051007*PI*13.75*13.75*0
REF*PO*0020051008
REF*ST*03812
REF*DP*043
DTM*999*20051007
RMR*IK*381220051008*PI*1.25*1.25*0
REF*PO*0020051009
REF*ST*03812
REF*DP*043
DTM*999*20051008
RMR*IK*381220051009*PI*10*10*0
REF*PO*0020051010
REF*ST*03812
REF*DP*043
DTM*999*20051009
RMR*IK*381220051011*PI*7.5*7.5*0
REF*PO*0020051012
REF*ST*03812
REF*DP*043
DTM*999*20051011
RMR*IK*381220051012*PI*8.75*8.75*0
REF*PO*0020051013
REF*ST*03812
REF*DP*043
DTM*999*20051012
RMR*IK*382220051006*PI*33.83*33.83*0
REF*PO*0020051007
REF*ST*03822
REF*DP*043
DTM*999*20051006
RMR*IK*382220051007*PI*18.06*18.06*0
REF*PO*0020051008
REF*ST*03822
REF*DP*043
DTM*999*20051007
RMR*IK*382220051008*PI*102.72*102.72*0
REF*PO*0020051009
REF*ST*03822
REF*DP*043
DTM*999*20051008
RMR*IK*382220051009*PI*10.5*10.5*0
REF*PO*0020051010
REF*ST*03822
REF*DP*043
DTM*999*20051009
RMR*IK*382220051010*PI*53.73*53.73*0
REF*PO*0020051011
REF*ST*03822
REF*DP*043
DTM*999*20051010
RMR*IK*382220051011*PI*21.99*21.99*0
REF*PO*0020051012
REF*ST*03822
REF*DP*043
DTM*999*20051011
RMR*IK*382220051012*PI*46.44*46.44*0
REF*PO*0020051013
REF*ST*03822
REF*DP*043
DTM*999*20051012
RMR*IK*383620051006*PI*18.02*18.02*0
REF*PO*0020051007
REF*ST*03836
REF*DP*043
DTM*999*20051006
RMR*IK*383620051007*PI*8.03*8.03*0
REF*PO*0020051008
REF*ST*03836
REF*DP*043
DTM*999*20051007
RMR*IK*383620051008*PI*74.02*74.02*0
REF*PO*0020051009
REF*ST*03836
REF*DP*043
DTM*999*20051008
RMR*IK*383620051009*PI*56.98*56.98*0
REF*PO*0020051010
REF*ST*03836
REF*DP*043
DTM*999*20051009
RMR*IK*383620051010*PI*51.07*51.07*0
REF*PO*0020051011
REF*ST*03836
REF*DP*043
DTM*999*20051010
RMR*IK*383620051011*PI*56.17*56.17*0
REF*PO*0020051012
REF*ST*03836
REF*DP*043
DTM*999*20051011
RMR*IK*383620051012*PI*95.24*95.24*0
REF*PO*0020051013
REF*ST*03836
REF*DP*043
DTM*999*20051012
RMR*IK*384820051006*PI*46.78*46.78*0
REF*PO*0020051007
REF*ST*03848
REF*DP*043
DTM*999*20051006
RMR*IK*384820051007*PI*35.43*35.43*0
REF*PO*0020051008
REF*ST*03848
REF*DP*043
DTM*999*20051007
RMR*IK*384820051008*PI*43.12*43.12*0
REF*PO*0020051009
REF*ST*03848
REF*DP*043
DTM*999*20051008
RMR*IK*384820051009*PI*28.5*28.5*0
REF*PO*0020051010
REF*ST*03848
REF*DP*043
DTM*999*20051009
RMR*IK*384820051010*PI*51.42*51.42*0
REF*PO*0020051011
REF*ST*03848
REF*DP*043
DTM*999*20051010
RMR*IK*384820051011*PI*56.56*56.56*0
REF*PO*0020051012
REF*ST*03848
REF*DP*043
DTM*999*20051011
RMR*IK*384820051012*PI*30.65*30.65*0
REF*PO*0020051013
REF*ST*03848
REF*DP*043
DTM*999*20051012
RMR*IK*387620051006*PI*28.74*28.74*0
REF*PO*0020051007
REF*ST*03876
REF*DP*043
DTM*999*20051006
RMR*IK*387620051007*PI*20.9*20.9*0
REF*PO*0020051008
REF*ST*03876
REF*DP*043
DTM*999*20051007
RMR*IK*387620051008*PI*33.39*33.39*0
REF*PO*0020051009
REF*ST*03876
REF*DP*043
DTM*999*20051008
RMR*IK*387620051009*PI*37.98*37.98*0
REF*PO*0020051010
REF*ST*03876
REF*DP*043
DTM*999*20051009
RMR*IK*387620051010*PI*16.37*16.37*0
REF*PO*0020051011
REF*ST*03876
REF*DP*043
DTM*999*20051010
RMR*IK*387620051011*PI*30.03*30.03*0
REF*PO*0020051012
REF*ST*03876
REF*DP*043
DTM*999*20051011
RMR*IK*387620051012*PI*32.64*32.64*0
REF*PO*0020051013
REF*ST*03876
REF*DP*043
DTM*999*20051012
RMR*IK*392920051006*PI*65.72*65.72*0
REF*PO*0020051007
REF*ST*03929
REF*DP*043
DTM*999*20051006
RMR*IK*392920051007*PI*37.02*37.02*0
REF*PO*0020051008
REF*ST*03929
REF*DP*043
DTM*999*20051007
RMR*IK*392920051008*PI*130.59*130.59*0
REF*PO*0020051009
REF*ST*03929
REF*DP*043
DTM*999*20051008
RMR*IK*392920051009*PI*86.35*86.35*0
REF*PO*0020051010
REF*ST*03929
REF*DP*043
DTM*999*20051009
RMR*IK*392920051010*PI*94.82*94.82*0
REF*PO*0020051011
REF*ST*03929
REF*DP*043
DTM*999*20051010
RMR*IK*392920051011*PI*29.5*29.5*0
REF*PO*0020051012
REF*ST*03929
REF*DP*043
DTM*999*20051011
RMR*IK*392920051012*PI*21.25*21.25*0
REF*PO*0020051013
REF*ST*03929
REF*DP*043
DTM*999*20051012
RMR*IK*393120051006*PI*25.34*25.34*0
REF*PO*0020051007
REF*ST*03931
REF*DP*043
DTM*999*20051006
RMR*IK*393120051007*PI*12.75*12.75*0
REF*PO*0020051008
REF*ST*03931
REF*DP*043
DTM*999*20051007
RMR*IK*393120051008*PI*12.34*12.34*0
REF*PO*0020051009
REF*ST*03931
REF*DP*043
DTM*999*20051008
RMR*IK*393120051009*PI*9.06*9.06*0
REF*PO*0020051010
REF*ST*03931
REF*DP*043
DTM*999*20051009
RMR*IK*393120051010*PI*9.03*9.03*0
REF*PO*0020051011
REF*ST*03931
REF*DP*043
DTM*999*20051010
RMR*IK*393120051011*PI*11.53*11.53*0
REF*PO*0020051012
REF*ST*03931
REF*DP*043
DTM*999*20051011
RMR*IK*393120051012*PI*13.37*13.37*0
REF*PO*0020051013
REF*ST*03931
REF*DP*043
DTM*999*20051012
RMR*IK*394120051006*PI*39.67*39.67*0
REF*PO*0020051007
REF*ST*03941
REF*DP*043
DTM*999*20051006
RMR*IK*394120051007*PI*69.93*69.93*0
REF*PO*0020051008
REF*ST*03941
REF*DP*043
DTM*999*20051007
RMR*IK*394120051008*PI*132.48*132.48*0
REF*PO*0020051009
REF*ST*03941
REF*DP*043
DTM*999*20051008
RMR*IK*394120051009*PI*73.93*73.93*0
REF*PO*0020051010
REF*ST*03941
REF*DP*043
DTM*999*20051009
RMR*IK*394120051010*PI*93.95*93.95*0
REF*PO*0020051011
REF*ST*03941
REF*DP*043
DTM*999*20051010
RMR*IK*394120051011*PI*138.84*138.84*0
REF*PO*0020051012
REF*ST*03941
REF*DP*043
DTM*999*20051011
RMR*IK*394120051012*PI*130.74*130.74*0
REF*PO*0020051013
REF*ST*03941
REF*DP*043
DTM*999*20051012
RMR*IK*396620051006*PI*78.79*78.79*0
REF*PO*0020051007
REF*ST*03966
REF*DP*043
DTM*999*20051006
RMR*IK*396620051007*PI*51*51*0
REF*PO*0020051008
REF*ST*03966
REF*DP*043
DTM*999*20051007
RMR*IK*396620051008*PI*167.65*167.65*0
REF*PO*0020051009
REF*ST*03966
REF*DP*043
DTM*999*20051008
RMR*IK*396620051009*PI*158.21*158.21*0
REF*PO*0020051010
REF*ST*03966
REF*DP*043
DTM*999*20051009
RMR*IK*396620051010*PI*154.32*154.32*0
REF*PO*0020051011
REF*ST*03966
REF*DP*043
DTM*999*20051010
RMR*IK*396620051011*PI*138.34*138.34*0
REF*PO*0020051012
REF*ST*03966
REF*DP*043
DTM*999*20051011
RMR*IK*396620051012*PI*71.52*71.52*0
REF*PO*0020051013
REF*ST*03966
REF*DP*043
DTM*999*20051012
RMR*IK*397820051006*PI*66.62*66.62*0
REF*PO*0020051007
REF*ST*03978
REF*DP*043
DTM*999*20051006
RMR*IK*397820051007*PI*72.56*72.56*0
REF*PO*0020051008
REF*ST*03978
REF*DP*043
DTM*999*20051007
RMR*IK*397820051008*PI*173.2*173.2*0
REF*PO*0020051009
REF*ST*03978
REF*DP*043
DTM*999*20051008
RMR*IK*397820051009*PI*101.82*101.82*0
REF*PO*0020051010
REF*ST*03978
REF*DP*043
DTM*999*20051009
RMR*IK*397820051010*PI*77.92*77.92*0
REF*PO*0020051011
REF*ST*03978
REF*DP*043
DTM*999*20051010
RMR*IK*397820051011*PI*150.95*150.95*0
REF*PO*0020051012
REF*ST*03978
REF*DP*043
DTM*999*20051011
RMR*IK*397820051012*PI*145.67*145.67*0
REF*PO*0020051013
REF*ST*03978
REF*DP*043
DTM*999*20051012
RMR*IK*399620051006*PI*14.52*14.52*0
REF*PO*0020051007
REF*ST*03996
REF*DP*043
DTM*999*20051006
RMR*IK*399620051007*PI*14.25*14.25*0
REF*PO*0020051008
REF*ST*03996
REF*DP*043
DTM*999*20051007
RMR*IK*399620051008*PI*81.74*81.74*0
REF*PO*0020051009
REF*ST*03996
REF*DP*043
DTM*999*20051008
RMR*IK*399620051009*PI*40.75*40.75*0
REF*PO*0020051010
REF*ST*03996
REF*DP*043
DTM*999*20051009
RMR*IK*399620051010*PI*16*16*0
REF*PO*0020051011
REF*ST*03996
REF*DP*043
DTM*999*20051010
RMR*IK*399620051011*PI*34.75*34.75*0
REF*PO*0020051012
REF*ST*03996
REF*DP*043
DTM*999*20051011
RMR*IK*399620051012*PI*48.51*48.51*0
REF*PO*0020051013
REF*ST*03996
REF*DP*043
DTM*999*20051012
RMR*IK*404820051006*PI*1.25*1.25*0
REF*PO*0020051007
REF*ST*04048
REF*DP*043
DTM*999*20051006
RMR*IK*404820051007*PI*3.75*3.75*0
REF*PO*0020051008
REF*ST*04048
REF*DP*043
DTM*999*20051007
RMR*IK*404820051008*PI*6.25*6.25*0
REF*PO*0020051009
REF*ST*04048
REF*DP*043
DTM*999*20051008
RMR*IK*404820051011*PI*1.25*1.25*0
REF*PO*0020051012
REF*ST*04048
REF*DP*043
DTM*999*20051011
RMR*IK*404820051012*PI*5*5*0
REF*PO*0020051013
REF*ST*04048
REF*DP*043
DTM*999*20051012
RMR*IK*407120051006*PI*18.49*18.49*0
REF*PO*0020051007
REF*ST*04071
REF*DP*043
DTM*999*20051006
RMR*IK*407120051007*PI*21.59*21.59*0
REF*PO*0020051008
REF*ST*04071
REF*DP*043
DTM*999*20051007
RMR*IK*407120051008*PI*57.52*57.52*0
REF*PO*0020051009
REF*ST*04071
REF*DP*043
DTM*999*20051008
RMR*IK*407120051009*PI*23*23*0
REF*PO*0020051010
REF*ST*04071
REF*DP*043
DTM*999*20051009
RMR*IK*407120051010*PI*26.37*26.37*0
REF*PO*0020051011
REF*ST*04071
REF*DP*043
DTM*999*20051010
RMR*IK*407120051011*PI*57.21*57.21*0
REF*PO*0020051012
REF*ST*04071
REF*DP*043
DTM*999*20051011
RMR*IK*407120051012*PI*20.5*20.5*0
REF*PO*0020051013
REF*ST*04071
REF*DP*043
DTM*999*20051012
RMR*IK*409320051006*PI*120.65*120.65*0
REF*PO*0020051007
REF*ST*04093
REF*DP*043
DTM*999*20051006
RMR*IK*409320051007*PI*120.05*120.05*0
REF*PO*0020051008
REF*ST*04093
REF*DP*043
DTM*999*20051007
RMR*IK*409320051008*PI*222.64*222.64*0
REF*PO*0020051009
REF*ST*04093
REF*DP*043
DTM*999*20051008
RMR*IK*409320051009*PI*159.2*159.2*0
REF*PO*0020051010
REF*ST*04093
REF*DP*043
DTM*999*20051009
RMR*IK*409320051010*PI*181.43*181.43*0
REF*PO*0020051011
REF*ST*04093
REF*DP*043
DTM*999*20051010
RMR*IK*409320051011*PI*140.96*140.96*0
REF*PO*0020051012
REF*ST*04093
REF*DP*043
DTM*999*20051011
RMR*IK*409320051012*PI*155.02*155.02*0
REF*PO*0020051013
REF*ST*04093
REF*DP*043
DTM*999*20051012
RMR*IK*410320051006*PI*156.5*156.5*0
REF*PO*0020051007
REF*ST*04103
REF*DP*043
DTM*999*20051006
RMR*IK*410320051007*PI*81.15*81.15*0
REF*PO*0020051008
REF*ST*04103
REF*DP*043
DTM*999*20051007
RMR*IK*410320051008*PI*147.08*147.08*0
REF*PO*0020051009
REF*ST*04103
REF*DP*043
DTM*999*20051008
RMR*IK*410320051009*PI*137.43*137.43*0
REF*PO*0020051010
REF*ST*04103
REF*DP*043
DTM*999*20051009
RMR*IK*410320051010*PI*192.52*192.52*0
REF*PO*0020051011
REF*ST*04103
REF*DP*043
DTM*999*20051010
RMR*IK*410320051011*PI*129.16*129.16*0
REF*PO*0020051012
REF*ST*04103
REF*DP*043
DTM*999*20051011
RMR*IK*410320051012*PI*166.92*166.92*0
REF*PO*0020051013
REF*ST*04103
REF*DP*043
DTM*999*20051012
RMR*IK*421320051006*PI*7.31*7.31*0
REF*PO*0020051007
REF*ST*04213
REF*DP*043
DTM*999*20051006
RMR*IK*421320051008*PI*26.46*26.46*0
REF*PO*0020051009
REF*ST*04213
REF*DP*043
DTM*999*20051008
RMR*IK*421320051009*PI*7.93*7.93*0
REF*PO*0020051010
REF*ST*04213
REF*DP*043
DTM*999*20051009
RMR*IK*421320051010*PI*10.5*10.5*0
REF*PO*0020051012
REF*ST*04213
REF*DP*043
DTM*999*20051010
RMR*IK*421320051010*PI*10.56*10.56*0
REF*PO*0020051011
REF*ST*04213
REF*DP*043
DTM*999*20051010
RMR*IK*421320051011*PI*33.68*33.68*0
REF*PO*0020051012
REF*ST*04213
REF*DP*043
DTM*999*20051011
RMR*IK*421320051012*PI*6.75*6.75*0
REF*PO*0020051013
REF*ST*04213
REF*DP*043
DTM*999*20051012
RMR*IK*424420051006*PI*178.83*178.83*0
REF*PO*0020051007
REF*ST*04244
REF*DP*043
DTM*999*20051006
RMR*IK*424420051007*PI*142.59*142.59*0
REF*PO*0020051008
REF*ST*04244
REF*DP*043
DTM*999*20051007
RMR*IK*424420051008*PI*214.16*214.16*0
REF*PO*0020051009
REF*ST*04244
REF*DP*043
DTM*999*20051008
RMR*IK*424420051009*PI*240.9*240.9*0
REF*PO*0020051010
REF*ST*04244
REF*DP*043
DTM*999*20051009
RMR*IK*424420051010*PI*195.92*195.92*0
REF*PO*0020051011
REF*ST*04244
REF*DP*043
DTM*999*20051010
RMR*IK*424420051011*PI*130.68*130.68*0
REF*PO*0020051012
REF*ST*04244
REF*DP*043
DTM*999*20051011
RMR*IK*424420051012*PI*203.2*203.2*0
REF*PO*0020051013
REF*ST*04244
REF*DP*043
DTM*999*20051012
RMR*IK*429320051007*PI*7.5*7.5*0
REF*PO*0020051008
REF*ST*04293
REF*DP*043
DTM*999*20051007
RMR*IK*429320051008*PI*10*10*0
REF*PO*0020051009
REF*ST*04293
REF*DP*043
DTM*999*20051008
RMR*IK*429320051009*PI*3.75*3.75*0
REF*PO*0020051010
REF*ST*04293
REF*DP*043
DTM*999*20051009
RMR*IK*429320051010*PI*16.25*16.25*0
REF*PO*0020051011
REF*ST*04293
REF*DP*043
DTM*999*20051010
RMR*IK*429320051011*PI*25*25*0
REF*PO*0020051012
REF*ST*04293
REF*DP*043
DTM*999*20051011
RMR*IK*429320051012*PI*16.25*16.25*0
REF*PO*0020051013
REF*ST*04293
REF*DP*043
DTM*999*20051012
RMR*IK*430420051010*PI*2.1*2.1*0
REF*PO*0020051011
REF*ST*04304
REF*DP*043
DTM*999*20051010
RMR*IK*430420051012*PI*1.25*1.25*0
REF*PO*0020051013
REF*ST*04304
REF*DP*043
DTM*999*20051012
RMR*IK*430820051006*PI*50.85*50.85*0
REF*PO*0020051007
REF*ST*04308
REF*DP*043
DTM*999*20051006
RMR*IK*430820051007*PI*39.34*39.34*0
REF*PO*0020051008
REF*ST*04308
REF*DP*043
DTM*999*20051007
RMR*IK*430820051008*PI*76.52*76.52*0
REF*PO*0020051009
REF*ST*04308
REF*DP*043
DTM*999*20051008
RMR*IK*430820051009*PI*71.77*71.77*0
REF*PO*0020051010
REF*ST*04308
REF*DP*043
DTM*999*20051009
RMR*IK*430820051010*PI*98.74*98.74*0
REF*PO*0020051011
REF*ST*04308
REF*DP*043
DTM*999*20051010
RMR*IK*430820051011*PI*43.33*43.33*0
REF*PO*0020051012
REF*ST*04308
REF*DP*043
DTM*999*20051011
RMR*IK*430820051012*PI*43.43*43.43*0
REF*PO*0020051013
REF*ST*04308
REF*DP*043
DTM*999*20051012
RMR*IK*431220051006*PI*56.83*56.83*0
REF*PO*0020051007
REF*ST*04312
REF*DP*043
DTM*999*20051006
RMR*IK*431220051007*PI*24.25*24.25*0
REF*PO*0020051008
REF*ST*04312
REF*DP*043
DTM*999*20051007
RMR*IK*431220051008*PI*58.75*58.75*0
REF*PO*0020051009
REF*ST*04312
REF*DP*043
DTM*999*20051008
RMR*IK*431220051009*PI*67.67*67.67*0
REF*PO*0020051010
REF*ST*04312
REF*DP*043
DTM*999*20051009
RMR*IK*431220051010*PI*57.46*57.46*0
REF*PO*0020051011
REF*ST*04312
REF*DP*043
DTM*999*20051010
RMR*IK*431220051011*PI*42*42*0
REF*PO*0020051012
REF*ST*04312
REF*DP*043
DTM*999*20051011
RMR*IK*431220051012*PI*27.43*27.43*0
REF*PO*0020051013
REF*ST*04312
REF*DP*043
DTM*999*20051012
RMR*IK*443320051007*PI*3.75*3.75*0
REF*PO*0020051008
REF*ST*04433
REF*DP*043
DTM*999*20051007
RMR*IK*443320051008*PI*1.25*1.25*0
REF*PO*0020051009
REF*ST*04433
REF*DP*043
DTM*999*20051008
RMR*IK*443320051009*PI*3.75*3.75*0
REF*PO*0020051010
REF*ST*04433
REF*DP*043
DTM*999*20051009
RMR*IK*443320051010*PI*2.5*2.5*0
REF*PO*0020051011
REF*ST*04433
REF*DP*043
DTM*999*20051010
RMR*IK*447520051006*PI*135.4*135.4*0
REF*PO*0020051007
REF*ST*04475
REF*DP*043
DTM*999*20051006
RMR*IK*447520051007*PI*30.75*30.75*0
REF*PO*0020051008
REF*ST*04475
REF*DP*043
DTM*999*20051007
RMR*IK*447520051008*PI*43*43*0
REF*PO*0020051009
REF*ST*04475
REF*DP*043
DTM*999*20051008
RMR*IK*447520051009*PI*109.33*109.33*0
REF*PO*0020051010
REF*ST*04475
REF*DP*043
DTM*999*20051009
RMR*IK*447520051010*PI*172.4*172.4*0
REF*PO*0020051011
REF*ST*04475
REF*DP*043
DTM*999*20051010
RMR*IK*447520051011*PI*164.63*164.63*0
REF*PO*0020051012
REF*ST*04475
REF*DP*043
DTM*999*20051011
RMR*IK*447520051012*PI*142.61*142.61*0
REF*PO*0020051013
REF*ST*04475
REF*DP*043
DTM*999*20051012
RMR*IK*471720051006*PI*44.45*44.45*0
REF*PO*0020051007
REF*ST*04717
REF*DP*043
DTM*999*20051006
RMR*IK*471720051007*PI*60.26*60.26*0
REF*PO*0020051008
REF*ST*04717
REF*DP*043
DTM*999*20051007
RMR*IK*471720051008*PI*69.17*69.17*0
REF*PO*0020051009
REF*ST*04717
REF*DP*043
DTM*999*20051008
RMR*IK*471720051009*PI*37.98*37.98*0
REF*PO*0020051010
REF*ST*04717
REF*DP*043
DTM*999*20051009
RMR*IK*471720051010*PI*60.53*60.53*0
REF*PO*0020051011
REF*ST*04717
REF*DP*043
DTM*999*20051010
RMR*IK*471720051011*PI*82.41*82.41*0
REF*PO*0020051012
REF*ST*04717
REF*DP*043
DTM*999*20051011
RMR*IK*471720051012*PI*60.56*60.56*0
REF*PO*0020051013
REF*ST*04717
REF*DP*043
DTM*999*20051012
RMR*IK*471920051006*PI*81.66*81.66*0
REF*PO*0020051007
REF*ST*04719
REF*DP*043
DTM*999*20051006
RMR*IK*471920051007*PI*108.29*108.29*0
REF*PO*0020051008
REF*ST*04719
REF*DP*043
DTM*999*20051007
RMR*IK*471920051008*PI*295.13*295.13*0
REF*PO*0020051009
REF*ST*04719
REF*DP*043
DTM*999*20051008
RMR*IK*471920051009*PI*134.4*134.4*0
REF*PO*0020051010
REF*ST*04719
REF*DP*043
DTM*999*20051009
RMR*IK*471920051010*PI*120.33*120.33*0
REF*PO*0020051011
REF*ST*04719
REF*DP*043
DTM*999*20051010
RMR*IK*471920051011*PI*111.25*111.25*0
REF*PO*0020051012
REF*ST*04719
REF*DP*043
DTM*999*20051011
RMR*IK*471920051012*PI*262.77*262.77*0
REF*PO*0020051013
REF*ST*04719
REF*DP*043
DTM*999*20051012
RMR*IK*473920051006*PI*108.05*108.05*0
REF*PO*0020051007
REF*ST*04739
REF*DP*043
DTM*999*20051006
RMR*IK*473920051007*PI*47.39*47.39*0
REF*PO*0020051008
REF*ST*04739
REF*DP*043
DTM*999*20051007
RMR*IK*473920051008*PI*39.64*39.64*0
REF*PO*0020051009
REF*ST*04739
REF*DP*043
DTM*999*20051008
RMR*IK*473920051009*PI*31.25*31.25*0
REF*PO*0020051010
REF*ST*04739
REF*DP*043
DTM*999*20051009
RMR*IK*473920051010*PI*70.09*70.09*0
REF*PO*0020051011
REF*ST*04739
REF*DP*043
DTM*999*20051010
RMR*IK*473920051011*PI*30.49*30.49*0
REF*PO*0020051012
REF*ST*04739
REF*DP*043
DTM*999*20051011
RMR*IK*473920051012*PI*36.83*36.83*0
REF*PO*0020051013
REF*ST*04739
REF*DP*043
DTM*999*20051012
RMR*IK*474320051008*PI*4.2*4.2*0
REF*PO*0020051009
REF*ST*04743
REF*DP*043
DTM*999*20051008
RMR*IK*474320051011*PI*5.45*5.45*0
REF*PO*0020051012
REF*ST*04743
REF*DP*043
DTM*999*20051011
RMR*IK*475320051006*PI*29.06*29.06*0
REF*PO*0020051007
REF*ST*04753
REF*DP*043
DTM*999*20051006
RMR*IK*475320051007*PI*47.4*47.4*0
REF*PO*0020051008
REF*ST*04753
REF*DP*043
DTM*999*20051007
RMR*IK*475320051008*PI*68*68*0
REF*PO*0020051009
REF*ST*04753
REF*DP*043
DTM*999*20051008
RMR*IK*475320051009*PI*62.62*62.62*0
REF*PO*0020051010
REF*ST*04753
REF*DP*043
DTM*999*20051009
RMR*IK*475320051010*PI*85.33*85.33*0
REF*PO*0020051011
REF*ST*04753
REF*DP*043
DTM*999*20051010
RMR*IK*475320051011*PI*35*35*0
REF*PO*0020051012
REF*ST*04753
REF*DP*043
DTM*999*20051011
RMR*IK*475320051012*PI*38.21*38.21*0
REF*PO*0020051013
REF*ST*04753
REF*DP*043
DTM*999*20051012
RMR*IK*476020051007*PI*1.75*1.75*0
REF*PO*0020051008
REF*ST*04760
REF*DP*043
DTM*999*20051007
RMR*IK*476020051008*PI*13.5*13.5*0
REF*PO*0020051009
REF*ST*04760
REF*DP*043
DTM*999*20051008
RMR*IK*476020051009*PI*13.5*13.5*0
REF*PO*0020051010
REF*ST*04760
REF*DP*043
DTM*999*20051009
RMR*IK*476020051010*PI*1.03*1.03*0
REF*PO*0020051011
REF*ST*04760
REF*DP*043
DTM*999*20051010
RMR*IK*476920051006*PI*113.77*113.77*0
REF*PO*0020051007
REF*ST*04769
REF*DP*043
DTM*999*20051006
RMR*IK*476920051007*PI*59.43*59.43*0
REF*PO*0020051008
REF*ST*04769
REF*DP*043
DTM*999*20051007
RMR*IK*476920051008*PI*76.5*76.5*0
REF*PO*0020051009
REF*ST*04769
REF*DP*043
DTM*999*20051008
RMR*IK*476920051009*PI*28.75*28.75*0
REF*PO*0020051010
REF*ST*04769
REF*DP*043
DTM*999*20051009
RMR*IK*476920051010*PI*49.25*49.25*0
REF*PO*0020051011
REF*ST*04769
REF*DP*043
DTM*999*20051010
RMR*IK*476920051011*PI*33.84*33.84*0
REF*PO*0020051012
REF*ST*04769
REF*DP*043
DTM*999*20051011
RMR*IK*476920051012*PI*35.25*35.25*0
REF*PO*0020051013
REF*ST*04769
REF*DP*043
DTM*999*20051012
RMR*IK*481720051006*PI*56.87*56.87*0
REF*PO*0020051007
REF*ST*04817
REF*DP*043
DTM*999*20051006
RMR*IK*481720051007*PI*58.11*58.11*0
REF*PO*0020051008
REF*ST*04817
REF*DP*043
DTM*999*20051007
RMR*IK*481720051008*PI*58.75*58.75*0
REF*PO*0020051009
REF*ST*04817
REF*DP*043
DTM*999*20051008
RMR*IK*481720051009*PI*28.18*28.18*0
REF*PO*0020051010
REF*ST*04817
REF*DP*043
DTM*999*20051009
RMR*IK*481720051010*PI*18*18*0
REF*PO*0020051011
REF*ST*04817
REF*DP*043
DTM*999*20051010
RMR*IK*481720051011*PI*37.75*37.75*0
REF*PO*0020051012
REF*ST*04817
REF*DP*043
DTM*999*20051011
RMR*IK*481720051012*PI*42.86*42.86*0
REF*PO*0020051013
REF*ST*04817
REF*DP*043
DTM*999*20051012
RMR*IK*483520051006*PI*37.57*37.57*0
REF*PO*0020051007
REF*ST*04835
REF*DP*043
DTM*999*20051006
RMR*IK*483520051007*PI*33.02*33.02*0
REF*PO*0020051008
REF*ST*04835
REF*DP*043
DTM*999*20051007
RMR*IK*483520051008*PI*60.98*60.98*0
REF*PO*0020051009
REF*ST*04835
REF*DP*043
DTM*999*20051008
RMR*IK*483520051009*PI*74.78*74.78*0
REF*PO*0020051010
REF*ST*04835
REF*DP*043
DTM*999*20051009
RMR*IK*483520051010*PI*37.05*37.05*0
REF*PO*0020051011
REF*ST*04835
REF*DP*043
DTM*999*20051010
RMR*IK*483520051011*PI*31.12*31.12*0
REF*PO*0020051012
REF*ST*04835
REF*DP*043
DTM*999*20051011
RMR*IK*483520051012*PI*10.03*10.03*0
REF*PO*0020051013
REF*ST*04835
REF*DP*043
DTM*999*20051012
RMR*IK*488320051006*PI*37.12*37.12*0
REF*PO*0020051007
REF*ST*04883
REF*DP*043
DTM*999*20051006
RMR*IK*488320051007*PI*65.96*65.96*0
REF*PO*0020051008
REF*ST*04883
REF*DP*043
DTM*999*20051007
RMR*IK*488320051008*PI*66.25*66.25*0
REF*PO*0020051009
REF*ST*04883
REF*DP*043
DTM*999*20051008
RMR*IK*488320051009*PI*96.25*96.25*0
REF*PO*0020051010
REF*ST*04883
REF*DP*043
DTM*999*20051009
RMR*IK*488320051010*PI*15.27*15.27*0
REF*PO*0020051011
REF*ST*04883
REF*DP*043
DTM*999*20051010
RMR*IK*488320051011*PI*40.68*40.68*0
REF*PO*0020051012
REF*ST*04883
REF*DP*043
DTM*999*20051011
RMR*IK*488320051012*PI*3.75*3.75*0
REF*PO*0020051013
REF*ST*04883
REF*DP*043
DTM*999*20051012
RMR*IK*489820051006*PI*18.77*18.77*0
REF*PO*0020051007
REF*ST*04898
REF*DP*043
DTM*999*20051006
RMR*IK*489820051007*PI*8.75*8.75*0
REF*PO*0020051008
REF*ST*04898
REF*DP*043
DTM*999*20051007
RMR*IK*489820051008*PI*66.56*66.56*0
REF*PO*0020051009
REF*ST*04898
REF*DP*043
DTM*999*20051008
RMR*IK*489820051009*PI*9.75*9.75*0
REF*PO*0020051010
REF*ST*04898
REF*DP*043
DTM*999*20051009
RMR*IK*489820051010*PI*17.37*17.37*0
REF*PO*0020051011
REF*ST*04898
REF*DP*043
DTM*999*20051010
RMR*IK*489820051011*PI*18.28*18.28*0
REF*PO*0020051012
REF*ST*04898
REF*DP*043
DTM*999*20051011
RMR*IK*489820051012*PI*23.27*23.27*0
REF*PO*0020051013
REF*ST*04898
REF*DP*043
DTM*999*20051012
RMR*IK*497020051006*PI*76.24*76.24*0
REF*PO*0020051007
REF*ST*04970
REF*DP*043
DTM*999*20051006
RMR*IK*497020051007*PI*28.85*28.85*0
REF*PO*0020051008
REF*ST*04970
REF*DP*043
DTM*999*20051007
RMR*IK*497020051008*PI*47.42*47.42*0
REF*PO*0020051009
REF*ST*04970
REF*DP*043
DTM*999*20051008
RMR*IK*497020051009*PI*15.58*15.58*0
REF*PO*0020051010
REF*ST*04970
REF*DP*043
DTM*999*20051009
RMR*IK*497020051010*PI*12.4*12.4*0
REF*PO*0020051011
REF*ST*04970
REF*DP*043
DTM*999*20051010
RMR*IK*497020051011*PI*7.68*7.68*0
REF*PO*0020051012
REF*ST*04970
REF*DP*043
DTM*999*20051011
RMR*IK*497020051012*PI*43.46*43.46*0
REF*PO*0020051013
REF*ST*04970
REF*DP*043
DTM*999*20051012
RMR*IK*497020051031*PI*-2.06*-2.06*0
REF*PO*0020051101
REF*ST*04970
REF*DP*043
DTM*999*20051031
RMR*IK*502320051006*PI*29.61*29.61*0
REF*PO*0020051008
REF*ST*05023
REF*DP*043
DTM*999*20051006
RMR*IK*502320051007*PI*7.75*7.75*0
REF*PO*0020051009
REF*ST*05023
REF*DP*043
DTM*999*20051007
RMR*IK*502320051008*PI*38.75*38.75*0
REF*PO*0020051010
REF*ST*05023
REF*DP*043
DTM*999*20051008
RMR*IK*502320051009*PI*16.37*16.37*0
REF*PO*0020051011
REF*ST*05023
REF*DP*043
DTM*999*20051009
RMR*IK*502320051010*PI*23.42*23.42*0
REF*PO*0020051012
REF*ST*05023
REF*DP*043
DTM*999*20051010
RMR*IK*502320051011*PI*32.26*32.26*0
REF*PO*0020051013
REF*ST*05023
REF*DP*043
DTM*999*20051011
RMR*IK*502320051012*PI*23.38*23.38*0
REF*PO*0020051014
REF*ST*05023
REF*DP*043
DTM*999*20051012
RMR*IK*702120051007*PI*6.25*6.25*0
REF*PO*0020051008
REF*ST*07021
REF*DP*043
DTM*999*20051007
RMR*IK*702120051009*PI*8.75*8.75*0
REF*PO*0020051010
REF*ST*07021
REF*DP*043
DTM*999*20051009
RMR*IK*702120051012*PI*3.75*3.75*0
REF*PO*0020051013
REF*ST*07021
REF*DP*043
DTM*999*20051012
RMR*IK*704520051006*PI*57.96*57.96*0
REF*PO*0020051007
REF*ST*07045
REF*DP*043
DTM*999*20051006
RMR*IK*704520051007*PI*58.37*58.37*0
REF*PO*0020051008
REF*ST*07045
REF*DP*043
DTM*999*20051007
RMR*IK*704520051008*PI*43.01*43.01*0
REF*PO*0020051009
REF*ST*07045
REF*DP*043
DTM*999*20051008
RMR*IK*704520051009*PI*24.51*24.51*0
REF*PO*0020051010
REF*ST*07045
REF*DP*043
DTM*999*20051009
RMR*IK*704520051010*PI*47.98*47.98*0
REF*PO*0020051011
REF*ST*07045
REF*DP*043
DTM*999*20051010
RMR*IK*704520051011*PI*92.32*92.32*0
REF*PO*0020051012
REF*ST*07045
REF*DP*043
DTM*999*20051011
RMR*IK*704520051012*PI*39.83*39.83*0
REF*PO*0020051013
REF*ST*07045
REF*DP*043
DTM*999*20051012
RMR*IK*705920051006*PI*27.68*27.68*0
REF*PO*0020051007
REF*ST*07059
REF*DP*043
DTM*999*20051006
RMR*IK*705920051007*PI*14.31*14.31*0
REF*PO*0020051008
REF*ST*07059
REF*DP*043
DTM*999*20051007
RMR*IK*705920051008*PI*151.11*151.11*0
REF*PO*0020051009
REF*ST*07059
REF*DP*043
DTM*999*20051008
RMR*IK*705920051009*PI*90.06*90.06*0
REF*PO*0020051010
REF*ST*07059
REF*DP*043
DTM*999*20051009
RMR*IK*705920051010*PI*42.18*42.18*0
REF*PO*0020051011
REF*ST*07059
REF*DP*043
DTM*999*20051010
RMR*IK*705920051011*PI*3.5*3.5*0
REF*PO*0020051012
REF*ST*07059
REF*DP*043
DTM*999*20051011
RMR*IK*705920051012*PI*17*17*0
REF*PO*0020051013
REF*ST*07059
REF*DP*043
DTM*999*20051012
RMR*IK*706420051007*PI*11.05*11.05*0
REF*PO*0020051008
REF*ST*07064
REF*DP*043
DTM*999*20051007
RMR*IK*706420051008*PI*2.06*2.06*0
REF*PO*0020051009
REF*ST*07064
REF*DP*043
DTM*999*20051008
RMR*IK*706620051006*PI*76.71*76.71*0
REF*PO*0020051007
REF*ST*07066
REF*DP*043
DTM*999*20051006
RMR*IK*706620051007*PI*146.43*146.43*0
REF*PO*0020051008
REF*ST*07066
REF*DP*043
DTM*999*20051007
RMR*IK*706620051008*PI*80.93*80.93*0
REF*PO*0020051009
REF*ST*07066
REF*DP*043
DTM*999*20051008
RMR*IK*706620051009*PI*55.17*55.17*0
REF*PO*0020051010
REF*ST*07066
REF*DP*043
DTM*999*20051009
RMR*IK*706620051010*PI*150.5*150.5*0
REF*PO*0020051011
REF*ST*07066
REF*DP*043
DTM*999*20051010
RMR*IK*706620051011*PI*166.98*166.98*0
REF*PO*0020051012
REF*ST*07066
REF*DP*043
DTM*999*20051011
RMR*IK*706620051012*PI*85.54*85.54*0
REF*PO*0020051013
REF*ST*07066
REF*DP*043
DTM*999*20051012
RMR*IK*706920051006*PI*35.21*35.21*0
REF*PO*0020051007
REF*ST*07069
REF*DP*043
DTM*999*20051006
RMR*IK*706920051007*PI*43.79*43.79*0
REF*PO*0020051008
REF*ST*07069
REF*DP*043
DTM*999*20051007
RMR*IK*706920051008*PI*75.99*75.99*0
REF*PO*0020051009
REF*ST*07069
REF*DP*043
DTM*999*20051008
RMR*IK*706920051009*PI*71.52*71.52*0
REF*PO*0020051010
REF*ST*07069
REF*DP*043
DTM*999*20051009
RMR*IK*706920051010*PI*112.7*112.7*0
REF*PO*0020051011
REF*ST*07069
REF*DP*043
DTM*999*20051010
RMR*IK*706920051011*PI*131.52*131.52*0
REF*PO*0020051012
REF*ST*07069
REF*DP*043
DTM*999*20051011
RMR*IK*706920051012*PI*94.76*94.76*0
REF*PO*0020051013
REF*ST*07069
REF*DP*043
DTM*999*20051012
RMR*IK*707620051006*PI*23.5*23.5*0
REF*PO*0020051007
REF*ST*07076
REF*DP*043
DTM*999*20051006
RMR*IK*707620051007*PI*90.99*90.99*0
REF*PO*0020051008
REF*ST*07076
REF*DP*043
DTM*999*20051007
RMR*IK*707620051008*PI*98*98*0
REF*PO*0020051009
REF*ST*07076
REF*DP*043
DTM*999*20051008
RMR*IK*707620051009*PI*91.04*91.04*0
REF*PO*0020051010
REF*ST*07076
REF*DP*043
DTM*999*20051009
RMR*IK*707620051010*PI*74.09*74.09*0
REF*PO*0020051011
REF*ST*07076
REF*DP*043
DTM*999*20051010
RMR*IK*707620051011*PI*72.35*72.35*0
REF*PO*0020051012
REF*ST*07076
REF*DP*043
DTM*999*20051011
RMR*IK*707620051012*PI*101.72*101.72*0
REF*PO*0020051013
REF*ST*07076
REF*DP*043
DTM*999*20051012
RMR*IK*713220051006*PI*99.06*99.06*0
REF*PO*0020051007
REF*ST*07132
REF*DP*043
DTM*999*20051006
RMR*IK*713220051007*PI*41*41*0
REF*PO*0020051008
REF*ST*07132
REF*DP*043
DTM*999*20051007
RMR*IK*713220051008*PI*128.9*128.9*0
REF*PO*0020051009
REF*ST*07132
REF*DP*043
DTM*999*20051008
RMR*IK*713220051009*PI*131.54*131.54*0
REF*PO*0020051010
REF*ST*07132
REF*DP*043
DTM*999*20051009
RMR*IK*713220051010*PI*125.76*125.76*0
REF*PO*0020051011
REF*ST*07132
REF*DP*043
DTM*999*20051010
RMR*IK*713220051011*PI*187.22*187.22*0
REF*PO*0020051012
REF*ST*07132
REF*DP*043
DTM*999*20051011
RMR*IK*713220051012*PI*142.9*142.9*0
REF*PO*0020051013
REF*ST*07132
REF*DP*043
DTM*999*20051012
RMR*IK*714620051006*PI*1.75*1.75*0
REF*PO*0020051007
REF*ST*07146
REF*DP*043
DTM*999*20051006
RMR*IK*714620051007*PI*1.75*1.75*0
REF*PO*0020051008
REF*ST*07146
REF*DP*043
DTM*999*20051007
RMR*IK*714620051008*PI*7*7*0
REF*PO*0020051009
REF*ST*07146
REF*DP*043
DTM*999*20051008
RMR*IK*714620051010*PI*5.15*5.15*0
REF*PO*0020051011
REF*ST*07146
REF*DP*043
DTM*999*20051010
RMR*IK*714620051012*PI*5.15*5.15*0
REF*PO*0020051013
REF*ST*07146
REF*DP*043
DTM*999*20051012
RMR*IK*715420051006*PI*12.68*12.68*0
REF*PO*0020051007
REF*ST*07154
REF*DP*043
DTM*999*20051006
RMR*IK*715420051007*PI*61.31*61.31*0
REF*PO*0020051008
REF*ST*07154
REF*DP*043
DTM*999*20051007
RMR*IK*715420051008*PI*113.71*113.71*0
REF*PO*0020051009
REF*ST*07154
REF*DP*043
DTM*999*20051008
RMR*IK*715420051009*PI*124.73*124.73*0
REF*PO*0020051010
REF*ST*07154
REF*DP*043
DTM*999*20051009
RMR*IK*715420051010*PI*85.37*85.37*0
REF*PO*0020051011
REF*ST*07154
REF*DP*043
DTM*999*20051010
RMR*IK*715420051011*PI*26.68*26.68*0
REF*PO*0020051012
REF*ST*07154
REF*DP*043
DTM*999*20051011
RMR*IK*715420051012*PI*32.24*32.24*0
REF*PO*0020051013
REF*ST*07154
REF*DP*043
DTM*999*20051012
RMR*IK*718420051006*PI*154.15*154.15*0
REF*PO*0020051007
REF*ST*07184
REF*DP*043
DTM*999*20051006
RMR*IK*718420051007*PI*101.92*101.92*0
REF*PO*0020051008
REF*ST*07184
REF*DP*043
DTM*999*20051007
RMR*IK*718420051008*PI*335.68*335.68*0
REF*PO*0020051009
REF*ST*07184
REF*DP*043
DTM*999*20051008
RMR*IK*718420051009*PI*117.86*117.86*0
REF*PO*0020051010
REF*ST*07184
REF*DP*043
DTM*999*20051009
RMR*IK*718420051010*PI*75.42*75.42*0
REF*PO*0020051011
REF*ST*07184
REF*DP*043
DTM*999*20051010
RMR*IK*718420051011*PI*213.84*213.84*0
REF*PO*0020051012
REF*ST*07184
REF*DP*043
DTM*999*20051011
RMR*IK*718420051012*PI*236.1*236.1*0
REF*PO*0020051013
REF*ST*07184
REF*DP*043
DTM*999*20051012
RMR*IK*725520051006*PI*23.65*23.65*0
REF*PO*0020051007
REF*ST*07255
REF*DP*043
DTM*999*20051006
RMR*IK*725520051007*PI*251.77*251.77*0
REF*PO*0020051008
REF*ST*07255
REF*DP*043
DTM*999*20051007
RMR*IK*725520051008*PI*185.24*185.24*0
REF*PO*0020051009
REF*ST*07255
REF*DP*043
DTM*999*20051008
RMR*IK*725520051009*PI*182.14*182.14*0
REF*PO*0020051010
REF*ST*07255
REF*DP*043
DTM*999*20051009
RMR*IK*725520051010*PI*160.82*160.82*0
REF*PO*0020051011
REF*ST*07255
REF*DP*043
DTM*999*20051010
RMR*IK*725520051011*PI*191.14*191.14*0
REF*PO*0020051012
REF*ST*07255
REF*DP*043
DTM*999*20051011
RMR*IK*725520051012*PI*201.33*201.33*0
REF*PO*0020051013
REF*ST*07255
REF*DP*043
DTM*999*20051012
RMR*IK*730420051006*PI*2.5*2.5*0
REF*PO*0020051007
REF*ST*07304
REF*DP*043
DTM*999*20051006
RMR*IK*730420051007*PI*5*5*0
REF*PO*0020051008
REF*ST*07304
REF*DP*043
DTM*999*20051007
RMR*IK*730420051008*PI*10*10*0
REF*PO*0020051009
REF*ST*07304
REF*DP*043
DTM*999*20051008
RMR*IK*730420051009*PI*8.75*8.75*0
REF*PO*0020051010
REF*ST*07304
REF*DP*043
DTM*999*20051009
RMR*IK*730420051010*PI*2.5*2.5*0
REF*PO*0020051011
REF*ST*07304
REF*DP*043
DTM*999*20051010
RMR*IK*730420051011*PI*3.75*3.75*0
REF*PO*0020051012
REF*ST*07304
REF*DP*043
DTM*999*20051011
RMR*IK*735820051006*PI*115.02*115.02*0
REF*PO*0020051007
REF*ST*07358
REF*DP*043
DTM*999*20051006
RMR*IK*735820051007*PI*42.45*42.45*0
REF*PO*0020051008
REF*ST*07358
REF*DP*043
DTM*999*20051007
RMR*IK*735820051008*PI*126.89*126.89*0
REF*PO*0020051009
REF*ST*07358
REF*DP*043
DTM*999*20051008
RMR*IK*735820051009*PI*114.78*114.78*0
REF*PO*0020051010
REF*ST*07358
REF*DP*043
DTM*999*20051009
RMR*IK*735820051010*PI*105.42*105.42*0
REF*PO*0020051011
REF*ST*07358
REF*DP*043
DTM*999*20051010
RMR*IK*735820051011*PI*133.25*133.25*0
REF*PO*0020051012
REF*ST*07358
REF*DP*043
DTM*999*20051011
RMR*IK*735820051012*PI*110.52*110.52*0
REF*PO*0020051013
REF*ST*07358
REF*DP*043
DTM*999*20051012
RMR*IK*736220051006*PI*88.98*88.98*0
REF*PO*0020051007
REF*ST*07362
REF*DP*043
DTM*999*20051006
RMR*IK*736220051007*PI*33.75*33.75*0
REF*PO*0020051008
REF*ST*07362
REF*DP*043
DTM*999*20051007
RMR*IK*736220051008*PI*40.12*40.12*0
REF*PO*0020051009
REF*ST*07362
REF*DP*043
DTM*999*20051008
RMR*IK*736220051009*PI*10.25*10.25*0
REF*PO*0020051010
REF*ST*07362
REF*DP*043
DTM*999*20051009
RMR*IK*736220051010*PI*42.15*42.15*0
REF*PO*0020051011
REF*ST*07362
REF*DP*043
DTM*999*20051010
RMR*IK*736220051011*PI*78.71*78.71*0
REF*PO*0020051012
REF*ST*07362
REF*DP*043
DTM*999*20051011
RMR*IK*736220051012*PI*78.78*78.78*0
REF*PO*0020051013
REF*ST*07362
REF*DP*043
DTM*999*20051012
RMR*IK*743720051007*PI*13.5*13.5*0
REF*PO*0020051008
REF*ST*07437
REF*DP*043
DTM*999*20051007
RMR*IK*743720051008*PI*20.5*20.5*0
REF*PO*0020051009
REF*ST*07437
REF*DP*043
DTM*999*20051008
RMR*IK*743720051011*PI*8.75*8.75*0
REF*PO*0020051012
REF*ST*07437
REF*DP*043
DTM*999*20051011
RMR*IK*746020051006*PI*48.56*48.56*0
REF*PO*0020051007
REF*ST*07460
REF*DP*043
DTM*999*20051006
RMR*IK*746020051007*PI*51.2*51.2*0
REF*PO*0020051008
REF*ST*07460
REF*DP*043
DTM*999*20051007
RMR*IK*746020051008*PI*59.76*59.76*0
REF*PO*0020051009
REF*ST*07460
REF*DP*043
DTM*999*20051008
RMR*IK*746020051009*PI*53.64*53.64*0
REF*PO*0020051010
REF*ST*07460
REF*DP*043
DTM*999*20051009
RMR*IK*746020051010*PI*20.96*20.96*0
REF*PO*0020051011
REF*ST*07460
REF*DP*043
DTM*999*20051010
RMR*IK*746020051011*PI*49.84*49.84*0
REF*PO*0020051012
REF*ST*07460
REF*DP*043
DTM*999*20051011
RMR*IK*746020051012*PI*45.95*45.95*0
REF*PO*0020051013
REF*ST*07460
REF*DP*043
DTM*999*20051012
RMR*IK*746120051006*PI*38.64*38.64*0
REF*PO*0020051007
REF*ST*07461
REF*DP*043
DTM*999*20051006
RMR*IK*746120051007*PI*83.63*83.63*0
REF*PO*0020051008
REF*ST*07461
REF*DP*043
DTM*999*20051007
RMR*IK*746120051008*PI*109.02*109.02*0
REF*PO*0020051009
REF*ST*07461
REF*DP*043
DTM*999*20051008
RMR*IK*746120051009*PI*77.08*77.08*0
REF*PO*0020051010
REF*ST*07461
REF*DP*043
DTM*999*20051009
RMR*IK*746120051010*PI*98.38*98.38*0
REF*PO*0020051011
REF*ST*07461
REF*DP*043
DTM*999*20051010
RMR*IK*746120051011*PI*44.39*44.39*0
REF*PO*0020051012
REF*ST*07461
REF*DP*043
DTM*999*20051011
RMR*IK*746120051012*PI*38.92*38.92*0
REF*PO*0020051013
REF*ST*07461
REF*DP*043
DTM*999*20051012
RMR*IK*754320051007*PI*2.5*2.5*0
REF*PO*0020051008
REF*ST*07543
REF*DP*043
DTM*999*20051007
RMR*IK*754320051008*PI*2.5*2.5*0
REF*PO*0020051009
REF*ST*07543
REF*DP*043
DTM*999*20051008
RMR*IK*754320051010*PI*2.5*2.5*0
REF*PO*0020051011
REF*ST*07543
REF*DP*043
DTM*999*20051010
RMR*IK*754320051011*PI*1.25*1.25*0
REF*PO*0020051012
REF*ST*07543
REF*DP*043
DTM*999*20051011
RMR*IK*754320051012*PI*2.5*2.5*0
REF*PO*0020051013
REF*ST*07543
REF*DP*043
DTM*999*20051012
RMR*IK*760720051006*PI*67.42*67.42*0
REF*PO*0020051007
REF*ST*07607
REF*DP*043
DTM*999*20051006
RMR*IK*760720051007*PI*70.61*70.61*0
REF*PO*0020051008
REF*ST*07607
REF*DP*043
DTM*999*20051007
RMR*IK*760720051008*PI*83.46*83.46*0
REF*PO*0020051009
REF*ST*07607
REF*DP*043
DTM*999*20051008
RMR*IK*760720051009*PI*53.03*53.03*0
REF*PO*0020051010
REF*ST*07607
REF*DP*043
DTM*999*20051009
RMR*IK*760720051010*PI*73.77*73.77*0
REF*PO*0020051011
REF*ST*07607
REF*DP*043
DTM*999*20051010
RMR*IK*760720051011*PI*123.86*123.86*0
REF*PO*0020051012
REF*ST*07607
REF*DP*043
DTM*999*20051011
RMR*IK*760720051012*PI*84.15*84.15*0
REF*PO*0020051013
REF*ST*07607
REF*DP*043
DTM*999*20051012
RMR*IK*761020051006*PI*13.5*13.5*0
REF*PO*0020051007
REF*ST*07610
REF*DP*043
DTM*999*20051006
RMR*IK*761020051007*PI*40.62*40.62*0
REF*PO*0020051008
REF*ST*07610
REF*DP*043
DTM*999*20051007
RMR*IK*761020051008*PI*204.59*204.59*0
REF*PO*0020051009
REF*ST*07610
REF*DP*043
DTM*999*20051008
RMR*IK*761020051009*PI*105.49*105.49*0
REF*PO*0020051010
REF*ST*07610
REF*DP*043
DTM*999*20051009
RMR*IK*761020051010*PI*59.37*59.37*0
REF*PO*0020051011
REF*ST*07610
REF*DP*043
DTM*999*20051010
RMR*IK*761020051011*PI*88.31*88.31*0
REF*PO*0020051012
REF*ST*07610
REF*DP*043
DTM*999*20051011
RMR*IK*761020051012*PI*37.33*37.33*0
REF*PO*0020051013
REF*ST*07610
REF*DP*043
DTM*999*20051012
RMR*IK*762920051006*PI*15.56*15.56*0
REF*PO*0020051007
REF*ST*07629
REF*DP*043
DTM*999*20051006
RMR*IK*762920051007*PI*18.75*18.75*0
REF*PO*0020051008
REF*ST*07629
REF*DP*043
DTM*999*20051007
RMR*IK*762920051008*PI*67.75*67.75*0
REF*PO*0020051009
REF*ST*07629
REF*DP*043
DTM*999*20051008
RMR*IK*762920051009*PI*11.34*11.34*0
REF*PO*0020051010
REF*ST*07629
REF*DP*043
DTM*999*20051009
RMR*IK*762920051010*PI*49.87*49.87*0
REF*PO*0020051011
REF*ST*07629
REF*DP*043
DTM*999*20051010
RMR*IK*762920051011*PI*34.92*34.92*0
REF*PO*0020051012
REF*ST*07629
REF*DP*043
DTM*999*20051011
RMR*IK*762920051012*PI*24.18*24.18*0
REF*PO*0020051013
REF*ST*07629
REF*DP*043
DTM*999*20051012
RMR*IK*763720051006*PI*13.5*13.5*0
REF*PO*0020051007
REF*ST*07637
REF*DP*043
DTM*999*20051006
RMR*IK*763720051007*PI*22.68*22.68*0
REF*PO*0020051008
REF*ST*07637
REF*DP*043
DTM*999*20051007
RMR*IK*763720051008*PI*114.82*114.82*0
REF*PO*0020051009
REF*ST*07637
REF*DP*043
DTM*999*20051008
RMR*IK*763720051009*PI*56.89*56.89*0
REF*PO*0020051010
REF*ST*07637
REF*DP*043
DTM*999*20051009
RMR*IK*763720051010*PI*35.62*35.62*0
REF*PO*0020051011
REF*ST*07637
REF*DP*043
DTM*999*20051010
RMR*IK*763720051011*PI*24.02*24.02*0
REF*PO*0020051012
REF*ST*07637
REF*DP*043
DTM*999*20051011
RMR*IK*763720051012*PI*45.43*45.43*0
REF*PO*0020051013
REF*ST*07637
REF*DP*043
DTM*999*20051012
RMR*IK*771820051006*PI*85.9*85.9*0
REF*PO*0020051007
REF*ST*07718
REF*DP*043
DTM*999*20051006
RMR*IK*771820051007*PI*86.89*86.89*0
REF*PO*0020051008
REF*ST*07718
REF*DP*043
DTM*999*20051007
RMR*IK*771820051008*PI*63.74*63.74*0
REF*PO*0020051009
REF*ST*07718
REF*DP*043
DTM*999*20051008
RMR*IK*771820051009*PI*44.46*44.46*0
REF*PO*0020051010
REF*ST*07718
REF*DP*043
DTM*999*20051009
RMR*IK*771820051010*PI*56.77*56.77*0
REF*PO*0020051011
REF*ST*07718
REF*DP*043
DTM*999*20051010
RMR*IK*771820051011*PI*89.46*89.46*0
REF*PO*0020051012
REF*ST*07718
REF*DP*043
DTM*999*20051011
RMR*IK*771820051012*PI*115.9*115.9*0
REF*PO*0020051013
REF*ST*07718
REF*DP*043
DTM*999*20051012
RMR*IK*771920051006*PI*37.5*37.5*0
REF*PO*0020051007
REF*ST*07719
REF*DP*043
DTM*999*20051006
RMR*IK*771920051007*PI*99.25*99.25*0
REF*PO*0020051008
REF*ST*07719
REF*DP*043
DTM*999*20051007
RMR*IK*771920051008*PI*52.5*52.5*0
REF*PO*0020051009
REF*ST*07719
REF*DP*043
DTM*999*20051008
RMR*IK*771920051009*PI*49.25*49.25*0
REF*PO*0020051010
REF*ST*07719
REF*DP*043
DTM*999*20051009
RMR*IK*771920051010*PI*49*49*0
REF*PO*0020051011
REF*ST*07719
REF*DP*043
DTM*999*20051010
RMR*IK*771920051011*PI*59.75*59.75*0
REF*PO*0020051012
REF*ST*07719
REF*DP*043
DTM*999*20051011
RMR*IK*771920051012*PI*26.75*26.75*0
REF*PO*0020051013
REF*ST*07719
REF*DP*043
DTM*999*20051012
RMR*IK*933120051006*PI*5*5*0
REF*PO*0020051007
REF*ST*09331
REF*DP*043
DTM*999*20051006
RMR*IK*933120051007*PI*3.75*3.75*0
REF*PO*0020051008
REF*ST*09331
REF*DP*043
DTM*999*20051007
RMR*IK*933120051008*PI*4.2*4.2*0
REF*PO*0020051009
REF*ST*09331
REF*DP*043
DTM*999*20051008
RMR*IK*933120051010*PI*17.5*17.5*0
REF*PO*0020051011
REF*ST*09331
REF*DP*043
DTM*999*20051010
RMR*IK*933120051011*PI*15*15*0
REF*PO*0020051012
REF*ST*09331
REF*DP*043
DTM*999*20051011
RMR*IK*933120051012*PI*37.65*37.65*0
REF*PO*0020051013
REF*ST*09331
REF*DP*043
DTM*999*20051012
RMR*IK*933420051006*PI*1.25*1.25*0
REF*PO*0020051007
REF*ST*09334
REF*DP*043
DTM*999*20051006
RMR*IK*933420051008*PI*11.25*11.25*0
REF*PO*0020051009
REF*ST*09334
REF*DP*043
DTM*999*20051008
RMR*IK*933420051009*PI*5*5*0
REF*PO*0020051010
REF*ST*09334
REF*DP*043
DTM*999*20051009
RMR*IK*933420051010*PI*3.75*3.75*0
REF*PO*0020051011
REF*ST*09334
REF*DP*043
DTM*999*20051010
RMR*IK*933820051007*PI*1.25*1.25*0
REF*PO*0020051008
REF*ST*09338
REF*DP*043
DTM*999*20051007
RMR*IK*933820051008*PI*19.2*19.2*0
REF*PO*0020051009
REF*ST*09338
REF*DP*043
DTM*999*20051008
RMR*IK*933820051009*PI*8.75*8.75*0
REF*PO*0020051010
REF*ST*09338
REF*DP*043
DTM*999*20051009
RMR*IK*933820051012*PI*3.35*3.35*0
REF*PO*0020051013
REF*ST*09338
REF*DP*043
DTM*999*20051012
RMR*IK*935120051009*PI*1.25*1.25*0
REF*PO*0020051010
REF*ST*09351
REF*DP*043
DTM*999*20051009
RMR*IK*935320051006*PI*12.5*12.5*0
REF*PO*0020051007
REF*ST*09353
REF*DP*043
DTM*999*20051006
RMR*IK*935320051007*PI*2.5*2.5*0
REF*PO*0020051008
REF*ST*09353
REF*DP*043
DTM*999*20051007
RMR*IK*935320051008*PI*2.5*2.5*0
REF*PO*0020051009
REF*ST*09353
REF*DP*043
DTM*999*20051008
RMR*IK*935320051009*PI*2.5*2.5*0
REF*PO*0020051010
REF*ST*09353
REF*DP*043
DTM*999*20051009
RMR*IK*935320051011*PI*1.25*1.25*0
REF*PO*0020051012
REF*ST*09353
REF*DP*043
DTM*999*20051011
RMR*IK*935320051012*PI*1.25*1.25*0
REF*PO*0020051013
REF*ST*09353
REF*DP*043
DTM*999*20051012
RMR*IK*953220051006*PI*7.5*7.5*0
REF*PO*0020051007
REF*ST*09532
REF*DP*043
DTM*999*20051006
RMR*IK*953220051009*PI*10*10*0
REF*PO*0020051010
REF*ST*09532
REF*DP*043
DTM*999*20051009
RMR*IK*953220051011*PI*8.75*8.75*0
REF*PO*0020051012
REF*ST*09532
REF*DP*043
DTM*999*20051011
RMR*IK*957120051009*PI*13.5*13.5*0
REF*PO*0020051010
REF*ST*09571
REF*DP*043
DTM*999*20051009
RMR*IK*957120051010*PI*40.5*40.5*0
REF*PO*0020051011
REF*ST*09571
REF*DP*043
DTM*999*20051010
RMR*IK*962020051006*PI*17.25*17.25*0
REF*PO*0020051007
REF*ST*09620
REF*DP*043
DTM*999*20051006
RMR*IK*962020051007*PI*41.31*41.31*0
REF*PO*0020051008
REF*ST*09620
REF*DP*043
DTM*999*20051007
RMR*IK*962020051008*PI*46.99*46.99*0
REF*PO*0020051009
REF*ST*09620
REF*DP*043
DTM*999*20051008
RMR*IK*962020051009*PI*16.5*16.5*0
REF*PO*0020051010
REF*ST*09620
REF*DP*043
DTM*999*20051009
RMR*IK*962020051010*PI*79.37*79.37*0
REF*PO*0020051011
REF*ST*09620
REF*DP*043
DTM*999*20051010
RMR*IK*962020051011*PI*39.55*39.55*0
REF*PO*0020051012
REF*ST*09620
REF*DP*043
DTM*999*20051011
RMR*IK*962020051012*PI*36.43*36.43*0
REF*PO*0020051013
REF*ST*09620
REF*DP*043
DTM*999*20051012
RMR*IK*962120051006*PI*151.88*151.88*0
REF*PO*0020051007
REF*ST*09621
REF*DP*043
DTM*999*20051006
RMR*IK*962120051007*PI*130.86*130.86*0
REF*PO*0020051008
REF*ST*09621
REF*DP*043
DTM*999*20051007
RMR*IK*962120051008*PI*210.39*210.39*0
REF*PO*0020051009
REF*ST*09621
REF*DP*043
DTM*999*20051008
RMR*IK*962120051009*PI*177.27*177.27*0
REF*PO*0020051010
REF*ST*09621
REF*DP*043
DTM*999*20051009
RMR*IK*962120051010*PI*142.06*142.06*0
REF*PO*0020051011
REF*ST*09621
REF*DP*043
DTM*999*20051010
RMR*IK*962120051011*PI*123.11*123.11*0
REF*PO*0020051012
REF*ST*09621
REF*DP*043
DTM*999*20051011
RMR*IK*962120051012*PI*257.14*257.14*0
REF*PO*0020051013
REF*ST*09621
REF*DP*043
DTM*999*20051012
RMR*IK*962220051006*PI*17.25*17.25*0
REF*PO*0020051007
REF*ST*09622
REF*DP*043
DTM*999*20051006
RMR*IK*962220051007*PI*8.75*8.75*0
REF*PO*0020051008
REF*ST*09622
REF*DP*043
DTM*999*20051007
RMR*IK*962220051008*PI*5.25*5.25*0
REF*PO*0020051009
REF*ST*09622
REF*DP*043
DTM*999*20051008
RMR*IK*962220051009*PI*7*7*0
REF*PO*0020051010
REF*ST*09622
REF*DP*043
DTM*999*20051009
RMR*IK*962520051006*PI*43.51*43.51*0
REF*PO*0020051007
REF*ST*09625
REF*DP*043
DTM*999*20051006
RMR*IK*962520051007*PI*43.25*43.25*0
REF*PO*0020051008
REF*ST*09625
REF*DP*043
DTM*999*20051007
RMR*IK*962520051008*PI*75.43*75.43*0
REF*PO*0020051009
REF*ST*09625
REF*DP*043
DTM*999*20051008
RMR*IK*962520051009*PI*9.68*9.68*0
REF*PO*0020051010
REF*ST*09625
REF*DP*043
DTM*999*20051009
RMR*IK*962520051010*PI*26.36*26.36*0
REF*PO*0020051011
REF*ST*09625
REF*DP*043
DTM*999*20051010
RMR*IK*962520051012*PI*13.06*13.06*0
REF*PO*0020051013
REF*ST*09625
REF*DP*043
DTM*999*20051012
RMR*IK*962920051006*PI*123.12*123.12*0
REF*PO*0020051007
REF*ST*09629
REF*DP*043
DTM*999*20051006
RMR*IK*962920051007*PI*78.36*78.36*0
REF*PO*0020051008
REF*ST*09629
REF*DP*043
DTM*999*20051007
RMR*IK*962920051008*PI*145.13*145.13*0
REF*PO*0020051009
REF*ST*09629
REF*DP*043
DTM*999*20051008
RMR*IK*962920051009*PI*74.7*74.7*0
REF*PO*0020051010
REF*ST*09629
REF*DP*043
DTM*999*20051009
RMR*IK*962920051010*PI*96.67*96.67*0
REF*PO*0020051011
REF*ST*09629
REF*DP*043
DTM*999*20051010
RMR*IK*962920051011*PI*131*131*0
REF*PO*0020051012
REF*ST*09629
REF*DP*043
DTM*999*20051011
RMR*IK*962920051012*PI*287.49*287.49*0
REF*PO*0020051013
REF*ST*09629
REF*DP*043
DTM*999*20051012
RMR*IK*963320051006*PI*166.41*166.41*0
REF*PO*0020051007
REF*ST*09633
REF*DP*043
DTM*999*20051006
RMR*IK*963320051007*PI*200.97*200.97*0
REF*PO*0020051008
REF*ST*09633
REF*DP*043
DTM*999*20051007
RMR*IK*963320051008*PI*259.76*259.76*0
REF*PO*0020051009
REF*ST*09633
REF*DP*043
DTM*999*20051008
RMR*IK*963320051009*PI*168.7*168.7*0
REF*PO*0020051010
REF*ST*09633
REF*DP*043
DTM*999*20051009
RMR*IK*963320051010*PI*200.39*200.39*0
REF*PO*0020051011
REF*ST*09633
REF*DP*043
DTM*999*20051010
RMR*IK*963320051011*PI*233.56*233.56*0
REF*PO*0020051012
REF*ST*09633
REF*DP*043
DTM*999*20051011
RMR*IK*963320051012*PI*205.23*205.23*0
REF*PO*0020051013
REF*ST*09633
REF*DP*043
DTM*999*20051012
RMR*IK*963920051007*PI*1.75*1.75*0
REF*PO*0020051008
REF*ST*09639
REF*DP*043
DTM*999*20051007
RMR*IK*963920051008*PI*13.5*13.5*0
REF*PO*0020051009
REF*ST*09639
REF*DP*043
DTM*999*20051008
RMR*IK*963920051009*PI*6.75*6.75*0
REF*PO*0020051010
REF*ST*09639
REF*DP*043
DTM*999*20051009
RMR*IK*964820051006*PI*136.37*136.37*0
REF*PO*0020051007
REF*ST*09648
REF*DP*043
DTM*999*20051006
RMR*IK*964820051007*PI*208.66*208.66*0
REF*PO*0020051008
REF*ST*09648
REF*DP*043
DTM*999*20051007
RMR*IK*964820051008*PI*130.4*130.4*0
REF*PO*0020051009
REF*ST*09648
REF*DP*043
DTM*999*20051008
RMR*IK*964820051009*PI*127.95*127.95*0
REF*PO*0020051010
REF*ST*09648
REF*DP*043
DTM*999*20051009
RMR*IK*964820051010*PI*135.84*135.84*0
REF*PO*0020051011
REF*ST*09648
REF*DP*043
DTM*999*20051010
RMR*IK*964820051011*PI*300.97*300.97*0
REF*PO*0020051012
REF*ST*09648
REF*DP*043
DTM*999*20051011
RMR*IK*964820051012*PI*112.6*112.6*0
REF*PO*0020051013
REF*ST*09648
REF*DP*043
DTM*999*20051012
RMR*IK*967420051006*PI*35.49*35.49*0
REF*PO*0020051007
REF*ST*09674
REF*DP*043
DTM*999*20051006
RMR*IK*967420051007*PI*56.41*56.41*0
REF*PO*0020051008
REF*ST*09674
REF*DP*043
DTM*999*20051007
RMR*IK*967420051008*PI*98.44*98.44*0
REF*PO*0020051009
REF*ST*09674
REF*DP*043
DTM*999*20051008
RMR*IK*967420051009*PI*34.87*34.87*0
REF*PO*0020051010
REF*ST*09674
REF*DP*043
DTM*999*20051009
RMR*IK*967420051010*PI*45.56*45.56*0
REF*PO*0020051011
REF*ST*09674
REF*DP*043
DTM*999*20051010
RMR*IK*967420051011*PI*61.99*61.99*0
REF*PO*0020051012
REF*ST*09674
REF*DP*043
DTM*999*20051011
RMR*IK*967420051012*PI*90.38*90.38*0
REF*PO*0020051013
REF*ST*09674
REF*DP*043
DTM*999*20051012
RMR*IK*968020051007*PI*8.4*8.4*0
REF*PO*0020051008
REF*ST*09680
REF*DP*043
DTM*999*20051007
RMR*IK*968020051009*PI*5*5*0
REF*PO*0020051010
REF*ST*09680
REF*DP*043
DTM*999*20051009
RMR*IK*968020051010*PI*15*15*0
REF*PO*0020051011
REF*ST*09680
REF*DP*043
DTM*999*20051010
RMR*IK*968020051011*PI*1.25*1.25*0
REF*PO*0020051012
REF*ST*09680
REF*DP*043
DTM*999*20051011
RMR*IK*968020051012*PI*5*5*0
REF*PO*0020051013
REF*ST*09680
REF*DP*043
DTM*999*20051012
RMR*IK*972820051007*PI*3.5*3.5*0
REF*PO*0020051008
REF*ST*09728
REF*DP*043
DTM*999*20051007
RMR*IK*972820051008*PI*1.75*1.75*0
REF*PO*0020051009
REF*ST*09728
REF*DP*043
DTM*999*20051008
RMR*IK*972820051010*PI*2.06*2.06*0
REF*PO*0020051011
REF*ST*09728
REF*DP*043
DTM*999*20051010
RMR*IK*972820051011*PI*2.5*2.5*0
REF*PO*0020051012
REF*ST*09728
REF*DP*043
DTM*999*20051011
RMR*IK*972820051012*PI*1.5*1.5*0
REF*PO*0020051013
REF*ST*09728
REF*DP*043
DTM*999*20051012
RMR*IK*973520051007*PI*2.25*2.25*0
REF*PO*0020051008
REF*ST*09735
REF*DP*043
DTM*999*20051007
RMR*IK*973520051009*PI*5.87*5.87*0
REF*PO*0020051010
REF*ST*09735
REF*DP*043
DTM*999*20051009
RMR*IK*973520051010*PI*10.5*10.5*0
REF*PO*0020051011
REF*ST*09735
REF*DP*043
DTM*999*20051010
RMR*IK*973520051011*PI*15.37*15.37*0
REF*PO*0020051012
REF*ST*09735
REF*DP*043
DTM*999*20051011
RMR*IK*975820051006*PI*23.5*23.5*0
REF*PO*0020051007
REF*ST*09758
REF*DP*043
DTM*999*20051006
RMR*IK*975820051007*PI*15.06*15.06*0
REF*PO*0020051008
REF*ST*09758
REF*DP*043
DTM*999*20051007
RMR*IK*975820051008*PI*60.5*60.5*0
REF*PO*0020051009
REF*ST*09758
REF*DP*043
DTM*999*20051008
RMR*IK*975820051009*PI*38.5*38.5*0
REF*PO*0020051010
REF*ST*09758
REF*DP*043
DTM*999*20051009
RMR*IK*975820051010*PI*41.24*41.24*0
REF*PO*0020051011
REF*ST*09758
REF*DP*043
DTM*999*20051010
RMR*IK*975820051011*PI*9.03*9.03*0
REF*PO*0020051012
REF*ST*09758
REF*DP*043
DTM*999*20051011
RMR*IK*975820051012*PI*48.81*48.81*0
REF*PO*0020051013
REF*ST*09758
REF*DP*043
DTM*999*20051012
SE*3174*000000001
GE*1*100215
IEA*1*000100306
ISA*00*          *00*          *09*006985290AC    *12*6154525825     *051108*0437*U*00400*000000898*0*P*>
GS*PD*006985290AC*6154525825*20051108*04371256*275*X*004010
ST*852*000000001
XQ*H*20051108
N9*AD*T00000040
LIN**CB*970657110*ZZ*43*UP*831664000842*****DG*3*VS*00000
ZA*QS***006*20051107
CTP**UCP*5.75
SDQ*EA*ZZ*4093*1*4244*1
CTT*1
SE*9*000000001
ST*852*000000002
XQ*H*20051108
N9*AD*T00000040
LIN**CB*970956116*ZZ*43*UP*831664000019*****DG*1*VS*00000
ZA*QS***006*20051106
CTP**UCP*.75
SDQ*EA*ZZ*5023*16
ZA*QS***006*20051107
CTP**UCP*.75
SDQ*EA*ZZ*3143*12*3348*16*3359*14*3408*5*3602*4*3660*2*3836*22*3929*9*3941*7*3996*1
SDQ*EA*ZZ*4071*4*4093*12*4717*2*4719*4*4769*2*4817*3*4835*17*4970*11*7059*9*7066*7
SDQ*EA*ZZ*7069*11*7132*4*7255*1*7461*3*7610*17*9621*8*9625*4*9629*21*9633*2*9648*3
SDQ*EA*ZZ*9674*18
LIN**CB*970956116*ZZ*43*UP*831664000019*****DG*3*VS*00000
ZA*QS***006*20051107
CTP**UCP*.75
SDQ*EA*ZZ*4475*15*7358*5
LIN**CB*970956116*ZZ*43*UP*831664000019*****DG*4*VS*00000
ZA*QS***006*20051107
CTP**UCP*.75
SDQ*EA*ZZ*3644*5
LIN**CB*970956116*ZZ*43*UP*831664000019*****DG*5*VS*00000
ZA*QS***006*20051107
CTP**UCP*.75
SDQ*EA*ZZ*3644*4*9621*16
LIN**CB*970956116*ZZ*43*UP*831664000019*****DG*8*VS*00000
ZA*QS***006*20051107
CTP**UCP*.75
SDQ*EA*ZZ*3083*3*3644*6*7066*2*9621*15
LIN**CB*970956116*ZZ*43*UP*831664000019*****DG*9*VS*00000
ZA*QS***006*20051107
CTP**UCP*.75
SDQ*EA*ZZ*4244*6
CTT*6
SE*35*000000002
ST*852*000000003
XQ*H*20051108
N9*AD*T00000040
LIN**CB*970957114*ZZ*43*UP*831664000255*****DG*8*VS*00000
ZA*QS***006*20051107
CTP**UCP*.75
SDQ*EA*ZZ*3703*12
CTT*1
SE*9*000000003
ST*852*000000004
XQ*H*20051108
N9*AD*T00000040
LIN**CB*970961116*ZZ*43*UP*831664000330*****DG*1*VS*00000
ZA*QS***006*20051107
CTP**UCP*1.85
SDQ*EA*ZZ*7358*2
CTT*1
SE*9*000000004
ST*852*000000005
XQ*H*20051108
N9*AD*T00000040
LIN**CB*970976114*ZZ*43*UP*831664000514*****DG*1*VS*00000
ZA*QS***006*20051107
CTP**UCP*.55
SDQ*EA*ZZ*3143*2*4835*3
CTT*1
SE*9*000000005
ST*852*000000006
XQ*H*20051108
N9*AD*T00000040
LIN**CB*970977112*ZZ*43*UP*831664000521*****DG*1*VS*00000
ZA*QS***006*20051107
CTP**UCP*1.1
SDQ*EA*ZZ*3143*3*4093*2*4835*3*7066*5*7132*1*9629*2*9758*1
LIN**CB*970977112*ZZ*43*UP*831664000521*****DG*9*VS*00000
ZA*QS***006*20051107
CTP**UCP*1.1
SDQ*EA*ZZ*3103*2
CTT*2
SE*13*000000006
ST*852*000000007
XQ*H*20051108
N9*AD*T00000040
LIN**CB*970978110*ZZ*43*UP*831664000538*****DG*1*VS*00000
ZA*QS***006*20051107
CTP**UCP*3.75
SDQ*EA*ZZ*3713*1*3836*2
CTT*1
SE*9*000000007
ST*852*000000008
XQ*H*20051108
N9*AD*T00000040
LIN**CB*970979118*ZZ*43*UP*831664000583*****DG*1*VS*00000
ZA*QS***006*20051107
CTP**UCP*3.75
SDQ*EA*ZZ*4093*2*4475*3*7718*2
CTT*1
SE*9*000000008
ST*852*000000009
XQ*H*20051108
N9*AD*T00000040
LIN**CB*970980116*ZZ*43*UP*831664000965*****DG*1*VS*00000
ZA*QS***006*20051107
CTP**UCP*.35
SDQ*EA*ZZ*7358*24
CTT*1
SE*9*000000009
ST*852*000000010
XQ*H*20051108
N9*AD*T00000040
LIN**CB*970981114*ZZ*43*UP*831664000972*****DG*1*VS*00000
ZA*QS***006*20051107
CTP**UCP*.65
SDQ*EA*ZZ*3063*7*3083*12*3646*1*3703*6*3876*3*3966*9*3978*6*4093*4*4719*1*7045*10
SDQ*EA*ZZ*7066*4*7132*6*7255*5*7362*6*7461*2*7607*18*9633*10
CTT*1
SE*10*000000010
ST*852*000000011
XQ*H*20051108
N9*AD*T00000040
LIN**CB*970982112*ZZ*43*UP*831664000989*****DG*1*VS*00000
ZA*QS***006*20051107
CTP**UCP*1
SDQ*EA*ZZ*3978*1
CTT*1
SE*9*000000011
ST*852*000000012
XQ*H*20051108
N9*AD*T00000040
LIN**CB*970987111*ZZ*43*UP*831664001030*****DG*1*VS*00000
ZA*QS***006*20051107
CTP**UCP*3.25
SDQ*EA*ZZ*3966*1
CTT*1
SE*9*000000012
ST*852*000000013
XQ*H*20051108
N9*AD*T00000040
LIN**CB*970988119*ZZ*43*UP*831664001047*****DG*1*VS*00000
ZA*QS***006*20051107
CTP**UCP*.5
SDQ*EA*ZZ*7184*1*7362*17*7607*2
CTT*1
SE*9*000000013
GE*13*275
IEA*1*000000898
*** SUPERTRACS READY FOR INPUT
