ISA*00*          *00*          *09*006985290EFT   *12*6154525825     *050530*1439*U*00400*000100283*0*P*>
GS*RA*006985290EFT*6154525825*20050530*14390354*100192*X*004010
ST*820*000000001
BPR*I*202184.13*C*ACH*CCP*01*021000018*DA*0300955622*9008965873**01*064102601*DA*3000289*20050531*VEN
TRN*3*770123244*9008965873
DTM*097*20050530
N1*PR*KMART CORPORATION*1*008965873
N1*PE*YOUNGS FARMS*92*00069099588
N1*SE*YOUNGS FARMS*92*00069099588
ENT*1
RMR*IK*306320050428*PI*113.1*113.1*0
REF*PO*0020050429
REF*ST*03063
REF*DP*043
DTM*999*20050428
RMR*IK*306320050429*PI*362.64*362.64*0
REF*PO*0020050430
REF*ST*03063
REF*DP*043
DTM*999*20050429
RMR*IK*306320050430*PI*125.47*125.47*0
REF*PO*0020050501
REF*ST*03063
REF*DP*043
DTM*999*20050430
RMR*IK*306320050501*PI*205.5*205.5*0
REF*PO*0020050502
REF*ST*03063
REF*DP*043
DTM*999*20050501
RMR*IK*306320050502*PI*298.4*298.4*0
REF*PO*0020050503
REF*ST*03063
REF*DP*043
DTM*999*20050502
RMR*IK*306320050503*PI*249.94*249.94*0
REF*PO*0020050504
REF*ST*03063
REF*DP*043
DTM*999*20050503
RMR*IK*306320050504*PI*199.41*199.41*0
REF*PO*0020050505
REF*ST*03063
REF*DP*043
DTM*999*20050504
RMR*IK*308320050428*PI*337.17*337.17*0
REF*PO*0020050429
REF*ST*03083
REF*DP*043
DTM*999*20050428
RMR*IK*308320050429*PI*523.55*523.55*0
REF*PO*0020050430
REF*ST*03083
REF*DP*043
DTM*999*20050429
RMR*IK*308320050430*PI*498.24*498.24*0
REF*PO*0020050501
REF*ST*03083
REF*DP*043
DTM*999*20050430
RMR*IK*308320050501*PI*621.18*621.18*0
REF*PO*0020050502
REF*ST*03083
REF*DP*043
DTM*999*20050501
RMR*IK*308320050502*PI*446.32*446.32*0
REF*PO*0020050503
REF*ST*03083
REF*DP*043
DTM*999*20050502
RMR*IK*308320050503*PI*982.36*982.36*0
REF*PO*0020050504
REF*ST*03083
REF*DP*043
DTM*999*20050503
RMR*IK*308320050504*PI*677.19*677.19*0
REF*PO*0020050505
REF*ST*03083
REF*DP*043
DTM*999*20050504
RMR*IK*308420050428*PI*101.58*101.58*0
REF*PO*0020050429
REF*ST*03084
REF*DP*043
DTM*999*20050428
RMR*IK*308420050429*PI*174.7*174.7*0
REF*PO*0020050430
REF*ST*03084
REF*DP*043
DTM*999*20050429
RMR*IK*308420050430*PI*212.12*212.12*0
REF*PO*0020050501
REF*ST*03084
REF*DP*043
DTM*999*20050430
RMR*IK*308420050501*PI*530.64*530.64*0
REF*PO*0020050502
REF*ST*03084
REF*DP*043
DTM*999*20050501
RMR*IK*308420050502*PI*358.42*358.42*0
REF*PO*0020050503
REF*ST*03084
REF*DP*043
DTM*999*20050502
RMR*IK*308420050503*PI*339.64*339.64*0
REF*PO*0020050504
REF*ST*03084
REF*DP*043
DTM*999*20050503
RMR*IK*308420050504*PI*271.02*271.02*0
REF*PO*0020050505
REF*ST*03084
REF*DP*043
DTM*999*20050504
RMR*IK*310320050428*PI*247.55*247.55*0
REF*PO*0020050429
REF*ST*03103
REF*DP*043
DTM*999*20050428
RMR*IK*310320050429*PI*126.99*126.99*0
REF*PO*0020050430
REF*ST*03103
REF*DP*043
DTM*999*20050429
RMR*IK*310320050430*PI*259*259*0
REF*PO*0020050501
REF*ST*03103
REF*DP*043
DTM*999*20050430
RMR*IK*310320050501*PI*475.7*475.7*0
REF*PO*0020050502
REF*ST*03103
REF*DP*043
DTM*999*20050501
RMR*IK*310320050502*PI*471.31*471.31*0
REF*PO*0020050503
REF*ST*03103
REF*DP*043
DTM*999*20050502
RMR*IK*310320050503*PI*469.3*469.3*0
REF*PO*0020050504
REF*ST*03103
REF*DP*043
DTM*999*20050503
RMR*IK*310320050504*PI*447.7*447.7*0
REF*PO*0020050505
REF*ST*03103
REF*DP*043
DTM*999*20050504
RMR*IK*310320050520*PI*-3.09*-3.09*0
REF*PO*0020050522
REF*ST*03103
REF*DP*043
DTM*999*20050520
RMR*IK*314320050428*PI*183.48*183.48*0
REF*PO*0020050429
REF*ST*03143
REF*DP*043
DTM*999*20050428
RMR*IK*314320050429*PI*185.26*185.26*0
REF*PO*0020050430
REF*ST*03143
REF*DP*043
DTM*999*20050429
RMR*IK*314320050430*PI*176.1*176.1*0
REF*PO*0020050501
REF*ST*03143
REF*DP*043
DTM*999*20050430
RMR*IK*314320050501*PI*215.54*215.54*0
REF*PO*0020050502
REF*ST*03143
REF*DP*043
DTM*999*20050501
RMR*IK*314320050502*PI*248.78*248.78*0
REF*PO*0020050503
REF*ST*03143
REF*DP*043
DTM*999*20050502
RMR*IK*314320050503*PI*343.01*343.01*0
REF*PO*0020050504
REF*ST*03143
REF*DP*043
DTM*999*20050503
RMR*IK*314320050504*PI*684.12*684.12*0
REF*PO*0020050505
REF*ST*03143
REF*DP*043
DTM*999*20050504
RMR*IK*319420050428*PI*270.75*270.75*0
REF*PO*0020050429
REF*ST*03194
REF*DP*043
DTM*999*20050428
RMR*IK*319420050429*PI*247.93*247.93*0
REF*PO*0020050430
REF*ST*03194
REF*DP*043
DTM*999*20050429
RMR*IK*319420050430*PI*164.64*164.64*0
REF*PO*0020050501
REF*ST*03194
REF*DP*043
DTM*999*20050430
RMR*IK*319420050501*PI*372.82*372.82*0
REF*PO*0020050502
REF*ST*03194
REF*DP*043
DTM*999*20050501
RMR*IK*319420050502*PI*245.43*245.43*0
REF*PO*0020050503
REF*ST*03194
REF*DP*043
DTM*999*20050502
RMR*IK*319420050503*PI*454.98*454.98*0
REF*PO*0020050504
REF*ST*03194
REF*DP*043
DTM*999*20050503
RMR*IK*319420050504*PI*258.82*258.82*0
REF*PO*0020050505
REF*ST*03194
REF*DP*043
DTM*999*20050504
RMR*IK*334820050428*PI*190.24*190.24*0
REF*PO*0020050429
REF*ST*03348
REF*DP*043
DTM*999*20050428
RMR*IK*334820050429*PI*124.92*124.92*0
REF*PO*0020050430
REF*ST*03348
REF*DP*043
DTM*999*20050429
RMR*IK*334820050430*PI*307.76*307.76*0
REF*PO*0020050501
REF*ST*03348
REF*DP*043
DTM*999*20050430
RMR*IK*334820050501*PI*357.83*357.83*0
REF*PO*0020050502
REF*ST*03348
REF*DP*043
DTM*999*20050501
RMR*IK*334820050502*PI*230.44*230.44*0
REF*PO*0020050503
REF*ST*03348
REF*DP*043
DTM*999*20050502
RMR*IK*334820050503*PI*168.62*168.62*0
REF*PO*0020050504
REF*ST*03348
REF*DP*043
DTM*999*20050503
RMR*IK*334820050504*PI*259.61*259.61*0
REF*PO*0020050505
REF*ST*03348
REF*DP*043
DTM*999*20050504
RMR*IK*335920050428*PI*229.89*229.89*0
REF*PO*0020050429
REF*ST*03359
REF*DP*043
DTM*999*20050428
RMR*IK*335920050429*PI*276.25*276.25*0
REF*PO*0020050430
REF*ST*03359
REF*DP*043
DTM*999*20050429
RMR*IK*335920050430*PI*180.58*180.58*0
REF*PO*0020050501
REF*ST*03359
REF*DP*043
DTM*999*20050430
RMR*IK*335920050501*PI*258.58*258.58*0
REF*PO*0020050502
REF*ST*03359
REF*DP*043
DTM*999*20050501
RMR*IK*335920050502*PI*152.29*152.29*0
REF*PO*0020050503
REF*ST*03359
REF*DP*043
DTM*999*20050502
RMR*IK*335920050503*PI*328.04*328.04*0
REF*PO*0020050504
REF*ST*03359
REF*DP*043
DTM*999*20050503
RMR*IK*335920050504*PI*224.6*224.6*0
REF*PO*0020050505
REF*ST*03359
REF*DP*043
DTM*999*20050504
RMR*IK*340820050428*PI*153.52*153.52*0
REF*PO*0020050429
REF*ST*03408
REF*DP*043
DTM*999*20050428
RMR*IK*340820050429*PI*300.96*300.96*0
REF*PO*0020050430
REF*ST*03408
REF*DP*043
DTM*999*20050429
RMR*IK*340820050430*PI*324.69*324.69*0
REF*PO*0020050501
REF*ST*03408
REF*DP*043
DTM*999*20050430
RMR*IK*340820050501*PI*351.88*351.88*0
REF*PO*0020050502
REF*ST*03408
REF*DP*043
DTM*999*20050501
RMR*IK*340820050502*PI*341.46*341.46*0
REF*PO*0020050503
REF*ST*03408
REF*DP*043
DTM*999*20050502
RMR*IK*340820050503*PI*404.05*404.05*0
REF*PO*0020050504
REF*ST*03408
REF*DP*043
DTM*999*20050503
RMR*IK*340820050504*PI*439.71*439.71*0
REF*PO*0020050505
REF*ST*03408
REF*DP*043
DTM*999*20050504
RMR*IK*360220050428*PI*329.21*329.21*0
REF*PO*0020050429
REF*ST*03602
REF*DP*043
DTM*999*20050428
RMR*IK*360220050429*PI*486.74*486.74*0
REF*PO*0020050430
REF*ST*03602
REF*DP*043
DTM*999*20050429
RMR*IK*360220050430*PI*321.39*321.39*0
REF*PO*0020050501
REF*ST*03602
REF*DP*043
DTM*999*20050430
RMR*IK*360220050501*PI*522.36*522.36*0
REF*PO*0020050502
REF*ST*03602
REF*DP*043
DTM*999*20050501
RMR*IK*360220050502*PI*377.38*377.38*0
REF*PO*0020050503
REF*ST*03602
REF*DP*043
DTM*999*20050502
RMR*IK*360220050503*PI*350.67*350.67*0
REF*PO*0020050504
REF*ST*03602
REF*DP*043
DTM*999*20050503
RMR*IK*360220050504*PI*557.27*557.27*0
REF*PO*0020050505
REF*ST*03602
REF*DP*043
DTM*999*20050504
RMR*IK*364420050428*PI*192.9*192.9*0
REF*PO*0020050429
REF*ST*03644
REF*DP*043
DTM*999*20050428
RMR*IK*364420050429*PI*223.6*223.6*0
REF*PO*0020050430
REF*ST*03644
REF*DP*043
DTM*999*20050429
RMR*IK*364420050430*PI*261.57*261.57*0
REF*PO*0020050501
REF*ST*03644
REF*DP*043
DTM*999*20050430
RMR*IK*364420050501*PI*932.03*932.03*0
REF*PO*0020050502
REF*ST*03644
REF*DP*043
DTM*999*20050501
RMR*IK*364420050502*PI*409.05*409.05*0
REF*PO*0020050503
REF*ST*03644
REF*DP*043
DTM*999*20050502
RMR*IK*364420050503*PI*473.42*473.42*0
REF*PO*0020050504
REF*ST*03644
REF*DP*043
DTM*999*20050503
RMR*IK*364420050504*PI*392.79*392.79*0
REF*PO*0020050505
REF*ST*03644
REF*DP*043
DTM*999*20050504
RMR*IK*364620050428*PI*214.88*214.88*0
REF*PO*0020050429
REF*ST*03646
REF*DP*043
DTM*999*20050428
RMR*IK*364620050429*PI*343.11*343.11*0
REF*PO*0020050430
REF*ST*03646
REF*DP*043
DTM*999*20050429
RMR*IK*364620050430*PI*449.16*449.16*0
REF*PO*0020050501
REF*ST*03646
REF*DP*043
DTM*999*20050430
RMR*IK*364620050501*PI*823.64*823.64*0
REF*PO*0020050502
REF*ST*03646
REF*DP*043
DTM*999*20050501
RMR*IK*364620050502*PI*539.62*539.62*0
REF*PO*0020050503
REF*ST*03646
REF*DP*043
DTM*999*20050502
RMR*IK*364620050503*PI*316.76*316.76*0
REF*PO*0020050504
REF*ST*03646
REF*DP*043
DTM*999*20050503
RMR*IK*364620050504*PI*585.51*585.51*0
REF*PO*0020050505
REF*ST*03646
REF*DP*043
DTM*999*20050504
RMR*IK*366020050428*PI*234.33*234.33*0
REF*PO*0020050429
REF*ST*03660
REF*DP*043
DTM*999*20050428
RMR*IK*366020050429*PI*256.19*256.19*0
REF*PO*0020050430
REF*ST*03660
REF*DP*043
DTM*999*20050429
RMR*IK*366020050430*PI*196.96*196.96*0
REF*PO*0020050501
REF*ST*03660
REF*DP*043
DTM*999*20050430
RMR*IK*366020050501*PI*240.71*240.71*0
REF*PO*0020050502
REF*ST*03660
REF*DP*043
DTM*999*20050501
RMR*IK*366020050502*PI*265.22*265.22*0
REF*PO*0020050503
REF*ST*03660
REF*DP*043
DTM*999*20050502
RMR*IK*366020050503*PI*290.91*290.91*0
REF*PO*0020050504
REF*ST*03660
REF*DP*043
DTM*999*20050503
RMR*IK*366020050504*PI*289.59*289.59*0
REF*PO*0020050505
REF*ST*03660
REF*DP*043
DTM*999*20050504
RMR*IK*367220050428*PI*131.01*131.01*0
REF*PO*0020050429
REF*ST*03672
REF*DP*043
DTM*999*20050428
RMR*IK*367220050429*PI*254.94*254.94*0
REF*PO*0020050430
REF*ST*03672
REF*DP*043
DTM*999*20050429
RMR*IK*367220050430*PI*190.58*190.58*0
REF*PO*0020050501
REF*ST*03672
REF*DP*043
DTM*999*20050430
RMR*IK*367220050501*PI*244.16*244.16*0
REF*PO*0020050502
REF*ST*03672
REF*DP*043
DTM*999*20050501
RMR*IK*367220050502*PI*188.76*188.76*0
REF*PO*0020050503
REF*ST*03672
REF*DP*043
DTM*999*20050502
RMR*IK*367220050503*PI*156.27*156.27*0
REF*PO*0020050504
REF*ST*03672
REF*DP*043
DTM*999*20050503
RMR*IK*367220050504*PI*194.48*194.48*0
REF*PO*0020050505
REF*ST*03672
REF*DP*043
DTM*999*20050504
RMR*IK*368520050428*PI*137.13*137.13*0
REF*PO*0020050429
REF*ST*03685
REF*DP*043
DTM*999*20050428
RMR*IK*368520050429*PI*257.85*257.85*0
REF*PO*0020050430
REF*ST*03685
REF*DP*043
DTM*999*20050429
RMR*IK*368520050430*PI*103.67*103.67*0
REF*PO*0020050501
REF*ST*03685
REF*DP*043
DTM*999*20050430
RMR*IK*368520050501*PI*167.47*167.47*0
REF*PO*0020050502
REF*ST*03685
REF*DP*043
DTM*999*20050501
RMR*IK*368520050502*PI*227.61*227.61*0
REF*PO*0020050503
REF*ST*03685
REF*DP*043
DTM*999*20050502
RMR*IK*368520050503*PI*219.97*219.97*0
REF*PO*0020050504
REF*ST*03685
REF*DP*043
DTM*999*20050503
RMR*IK*368520050504*PI*172.47*172.47*0
REF*PO*0020050505
REF*ST*03685
REF*DP*043
DTM*999*20050504
RMR*IK*370320050428*PI*466.36*466.36*0
REF*PO*0020050429
REF*ST*03703
REF*DP*043
DTM*999*20050428
RMR*IK*370320050429*PI*939.34*939.34*0
REF*PO*0020050430
REF*ST*03703
REF*DP*043
DTM*999*20050429
RMR*IK*370320050430*PI*668.18*668.18*0
REF*PO*0020050501
REF*ST*03703
REF*DP*043
DTM*999*20050430
RMR*IK*370320050501*PI*1731.34*1731.34*0
REF*PO*0020050502
REF*ST*03703
REF*DP*043
DTM*999*20050501
RMR*IK*370320050502*PI*1004.62*1004.62*0
REF*PO*0020050503
REF*ST*03703
REF*DP*043
DTM*999*20050502
RMR*IK*370320050503*PI*977.75*977.75*0
REF*PO*0020050504
REF*ST*03703
REF*DP*043
DTM*999*20050503
RMR*IK*370320050504*PI*886.56*886.56*0
REF*PO*0020050505
REF*ST*03703
REF*DP*043
DTM*999*20050504
RMR*IK*371320050428*PI*373.27*373.27*0
REF*PO*0020050429
REF*ST*03713
REF*DP*043
DTM*999*20050428
RMR*IK*371320050429*PI*406.37*406.37*0
REF*PO*0020050430
REF*ST*03713
REF*DP*043
DTM*999*20050429
RMR*IK*371320050430*PI*196.06*196.06*0
REF*PO*0020050501
REF*ST*03713
REF*DP*043
DTM*999*20050430
RMR*IK*371320050501*PI*450.09*450.09*0
REF*PO*0020050502
REF*ST*03713
REF*DP*043
DTM*999*20050501
RMR*IK*371320050502*PI*327.15*327.15*0
REF*PO*0020050503
REF*ST*03713
REF*DP*043
DTM*999*20050502
RMR*IK*371320050503*PI*392.41*392.41*0
REF*PO*0020050504
REF*ST*03713
REF*DP*043
DTM*999*20050503
RMR*IK*371320050504*PI*342.68*342.68*0
REF*PO*0020050505
REF*ST*03713
REF*DP*043
DTM*999*20050504
RMR*IK*371520050428*PI*192.34*192.34*0
REF*PO*0020050429
REF*ST*03715
REF*DP*043
DTM*999*20050428
RMR*IK*371520050429*PI*159.84*159.84*0
REF*PO*0020050430
REF*ST*03715
REF*DP*043
DTM*999*20050429
RMR*IK*371520050430*PI*293.64*293.64*0
REF*PO*0020050501
REF*ST*03715
REF*DP*043
DTM*999*20050430
RMR*IK*371520050501*PI*384.33*384.33*0
REF*PO*0020050502
REF*ST*03715
REF*DP*043
DTM*999*20050501
RMR*IK*371520050502*PI*435.85*435.85*0
REF*PO*0020050503
REF*ST*03715
REF*DP*043
DTM*999*20050502
RMR*IK*371520050503*PI*430.3*430.3*0
REF*PO*0020050504
REF*ST*03715
REF*DP*043
DTM*999*20050503
RMR*IK*371520050504*PI*422.31*422.31*0
REF*PO*0020050505
REF*ST*03715
REF*DP*043
DTM*999*20050504
RMR*IK*382220050428*PI*170.15*170.15*0
REF*PO*0020050429
REF*ST*03822
REF*DP*043
DTM*999*20050428
RMR*IK*382220050429*PI*288.87*288.87*0
REF*PO*0020050430
REF*ST*03822
REF*DP*043
DTM*999*20050429
RMR*IK*382220050430*PI*290.46*290.46*0
REF*PO*0020050501
REF*ST*03822
REF*DP*043
DTM*999*20050430
RMR*IK*382220050501*PI*285.79*285.79*0
REF*PO*0020050502
REF*ST*03822
REF*DP*043
DTM*999*20050501
RMR*IK*382220050502*PI*308.65*308.65*0
REF*PO*0020050503
REF*ST*03822
REF*DP*043
DTM*999*20050502
RMR*IK*382220050503*PI*218.4*218.4*0
REF*PO*0020050504
REF*ST*03822
REF*DP*043
DTM*999*20050503
RMR*IK*382220050504*PI*324*324*0
REF*PO*0020050505
REF*ST*03822
REF*DP*043
DTM*999*20050504
RMR*IK*383620050428*PI*177.95*177.95*0
REF*PO*0020050429
REF*ST*03836
REF*DP*043
DTM*999*20050428
RMR*IK*383620050429*PI*485.46*485.46*0
REF*PO*0020050430
REF*ST*03836
REF*DP*043
DTM*999*20050429
RMR*IK*383620050430*PI*282.49*282.49*0
REF*PO*0020050501
REF*ST*03836
REF*DP*043
DTM*999*20050430
RMR*IK*383620050501*PI*390.01*390.01*0
REF*PO*0020050502
REF*ST*03836
REF*DP*043
DTM*999*20050501
RMR*IK*383620050502*PI*364.3*364.3*0
REF*PO*0020050503
REF*ST*03836
REF*DP*043
DTM*999*20050502
RMR*IK*383620050503*PI*700.89*700.89*0
REF*PO*0020050504
REF*ST*03836
REF*DP*043
DTM*999*20050503
RMR*IK*383620050504*PI*435.28*435.28*0
REF*PO*0020050505
REF*ST*03836
REF*DP*043
DTM*999*20050504
RMR*IK*384820050428*PI*255.74*255.74*0
REF*PO*0020050429
REF*ST*03848
REF*DP*043
DTM*999*20050428
RMR*IK*384820050429*PI*320.64*320.64*0
REF*PO*0020050430
REF*ST*03848
REF*DP*043
DTM*999*20050429
RMR*IK*384820050430*PI*280.12*280.12*0
REF*PO*0020050501
REF*ST*03848
REF*DP*043
DTM*999*20050430
RMR*IK*384820050501*PI*354.24*354.24*0
REF*PO*0020050502
REF*ST*03848
REF*DP*043
DTM*999*20050501
RMR*IK*384820050502*PI*487.05*487.05*0
REF*PO*0020050503
REF*ST*03848
REF*DP*043
DTM*999*20050502
RMR*IK*384820050503*PI*496.51*496.51*0
REF*PO*0020050504
REF*ST*03848
REF*DP*043
DTM*999*20050503
RMR*IK*384820050504*PI*563.81*563.81*0
REF*PO*0020050505
REF*ST*03848
REF*DP*043
DTM*999*20050504
RMR*IK*387620050428*PI*20.61*20.61*0
REF*PO*0020050429
REF*ST*03876
REF*DP*043
DTM*999*20050428
RMR*IK*387620050429*PI*101.48*101.48*0
REF*PO*0020050430
REF*ST*03876
REF*DP*043
DTM*999*20050429
RMR*IK*387620050430*PI*139.12*139.12*0
REF*PO*0020050501
REF*ST*03876
REF*DP*043
DTM*999*20050430
RMR*IK*387620050501*PI*139.3*139.3*0
REF*PO*0020050502
REF*ST*03876
REF*DP*043
DTM*999*20050501
RMR*IK*387620050502*PI*106.8*106.8*0
REF*PO*0020050503
REF*ST*03876
REF*DP*043
DTM*999*20050502
RMR*IK*387620050503*PI*89.13*89.13*0
REF*PO*0020050504
REF*ST*03876
REF*DP*043
DTM*999*20050503
RMR*IK*387620050504*PI*107.67*107.67*0
REF*PO*0020050505
REF*ST*03876
REF*DP*043
DTM*999*20050504
RMR*IK*392920050428*PI*64.78*64.78*0
REF*PO*0020050429
REF*ST*03929
REF*DP*043
DTM*999*20050428
RMR*IK*392920050429*PI*100.58*100.58*0
REF*PO*0020050430
REF*ST*03929
REF*DP*043
DTM*999*20050429
RMR*IK*392920050430*PI*54.09*54.09*0
REF*PO*0020050501
REF*ST*03929
REF*DP*043
DTM*999*20050430
RMR*IK*392920050501*PI*39.18*39.18*0
REF*PO*0020050502
REF*ST*03929
REF*DP*043
DTM*999*20050501
RMR*IK*392920050502*PI*132.76*132.76*0
REF*PO*0020050503
REF*ST*03929
REF*DP*043
DTM*999*20050502
RMR*IK*392920050503*PI*35.17*35.17*0
REF*PO*0020050504
REF*ST*03929
REF*DP*043
DTM*999*20050503
RMR*IK*392920050504*PI*216.99*216.99*0
REF*PO*0020050505
REF*ST*03929
REF*DP*043
DTM*999*20050504
RMR*IK*393120050428*PI*104.15*104.15*0
REF*PO*0020050429
REF*ST*03931
REF*DP*043
DTM*999*20050428
RMR*IK*393120050429*PI*161.81*161.81*0
REF*PO*0020050430
REF*ST*03931
REF*DP*043
DTM*999*20050429
RMR*IK*393120050430*PI*80.68*80.68*0
REF*PO*0020050501
REF*ST*03931
REF*DP*043
DTM*999*20050430
RMR*IK*393120050501*PI*158.89*158.89*0
REF*PO*0020050502
REF*ST*03931
REF*DP*043
DTM*999*20050501
RMR*IK*393120050502*PI*199.55*199.55*0
REF*PO*0020050503
REF*ST*03931
REF*DP*043
DTM*999*20050502
RMR*IK*393120050503*PI*168.42*168.42*0
REF*PO*0020050504
REF*ST*03931
REF*DP*043
DTM*999*20050503
RMR*IK*393120050504*PI*187.27*187.27*0
REF*PO*0020050505
REF*ST*03931
REF*DP*043
DTM*999*20050504
RMR*IK*393120050523*PI*-7.09*-7.09*0
REF*PO*0020050525
REF*ST*03931
REF*DP*043
DTM*999*20050523
RMR*IK*394120050428*PI*121.58*121.58*0
REF*PO*0020050429
REF*ST*03941
REF*DP*043
DTM*999*20050428
RMR*IK*394120050429*PI*227.6*227.6*0
REF*PO*0020050430
REF*ST*03941
REF*DP*043
DTM*999*20050429
RMR*IK*394120050430*PI*362.63*362.63*0
REF*PO*0020050501
REF*ST*03941
REF*DP*043
DTM*999*20050430
RMR*IK*394120050501*PI*511.33*511.33*0
REF*PO*0020050502
REF*ST*03941
REF*DP*043
DTM*999*20050501
RMR*IK*394120050502*PI*236.93*236.93*0
REF*PO*0020050503
REF*ST*03941
REF*DP*043
DTM*999*20050502
RMR*IK*394120050503*PI*267.34*267.34*0
REF*PO*0020050504
REF*ST*03941
REF*DP*043
DTM*999*20050503
RMR*IK*394120050504*PI*506.62*506.62*0
REF*PO*0020050505
REF*ST*03941
REF*DP*043
DTM*999*20050504
RMR*IK*396620050428*PI*384.9*384.9*0
REF*PO*0020050429
REF*ST*03966
REF*DP*043
DTM*999*20050428
RMR*IK*396620050429*PI*338.46*338.46*0
REF*PO*0020050430
REF*ST*03966
REF*DP*043
DTM*999*20050429
RMR*IK*396620050430*PI*150.52*150.52*0
REF*PO*0020050501
REF*ST*03966
REF*DP*043
DTM*999*20050430
RMR*IK*396620050501*PI*276.46*276.46*0
REF*PO*0020050502
REF*ST*03966
REF*DP*043
DTM*999*20050501
RMR*IK*396620050502*PI*274.66*274.66*0
REF*PO*0020050503
REF*ST*03966
REF*DP*043
DTM*999*20050502
RMR*IK*396620050503*PI*242.21*242.21*0
REF*PO*0020050504
REF*ST*03966
REF*DP*043
DTM*999*20050503
RMR*IK*396620050504*PI*447.48*447.48*0
REF*PO*0020050505
REF*ST*03966
REF*DP*043
DTM*999*20050504
RMR*IK*397820050428*PI*462.56*462.56*0
REF*PO*0020050429
REF*ST*03978
REF*DP*043
DTM*999*20050428
RMR*IK*397820050429*PI*422.48*422.48*0
REF*PO*0020050430
REF*ST*03978
REF*DP*043
DTM*999*20050429
RMR*IK*397820050430*PI*106.73*106.73*0
REF*PO*0020050501
REF*ST*03978
REF*DP*043
DTM*999*20050430
RMR*IK*397820050501*PI*436.87*436.87*0
REF*PO*0020050502
REF*ST*03978
REF*DP*043
DTM*999*20050501
RMR*IK*397820050502*PI*317.73*317.73*0
REF*PO*0020050503
REF*ST*03978
REF*DP*043
DTM*999*20050502
RMR*IK*397820050503*PI*284.26*284.26*0
REF*PO*0020050504
REF*ST*03978
REF*DP*043
DTM*999*20050503
RMR*IK*397820050504*PI*485.91*485.91*0
REF*PO*0020050505
REF*ST*03978
REF*DP*043
DTM*999*20050504
RMR*IK*399620050428*PI*208.37*208.37*0
REF*PO*0020050429
REF*ST*03996
REF*DP*043
DTM*999*20050428
RMR*IK*399620050429*PI*246.44*246.44*0
REF*PO*0020050430
REF*ST*03996
REF*DP*043
DTM*999*20050429
RMR*IK*399620050430*PI*148.65*148.65*0
REF*PO*0020050501
REF*ST*03996
REF*DP*043
DTM*999*20050430
RMR*IK*399620050501*PI*297.62*297.62*0
REF*PO*0020050502
REF*ST*03996
REF*DP*043
DTM*999*20050501
RMR*IK*399620050502*PI*122.42*122.42*0
REF*PO*0020050503
REF*ST*03996
REF*DP*043
DTM*999*20050502
RMR*IK*399620050503*PI*302.84*302.84*0
REF*PO*0020050504
REF*ST*03996
REF*DP*043
DTM*999*20050503
RMR*IK*399620050504*PI*348.95*348.95*0
REF*PO*0020050505
REF*ST*03996
REF*DP*043
DTM*999*20050504
RMR*IK*403320050428*PI*126.12*126.12*0
REF*PO*0020050429
REF*ST*04033
REF*DP*043
DTM*999*20050428
RMR*IK*403320050429*PI*209.77*209.77*0
REF*PO*0020050430
REF*ST*04033
REF*DP*043
DTM*999*20050429
RMR*IK*403320050430*PI*112.49*112.49*0
REF*PO*0020050501
REF*ST*04033
REF*DP*043
DTM*999*20050430
RMR*IK*403320050501*PI*370.13*370.13*0
REF*PO*0020050502
REF*ST*04033
REF*DP*043
DTM*999*20050501
RMR*IK*403320050502*PI*137.83*137.83*0
REF*PO*0020050503
REF*ST*04033
REF*DP*043
DTM*999*20050502
RMR*IK*403320050503*PI*238.69*238.69*0
REF*PO*0020050504
REF*ST*04033
REF*DP*043
DTM*999*20050503
RMR*IK*403320050504*PI*106.41*106.41*0
REF*PO*0020050505
REF*ST*04033
REF*DP*043
DTM*999*20050504
RMR*IK*407120050428*PI*267.55*267.55*0
REF*PO*0020050429
REF*ST*04071
REF*DP*043
DTM*999*20050428
RMR*IK*407120050429*PI*396.64*396.64*0
REF*PO*0020050430
REF*ST*04071
REF*DP*043
DTM*999*20050429
RMR*IK*407120050430*PI*200.63*200.63*0
REF*PO*0020050501
REF*ST*04071
REF*DP*043
DTM*999*20050430
RMR*IK*407120050501*PI*244.68*244.68*0
REF*PO*0020050502
REF*ST*04071
REF*DP*043
DTM*999*20050501
RMR*IK*407120050502*PI*176.42*176.42*0
REF*PO*0020050503
REF*ST*04071
REF*DP*043
DTM*999*20050502
RMR*IK*407120050503*PI*353.69*353.69*0
REF*PO*0020050504
REF*ST*04071
REF*DP*043
DTM*999*20050503
RMR*IK*407120050504*PI*403.13*403.13*0
REF*PO*0020050505
REF*ST*04071
REF*DP*043
DTM*999*20050504
RMR*IK*409320050428*PI*330.35*330.35*0
REF*PO*0020050429
REF*ST*04093
REF*DP*043
DTM*999*20050428
RMR*IK*409320050429*PI*621.32*621.32*0
REF*PO*0020050430
REF*ST*04093
REF*DP*043
DTM*999*20050429
RMR*IK*409320050430*PI*580.52*580.52*0
REF*PO*0020050501
REF*ST*04093
REF*DP*043
DTM*999*20050430
RMR*IK*409320050501*PI*1249.48*1249.48*0
REF*PO*0020050502
REF*ST*04093
REF*DP*043
DTM*999*20050501
RMR*IK*409320050502*PI*826.56*826.56*0
REF*PO*0020050503
REF*ST*04093
REF*DP*043
DTM*999*20050502
RMR*IK*409320050503*PI*939.34*939.34*0
REF*PO*0020050504
REF*ST*04093
REF*DP*043
DTM*999*20050503
RMR*IK*409320050504*PI*925.7*925.7*0
REF*PO*0020050505
REF*ST*04093
REF*DP*043
DTM*999*20050504
RMR*IK*410320050428*PI*271.3*271.3*0
REF*PO*0020050429
REF*ST*04103
REF*DP*043
DTM*999*20050428
RMR*IK*410320050429*PI*584.19*584.19*0
REF*PO*0020050430
REF*ST*04103
REF*DP*043
DTM*999*20050429
RMR*IK*410320050430*PI*788.88*788.88*0
REF*PO*0020050501
REF*ST*04103
REF*DP*043
DTM*999*20050430
RMR*IK*410320050501*PI*1217.04*1217.04*0
REF*PO*0020050502
REF*ST*04103
REF*DP*043
DTM*999*20050501
RMR*IK*410320050502*PI*1074.12*1074.12*0
REF*PO*0020050503
REF*ST*04103
REF*DP*043
DTM*999*20050502
RMR*IK*410320050503*PI*718.97*718.97*0
REF*PO*0020050504
REF*ST*04103
REF*DP*043
DTM*999*20050503
RMR*IK*410320050504*PI*822.96*822.96*0
REF*PO*0020050505
REF*ST*04103
REF*DP*043
DTM*999*20050504
RMR*IK*410320050521*PI*-3.75*-3.75*0
REF*PO*0020050523
REF*ST*04103
REF*DP*043
DTM*999*20050521
RMR*IK*421320050428*PI*270.08*270.08*0
REF*PO*0020050429
REF*ST*04213
REF*DP*043
DTM*999*20050428
RMR*IK*421320050429*PI*232.49*232.49*0
REF*PO*0020050430
REF*ST*04213
REF*DP*043
DTM*999*20050429
RMR*IK*421320050430*PI*176.48*176.48*0
REF*PO*0020050501
REF*ST*04213
REF*DP*043
DTM*999*20050430
RMR*IK*421320050501*PI*282.15*282.15*0
REF*PO*0020050502
REF*ST*04213
REF*DP*043
DTM*999*20050501
RMR*IK*421320050502*PI*281.5*281.5*0
REF*PO*0020050503
REF*ST*04213
REF*DP*043
DTM*999*20050502
RMR*IK*421320050503*PI*303.58*303.58*0
REF*PO*0020050504
REF*ST*04213
REF*DP*043
DTM*999*20050503
RMR*IK*421320050504*PI*327.48*327.48*0
REF*PO*0020050505
REF*ST*04213
REF*DP*043
DTM*999*20050504
RMR*IK*424120050428*PI*106.97*106.97*0
REF*PO*0020050429
REF*ST*04241
REF*DP*043
DTM*999*20050428
RMR*IK*424120050429*PI*212.9*212.9*0
REF*PO*0020050430
REF*ST*04241
REF*DP*043
DTM*999*20050429
RMR*IK*424120050430*PI*141.71*141.71*0
REF*PO*0020050501
REF*ST*04241
REF*DP*043
DTM*999*20050430
RMR*IK*424120050501*PI*66.41*66.41*0
REF*PO*0020050502
REF*ST*04241
REF*DP*043
DTM*999*20050501
RMR*IK*424120050502*PI*120.25*120.25*0
REF*PO*0020050503
REF*ST*04241
REF*DP*043
DTM*999*20050502
RMR*IK*424120050503*PI*90.03*90.03*0
REF*PO*0020050504
REF*ST*04241
REF*DP*043
DTM*999*20050503
RMR*IK*424120050504*PI*48.65*48.65*0
REF*PO*0020050505
REF*ST*04241
REF*DP*043
DTM*999*20050504
RMR*IK*424420050428*PI*303.91*303.91*0
REF*PO*0020050429
REF*ST*04244
REF*DP*043
DTM*999*20050428
RMR*IK*424420050429*PI*377.23*377.23*0
REF*PO*0020050430
REF*ST*04244
REF*DP*043
DTM*999*20050429
RMR*IK*424420050430*PI*608.91*608.91*0
REF*PO*0020050501
REF*ST*04244
REF*DP*043
DTM*999*20050430
RMR*IK*424420050501*PI*1653.64*1653.64*0
REF*PO*0020050502
REF*ST*04244
REF*DP*043
DTM*999*20050501
RMR*IK*424420050502*PI*1217.49*1217.49*0
REF*PO*0020050503
REF*ST*04244
REF*DP*043
DTM*999*20050502
RMR*IK*424420050503*PI*721.28*721.28*0
REF*PO*0020050504
REF*ST*04244
REF*DP*043
DTM*999*20050503
RMR*IK*424420050504*PI*1126.47*1126.47*0
REF*PO*0020050505
REF*ST*04244
REF*DP*043
DTM*999*20050504
RMR*IK*430820050428*PI*221.52*221.52*0
REF*PO*0020050429
REF*ST*04308
REF*DP*043
DTM*999*20050428
RMR*IK*430820050429*PI*337.02*337.02*0
REF*PO*0020050430
REF*ST*04308
REF*DP*043
DTM*999*20050429
RMR*IK*430820050430*PI*185.43*185.43*0
REF*PO*0020050501
REF*ST*04308
REF*DP*043
DTM*999*20050430
RMR*IK*430820050501*PI*322.72*322.72*0
REF*PO*0020050502
REF*ST*04308
REF*DP*043
DTM*999*20050501
RMR*IK*430820050502*PI*266.58*266.58*0
REF*PO*0020050503
REF*ST*04308
REF*DP*043
DTM*999*20050502
RMR*IK*430820050503*PI*313.28*313.28*0
REF*PO*0020050504
REF*ST*04308
REF*DP*043
DTM*999*20050503
RMR*IK*430820050504*PI*245.24*245.24*0
REF*PO*0020050505
REF*ST*04308
REF*DP*043
DTM*999*20050504
RMR*IK*431220050428*PI*279.41*279.41*0
REF*PO*0020050429
REF*ST*04312
REF*DP*043
DTM*999*20050428
RMR*IK*431220050429*PI*271.85*271.85*0
REF*PO*0020050430
REF*ST*04312
REF*DP*043
DTM*999*20050429
RMR*IK*431220050430*PI*248.53*248.53*0
REF*PO*0020050501
REF*ST*04312
REF*DP*043
DTM*999*20050430
RMR*IK*431220050501*PI*319.14*319.14*0
REF*PO*0020050502
REF*ST*04312
REF*DP*043
DTM*999*20050501
RMR*IK*431220050502*PI*274.01*274.01*0
REF*PO*0020050503
REF*ST*04312
REF*DP*043
DTM*999*20050502
RMR*IK*431220050503*PI*226.67*226.67*0
REF*PO*0020050504
REF*ST*04312
REF*DP*043
DTM*999*20050503
RMR*IK*431220050504*PI*167.18*167.18*0
REF*PO*0020050505
REF*ST*04312
REF*DP*043
DTM*999*20050504
RMR*IK*447520050428*PI*399.25*399.25*0
REF*PO*0020050429
REF*ST*04475
REF*DP*043
DTM*999*20050428
RMR*IK*447520050429*PI*591.19*591.19*0
REF*PO*0020050430
REF*ST*04475
REF*DP*043
DTM*999*20050429
RMR*IK*447520050430*PI*280.48*280.48*0
REF*PO*0020050501
REF*ST*04475
REF*DP*043
DTM*999*20050430
RMR*IK*447520050501*PI*278.87*278.87*0
REF*PO*0020050502
REF*ST*04475
REF*DP*043
DTM*999*20050501
RMR*IK*447520050502*PI*481.35*481.35*0
REF*PO*0020050503
REF*ST*04475
REF*DP*043
DTM*999*20050502
RMR*IK*447520050503*PI*499.9*499.9*0
REF*PO*0020050504
REF*ST*04475
REF*DP*043
DTM*999*20050503
RMR*IK*447520050504*PI*735.82*735.82*0
REF*PO*0020050505
REF*ST*04475
REF*DP*043
DTM*999*20050504
RMR*IK*471720050428*PI*347.69*347.69*0
REF*PO*0020050429
REF*ST*04717
REF*DP*043
DTM*999*20050428
RMR*IK*471720050429*PI*281.48*281.48*0
REF*PO*0020050430
REF*ST*04717
REF*DP*043
DTM*999*20050429
RMR*IK*471720050430*PI*378.1*378.1*0
REF*PO*0020050501
REF*ST*04717
REF*DP*043
DTM*999*20050430
RMR*IK*471720050501*PI*629.01*629.01*0
REF*PO*0020050502
REF*ST*04717
REF*DP*043
DTM*999*20050501
RMR*IK*471720050502*PI*390.01*390.01*0
REF*PO*0020050503
REF*ST*04717
REF*DP*043
DTM*999*20050502
RMR*IK*471720050503*PI*762.82*762.82*0
REF*PO*0020050504
REF*ST*04717
REF*DP*043
DTM*999*20050503
RMR*IK*471720050504*PI*662.19*662.19*0
REF*PO*0020050505
REF*ST*04717
REF*DP*043
DTM*999*20050504
RMR*IK*471920050428*PI*634.98*634.98*0
REF*PO*0020050429
REF*ST*04719
REF*DP*043
DTM*999*20050428
RMR*IK*471920050429*PI*654.4*654.4*0
REF*PO*0020050430
REF*ST*04719
REF*DP*043
DTM*999*20050429
RMR*IK*471920050430*PI*429.02*429.02*0
REF*PO*0020050501
REF*ST*04719
REF*DP*043
DTM*999*20050430
RMR*IK*471920050501*PI*787.76*787.76*0
REF*PO*0020050502
REF*ST*04719
REF*DP*043
DTM*999*20050501
RMR*IK*471920050502*PI*768.67*768.67*0
REF*PO*0020050503
REF*ST*04719
REF*DP*043
DTM*999*20050502
RMR*IK*471920050503*PI*532.43*532.43*0
REF*PO*0020050504
REF*ST*04719
REF*DP*043
DTM*999*20050503
RMR*IK*471920050504*PI*734.82*734.82*0
REF*PO*0020050505
REF*ST*04719
REF*DP*043
DTM*999*20050504
RMR*IK*473920050428*PI*33.67*33.67*0
REF*PO*0020050429
REF*ST*04739
REF*DP*043
DTM*999*20050428
RMR*IK*473920050429*PI*120.88*120.88*0
REF*PO*0020050430
REF*ST*04739
REF*DP*043
DTM*999*20050429
RMR*IK*473920050430*PI*326.88*326.88*0
REF*PO*0020050501
REF*ST*04739
REF*DP*043
DTM*999*20050430
RMR*IK*473920050501*PI*551.33*551.33*0
REF*PO*0020050502
REF*ST*04739
REF*DP*043
DTM*999*20050501
RMR*IK*473920050502*PI*251.23*251.23*0
REF*PO*0020050503
REF*ST*04739
REF*DP*043
DTM*999*20050502
RMR*IK*473920050503*PI*250.16*250.16*0
REF*PO*0020050504
REF*ST*04739
REF*DP*043
DTM*999*20050503
RMR*IK*473920050504*PI*212.95*212.95*0
REF*PO*0020050505
REF*ST*04739
REF*DP*043
DTM*999*20050504
RMR*IK*475320050428*PI*42.42*42.42*0
REF*PO*0020050429
REF*ST*04753
REF*DP*043
DTM*999*20050428
RMR*IK*475320050429*PI*86.43*86.43*0
REF*PO*0020050430
REF*ST*04753
REF*DP*043
DTM*999*20050429
RMR*IK*475320050430*PI*157.99*157.99*0
REF*PO*0020050501
REF*ST*04753
REF*DP*043
DTM*999*20050430
RMR*IK*475320050501*PI*322.97*322.97*0
REF*PO*0020050502
REF*ST*04753
REF*DP*043
DTM*999*20050501
RMR*IK*475320050502*PI*131.59*131.59*0
REF*PO*0020050503
REF*ST*04753
REF*DP*043
DTM*999*20050502
RMR*IK*475320050503*PI*155.79*155.79*0
REF*PO*0020050504
REF*ST*04753
REF*DP*043
DTM*999*20050503
RMR*IK*475320050504*PI*256.84*256.84*0
REF*PO*0020050505
REF*ST*04753
REF*DP*043
DTM*999*20050504
RMR*IK*476020050428*PI*253.5*253.5*0
REF*PO*0020050429
REF*ST*04760
REF*DP*043
DTM*999*20050428
RMR*IK*476020050429*PI*208.7*208.7*0
REF*PO*0020050430
REF*ST*04760
REF*DP*043
DTM*999*20050429
RMR*IK*476020050430*PI*63.68*63.68*0
REF*PO*0020050501
REF*ST*04760
REF*DP*043
DTM*999*20050430
RMR*IK*476020050501*PI*325.76*325.76*0
REF*PO*0020050502
REF*ST*04760
REF*DP*043
DTM*999*20050501
RMR*IK*476020050502*PI*198.58*198.58*0
REF*PO*0020050503
REF*ST*04760
REF*DP*043
DTM*999*20050502
RMR*IK*476020050503*PI*170.17*170.17*0
REF*PO*0020050504
REF*ST*04760
REF*DP*043
DTM*999*20050503
RMR*IK*476020050504*PI*338.53*338.53*0
REF*PO*0020050505
REF*ST*04760
REF*DP*043
DTM*999*20050504
RMR*IK*476920050428*PI*373.37*373.37*0
REF*PO*0020050429
REF*ST*04769
REF*DP*043
DTM*999*20050428
RMR*IK*476920050429*PI*396.61*396.61*0
REF*PO*0020050430
REF*ST*04769
REF*DP*043
DTM*999*20050429
RMR*IK*476920050430*PI*223.7*223.7*0
REF*PO*0020050501
REF*ST*04769
REF*DP*043
DTM*999*20050430
RMR*IK*476920050501*PI*430.01*430.01*0
REF*PO*0020050502
REF*ST*04769
REF*DP*043
DTM*999*20050501
RMR*IK*476920050502*PI*368.89*368.89*0
REF*PO*0020050503
REF*ST*04769
REF*DP*043
DTM*999*20050502
RMR*IK*476920050503*PI*280.94*280.94*0
REF*PO*0020050504
REF*ST*04769
REF*DP*043
DTM*999*20050503
RMR*IK*476920050504*PI*324.88*324.88*0
REF*PO*0020050505
REF*ST*04769
REF*DP*043
DTM*999*20050504
RMR*IK*481720050428*PI*263.03*263.03*0
REF*PO*0020050429
REF*ST*04817
REF*DP*043
DTM*999*20050428
RMR*IK*481720050429*PI*592.7*592.7*0
REF*PO*0020050430
REF*ST*04817
REF*DP*043
DTM*999*20050429
RMR*IK*481720050430*PI*234.18*234.18*0
REF*PO*0020050501
REF*ST*04817
REF*DP*043
DTM*999*20050430
RMR*IK*481720050501*PI*297.99*297.99*0
REF*PO*0020050502
REF*ST*04817
REF*DP*043
DTM*999*20050501
RMR*IK*481720050502*PI*285.55*285.55*0
REF*PO*0020050503
REF*ST*04817
REF*DP*043
DTM*999*20050502
RMR*IK*481720050503*PI*269.84*269.84*0
REF*PO*0020050504
REF*ST*04817
REF*DP*043
DTM*999*20050503
RMR*IK*481720050504*PI*300.66*300.66*0
REF*PO*0020050505
REF*ST*04817
REF*DP*043
DTM*999*20050504
RMR*IK*483520050428*PI*108.09*108.09*0
REF*PO*0020050429
REF*ST*04835
REF*DP*043
DTM*999*20050428
RMR*IK*483520050429*PI*178.91*178.91*0
REF*PO*0020050430
REF*ST*04835
REF*DP*043
DTM*999*20050429
RMR*IK*483520050430*PI*181.48*181.48*0
REF*PO*0020050501
REF*ST*04835
REF*DP*043
DTM*999*20050430
RMR*IK*483520050501*PI*86.94*86.94*0
REF*PO*0020050502
REF*ST*04835
REF*DP*043
DTM*999*20050501
RMR*IK*483520050502*PI*90.05*90.05*0
REF*PO*0020050503
REF*ST*04835
REF*DP*043
DTM*999*20050502
RMR*IK*483520050503*PI*192.55*192.55*0
REF*PO*0020050504
REF*ST*04835
REF*DP*043
DTM*999*20050503
RMR*IK*483520050504*PI*137.49*137.49*0
REF*PO*0020050505
REF*ST*04835
REF*DP*043
DTM*999*20050504
RMR*IK*488320050428*PI*103.7*103.7*0
REF*PO*0020050429
REF*ST*04883
REF*DP*043
DTM*999*20050428
RMR*IK*488320050429*PI*251.44*251.44*0
REF*PO*0020050430
REF*ST*04883
REF*DP*043
DTM*999*20050429
RMR*IK*488320050430*PI*174.3*174.3*0
REF*PO*0020050501
REF*ST*04883
REF*DP*043
DTM*999*20050430
RMR*IK*488320050501*PI*386.49*386.49*0
REF*PO*0020050502
REF*ST*04883
REF*DP*043
DTM*999*20050501
RMR*IK*488320050502*PI*208.18*208.18*0
REF*PO*0020050503
REF*ST*04883
REF*DP*043
DTM*999*20050502
RMR*IK*488320050503*PI*377.1*377.1*0
REF*PO*0020050504
REF*ST*04883
REF*DP*043
DTM*999*20050503
RMR*IK*488320050504*PI*348.69*348.69*0
REF*PO*0020050505
REF*ST*04883
REF*DP*043
DTM*999*20050504
RMR*IK*489820050428*PI*73.97*73.97*0
REF*PO*0020050429
REF*ST*04898
REF*DP*043
DTM*999*20050428
RMR*IK*489820050429*PI*78.54*78.54*0
REF*PO*0020050430
REF*ST*04898
REF*DP*043
DTM*999*20050429
RMR*IK*489820050430*PI*121.23*121.23*0
REF*PO*0020050501
REF*ST*04898
REF*DP*043
DTM*999*20050430
RMR*IK*489820050501*PI*293.7*293.7*0
REF*PO*0020050502
REF*ST*04898
REF*DP*043
DTM*999*20050501
RMR*IK*489820050502*PI*117.35*117.35*0
REF*PO*0020050503
REF*ST*04898
REF*DP*043
DTM*999*20050502
RMR*IK*489820050503*PI*124.51*124.51*0
REF*PO*0020050504
REF*ST*04898
REF*DP*043
DTM*999*20050503
RMR*IK*489820050504*PI*93.09*93.09*0
REF*PO*0020050505
REF*ST*04898
REF*DP*043
DTM*999*20050504
RMR*IK*496820050428*PI*238.77*238.77*0
REF*PO*0020050429
REF*ST*04968
REF*DP*043
DTM*999*20050428
RMR*IK*496820050429*PI*179.28*179.28*0
REF*PO*0020050430
REF*ST*04968
REF*DP*043
DTM*999*20050429
RMR*IK*496820050430*PI*325.55*325.55*0
REF*PO*0020050501
REF*ST*04968
REF*DP*043
DTM*999*20050430
RMR*IK*496820050501*PI*585.65*585.65*0
REF*PO*0020050502
REF*ST*04968
REF*DP*043
DTM*999*20050501
RMR*IK*496820050502*PI*363.27*363.27*0
REF*PO*0020050503
REF*ST*04968
REF*DP*043
DTM*999*20050502
RMR*IK*496820050503*PI*453.9*453.9*0
REF*PO*0020050504
REF*ST*04968
REF*DP*043
DTM*999*20050503
RMR*IK*496820050504*PI*285.25*285.25*0
REF*PO*0020050505
REF*ST*04968
REF*DP*043
DTM*999*20050504
RMR*IK*496920050428*PI*159.83*159.83*0
REF*PO*0020050429
REF*ST*04969
REF*DP*043
DTM*999*20050428
RMR*IK*496920050429*PI*253.67*253.67*0
REF*PO*0020050430
REF*ST*04969
REF*DP*043
DTM*999*20050429
RMR*IK*496920050430*PI*286.3*286.3*0
REF*PO*0020050501
REF*ST*04969
REF*DP*043
DTM*999*20050430
RMR*IK*496920050501*PI*292.57*292.57*0
REF*PO*0020050502
REF*ST*04969
REF*DP*043
DTM*999*20050501
RMR*IK*496920050502*PI*178.51*178.51*0
REF*PO*0020050503
REF*ST*04969
REF*DP*043
DTM*999*20050502
RMR*IK*496920050503*PI*242.51*242.51*0
REF*PO*0020050504
REF*ST*04969
REF*DP*043
DTM*999*20050503
RMR*IK*496920050504*PI*332.97*332.97*0
REF*PO*0020050505
REF*ST*04969
REF*DP*043
DTM*999*20050504
RMR*IK*496920050520*PI*-1.35*-1.35*0
REF*PO*0020050522
REF*ST*04969
REF*DP*043
DTM*999*20050520
RMR*IK*497020050428*PI*226.67*226.67*0
REF*PO*0020050429
REF*ST*04970
REF*DP*043
DTM*999*20050428
RMR*IK*497020050429*PI*180.93*180.93*0
REF*PO*0020050430
REF*ST*04970
REF*DP*043
DTM*999*20050429
RMR*IK*497020050430*PI*403.23*403.23*0
REF*PO*0020050501
REF*ST*04970
REF*DP*043
DTM*999*20050430
RMR*IK*497020050501*PI*517.6*517.6*0
REF*PO*0020050502
REF*ST*04970
REF*DP*043
DTM*999*20050501
RMR*IK*497020050502*PI*451.44*451.44*0
REF*PO*0020050503
REF*ST*04970
REF*DP*043
DTM*999*20050502
RMR*IK*497020050503*PI*405.46*405.46*0
REF*PO*0020050504
REF*ST*04970
REF*DP*043
DTM*999*20050503
RMR*IK*497020050504*PI*409.75*409.75*0
REF*PO*0020050505
REF*ST*04970
REF*DP*043
DTM*999*20050504
RMR*IK*704520050428*PI*41.75*41.75*0
REF*PO*0020050429
REF*ST*07045
REF*DP*043
DTM*999*20050428
RMR*IK*704520050429*PI*79.3*79.3*0
REF*PO*0020050430
REF*ST*07045
REF*DP*043
DTM*999*20050429
RMR*IK*704520050430*PI*43.53*43.53*0
REF*PO*0020050501
REF*ST*07045
REF*DP*043
DTM*999*20050430
RMR*IK*704520050501*PI*59.38*59.38*0
REF*PO*0020050502
REF*ST*07045
REF*DP*043
DTM*999*20050501
RMR*IK*704520050502*PI*97.18*97.18*0
REF*PO*0020050503
REF*ST*07045
REF*DP*043
DTM*999*20050502
RMR*IK*704520050503*PI*225.85*225.85*0
REF*PO*0020050504
REF*ST*07045
REF*DP*043
DTM*999*20050503
RMR*IK*704520050504*PI*206.76*206.76*0
REF*PO*0020050505
REF*ST*07045
REF*DP*043
DTM*999*20050504
RMR*IK*705920050428*PI*206.2*206.2*0
REF*PO*0020050429
REF*ST*07059
REF*DP*043
DTM*999*20050428
RMR*IK*705920050429*PI*159.49*159.49*0
REF*PO*0020050430
REF*ST*07059
REF*DP*043
DTM*999*20050429
RMR*IK*705920050430*PI*51.71*51.71*0
REF*PO*0020050501
REF*ST*07059
REF*DP*043
DTM*999*20050430
RMR*IK*705920050501*PI*100.87*100.87*0
REF*PO*0020050502
REF*ST*07059
REF*DP*043
DTM*999*20050501
RMR*IK*705920050502*PI*121.55*121.55*0
REF*PO*0020050503
REF*ST*07059
REF*DP*043
DTM*999*20050502
RMR*IK*705920050503*PI*104.84*104.84*0
REF*PO*0020050504
REF*ST*07059
REF*DP*043
DTM*999*20050503
RMR*IK*705920050504*PI*140.03*140.03*0
REF*PO*0020050505
REF*ST*07059
REF*DP*043
DTM*999*20050504
RMR*IK*706420050428*PI*40.06*40.06*0
REF*PO*0020050429
REF*ST*07064
REF*DP*043
DTM*999*20050428
RMR*IK*706420050429*PI*160.95*160.95*0
REF*PO*0020050430
REF*ST*07064
REF*DP*043
DTM*999*20050429
RMR*IK*706420050430*PI*169.32*169.32*0
REF*PO*0020050501
REF*ST*07064
REF*DP*043
DTM*999*20050430
RMR*IK*706420050501*PI*181.26*181.26*0
REF*PO*0020050502
REF*ST*07064
REF*DP*043
DTM*999*20050501
RMR*IK*706420050502*PI*152.66*152.66*0
REF*PO*0020050503
REF*ST*07064
REF*DP*043
DTM*999*20050502
RMR*IK*706420050503*PI*175.7*175.7*0
REF*PO*0020050504
REF*ST*07064
REF*DP*043
DTM*999*20050503
RMR*IK*706420050504*PI*102.43*102.43*0
REF*PO*0020050505
REF*ST*07064
REF*DP*043
DTM*999*20050504
RMR*IK*706620050428*PI*343.46*343.46*0
REF*PO*0020050429
REF*ST*07066
REF*DP*043
DTM*999*20050428
RMR*IK*706620050429*PI*470.94*470.94*0
REF*PO*0020050430
REF*ST*07066
REF*DP*043
DTM*999*20050429
RMR*IK*706620050430*PI*225.08*225.08*0
REF*PO*0020050501
REF*ST*07066
REF*DP*043
DTM*999*20050430
RMR*IK*706620050501*PI*498.69*498.69*0
REF*PO*0020050502
REF*ST*07066
REF*DP*043
DTM*999*20050501
RMR*IK*706620050502*PI*407.87*407.87*0
REF*PO*0020050503
REF*ST*07066
REF*DP*043
DTM*999*20050502
RMR*IK*706620050503*PI*365.29*365.29*0
REF*PO*0020050504
REF*ST*07066
REF*DP*043
DTM*999*20050503
RMR*IK*706620050504*PI*409.3*409.3*0
REF*PO*0020050505
REF*ST*07066
REF*DP*043
DTM*999*20050504
RMR*IK*706920050428*PI*198.76*198.76*0
REF*PO*0020050429
REF*ST*07069
REF*DP*043
DTM*999*20050428
RMR*IK*706920050429*PI*162.86*162.86*0
REF*PO*0020050430
REF*ST*07069
REF*DP*043
DTM*999*20050429
RMR*IK*706920050430*PI*375.58*375.58*0
REF*PO*0020050501
REF*ST*07069
REF*DP*043
DTM*999*20050430
RMR*IK*706920050501*PI*571.47*571.47*0
REF*PO*0020050502
REF*ST*07069
REF*DP*043
DTM*999*20050501
RMR*IK*706920050502*PI*441.48*441.48*0
REF*PO*0020050503
REF*ST*07069
REF*DP*043
DTM*999*20050502
RMR*IK*706920050503*PI*409.14*409.14*0
REF*PO*0020050504
REF*ST*07069
REF*DP*043
DTM*999*20050503
RMR*IK*706920050504*PI*377.94*377.94*0
REF*PO*0020050505
REF*ST*07069
REF*DP*043
DTM*999*20050504
RMR*IK*707620050428*PI*142.29*142.29*0
REF*PO*0020050429
REF*ST*07076
REF*DP*043
DTM*999*20050428
RMR*IK*707620050429*PI*237.16*237.16*0
REF*PO*0020050430
REF*ST*07076
REF*DP*043
DTM*999*20050429
RMR*IK*707620050430*PI*218.78*218.78*0
REF*PO*0020050501
REF*ST*07076
REF*DP*043
DTM*999*20050430
RMR*IK*707620050501*PI*601.19*601.19*0
REF*PO*0020050502
REF*ST*07076
REF*DP*043
DTM*999*20050501
RMR*IK*707620050502*PI*371.02*371.02*0
REF*PO*0020050503
REF*ST*07076
REF*DP*043
DTM*999*20050502
RMR*IK*707620050503*PI*321.27*321.27*0
REF*PO*0020050504
REF*ST*07076
REF*DP*043
DTM*999*20050503
RMR*IK*707620050504*PI*355.41*355.41*0
REF*PO*0020050505
REF*ST*07076
REF*DP*043
DTM*999*20050504
RMR*IK*713220050428*PI*133.46*133.46*0
REF*PO*0020050429
REF*ST*07132
REF*DP*043
DTM*999*20050428
RMR*IK*713220050429*PI*215.8*215.8*0
REF*PO*0020050430
REF*ST*07132
REF*DP*043
DTM*999*20050429
RMR*IK*713220050430*PI*319.16*319.16*0
REF*PO*0020050501
REF*ST*07132
REF*DP*043
DTM*999*20050430
RMR*IK*713220050501*PI*614.61*614.61*0
REF*PO*0020050502
REF*ST*07132
REF*DP*043
DTM*999*20050501
RMR*IK*713220050502*PI*415.02*415.02*0
REF*PO*0020050503
REF*ST*07132
REF*DP*043
DTM*999*20050502
RMR*IK*713220050503*PI*231.43*231.43*0
REF*PO*0020050504
REF*ST*07132
REF*DP*043
DTM*999*20050503
RMR*IK*713220050504*PI*372.71*372.71*0
REF*PO*0020050505
REF*ST*07132
REF*DP*043
DTM*999*20050504
RMR*IK*714620050428*PI*139.14*139.14*0
REF*PO*0020050429
REF*ST*07146
REF*DP*043
DTM*999*20050428
RMR*IK*714620050429*PI*201.32*201.32*0
REF*PO*0020050430
REF*ST*07146
REF*DP*043
DTM*999*20050429
RMR*IK*714620050430*PI*180.11*180.11*0
REF*PO*0020050501
REF*ST*07146
REF*DP*043
DTM*999*20050430
RMR*IK*714620050501*PI*270.45*270.45*0
REF*PO*0020050502
REF*ST*07146
REF*DP*043
DTM*999*20050501
RMR*IK*714620050502*PI*145.65*145.65*0
REF*PO*0020050503
REF*ST*07146
REF*DP*043
DTM*999*20050502
RMR*IK*714620050503*PI*208.11*208.11*0
REF*PO*0020050504
REF*ST*07146
REF*DP*043
DTM*999*20050503
RMR*IK*714620050504*PI*243.4*243.4*0
REF*PO*0020050505
REF*ST*07146
REF*DP*043
DTM*999*20050504
RMR*IK*715420050428*PI*433.65*433.65*0
REF*PO*0020050429
REF*ST*07154
REF*DP*043
DTM*999*20050428
RMR*IK*715420050429*PI*563.69*563.69*0
REF*PO*0020050430
REF*ST*07154
REF*DP*043
DTM*999*20050429
RMR*IK*715420050430*PI*309.94*309.94*0
REF*PO*0020050501
REF*ST*07154
REF*DP*043
DTM*999*20050430
RMR*IK*715420050501*PI*436.15*436.15*0
REF*PO*0020050502
REF*ST*07154
REF*DP*043
DTM*999*20050501
RMR*IK*715420050502*PI*378.09*378.09*0
REF*PO*0020050503
REF*ST*07154
REF*DP*043
DTM*999*20050502
RMR*IK*715420050503*PI*395.87*395.87*0
REF*PO*0020050504
REF*ST*07154
REF*DP*043
DTM*999*20050503
RMR*IK*715420050504*PI*355.42*355.42*0
REF*PO*0020050505
REF*ST*07154
REF*DP*043
DTM*999*20050504
RMR*IK*718420050428*PI*832.16*832.16*0
REF*PO*0020050429
REF*ST*07184
REF*DP*043
DTM*999*20050428
RMR*IK*718420050429*PI*823.68*823.68*0
REF*PO*0020050430
REF*ST*07184
REF*DP*043
DTM*999*20050429
RMR*IK*718420050430*PI*671.85*671.85*0
REF*PO*0020050501
REF*ST*07184
REF*DP*043
DTM*999*20050430
RMR*IK*718420050501*PI*1399.38*1399.38*0
REF*PO*0020050502
REF*ST*07184
REF*DP*043
DTM*999*20050501
RMR*IK*718420050502*PI*1111.42*1111.42*0
REF*PO*0020050503
REF*ST*07184
REF*DP*043
DTM*999*20050502
RMR*IK*718420050503*PI*629.17*629.17*0
REF*PO*0020050504
REF*ST*07184
REF*DP*043
DTM*999*20050503
RMR*IK*718420050504*PI*940.36*940.36*0
REF*PO*0020050505
REF*ST*07184
REF*DP*043
DTM*999*20050504
RMR*IK*725520050428*PI*197.54*197.54*0
REF*PO*0020050429
REF*ST*07255
REF*DP*043
DTM*999*20050428
RMR*IK*725520050429*PI*291.16*291.16*0
REF*PO*0020050430
REF*ST*07255
REF*DP*043
DTM*999*20050429
RMR*IK*725520050430*PI*331.06*331.06*0
REF*PO*0020050501
REF*ST*07255
REF*DP*043
DTM*999*20050430
RMR*IK*725520050501*PI*439.85*439.85*0
REF*PO*0020050502
REF*ST*07255
REF*DP*043
DTM*999*20050501
RMR*IK*725520050502*PI*413.08*413.08*0
REF*PO*0020050503
REF*ST*07255
REF*DP*043
DTM*999*20050502
RMR*IK*725520050503*PI*293.18*293.18*0
REF*PO*0020050504
REF*ST*07255
REF*DP*043
DTM*999*20050503
RMR*IK*725520050504*PI*870.01*870.01*0
REF*PO*0020050505
REF*ST*07255
REF*DP*043
DTM*999*20050504
RMR*IK*735820050428*PI*158.51*158.51*0
REF*PO*0020050429
REF*ST*07358
REF*DP*043
DTM*999*20050428
RMR*IK*735820050429*PI*306.44*306.44*0
REF*PO*0020050430
REF*ST*07358
REF*DP*043
DTM*999*20050429
RMR*IK*735820050430*PI*435.71*435.71*0
REF*PO*0020050501
REF*ST*07358
REF*DP*043
DTM*999*20050430
RMR*IK*735820050501*PI*850.08*850.08*0
REF*PO*0020050502
REF*ST*07358
REF*DP*043
DTM*999*20050501
RMR*IK*735820050502*PI*498.14*498.14*0
REF*PO*0020050503
REF*ST*07358
REF*DP*043
DTM*999*20050502
RMR*IK*735820050503*PI*466.67*466.67*0
REF*PO*0020050504
REF*ST*07358
REF*DP*043
DTM*999*20050503
RMR*IK*735820050504*PI*464.92*464.92*0
REF*PO*0020050505
REF*ST*07358
REF*DP*043
DTM*999*20050504
RMR*IK*735820050521*PI*-11.25*-11.25*0
REF*PO*0020050523
REF*ST*07358
REF*DP*043
DTM*999*20050521
RMR*IK*736220050428*PI*233.38*233.38*0
REF*PO*0020050429
REF*ST*07362
REF*DP*043
DTM*999*20050428
RMR*IK*736220050429*PI*205.03*205.03*0
REF*PO*0020050430
REF*ST*07362
REF*DP*043
DTM*999*20050429
RMR*IK*736220050430*PI*106.25*106.25*0
REF*PO*0020050501
REF*ST*07362
REF*DP*043
DTM*999*20050430
RMR*IK*736220050501*PI*155.7*155.7*0
REF*PO*0020050502
REF*ST*07362
REF*DP*043
DTM*999*20050501
RMR*IK*736220050502*PI*214.22*214.22*0
REF*PO*0020050503
REF*ST*07362
REF*DP*043
DTM*999*20050502
RMR*IK*736220050503*PI*168.73*168.73*0
REF*PO*0020050504
REF*ST*07362
REF*DP*043
DTM*999*20050503
RMR*IK*736220050504*PI*222.25*222.25*0
REF*PO*0020050505
REF*ST*07362
REF*DP*043
DTM*999*20050504
RMR*IK*743720050428*PI*89.35*89.35*0
REF*PO*0020050429
REF*ST*07437
REF*DP*043
DTM*999*20050428
RMR*IK*743720050429*PI*191.52*191.52*0
REF*PO*0020050430
REF*ST*07437
REF*DP*043
DTM*999*20050429
RMR*IK*743720050430*PI*141.89*141.89*0
REF*PO*0020050501
REF*ST*07437
REF*DP*043
DTM*999*20050430
RMR*IK*743720050501*PI*166.25*166.25*0
REF*PO*0020050502
REF*ST*07437
REF*DP*043
DTM*999*20050501
RMR*IK*743720050502*PI*190.82*190.82*0
REF*PO*0020050503
REF*ST*07437
REF*DP*043
DTM*999*20050502
RMR*IK*743720050503*PI*192.18*192.18*0
REF*PO*0020050504
REF*ST*07437
REF*DP*043
DTM*999*20050503
RMR*IK*743720050504*PI*110.37*110.37*0
REF*PO*0020050505
REF*ST*07437
REF*DP*043
DTM*999*20050504
RMR*IK*746020050428*PI*114.29*114.29*0
REF*PO*0020050429
REF*ST*07460
REF*DP*043
DTM*999*20050428
RMR*IK*746020050429*PI*82.59*82.59*0
REF*PO*0020050430
REF*ST*07460
REF*DP*043
DTM*999*20050429
RMR*IK*746020050430*PI*220.47*220.47*0
REF*PO*0020050501
REF*ST*07460
REF*DP*043
DTM*999*20050430
RMR*IK*746020050501*PI*229.01*229.01*0
REF*PO*0020050502
REF*ST*07460
REF*DP*043
DTM*999*20050501
RMR*IK*746020050502*PI*254.85*254.85*0
REF*PO*0020050503
REF*ST*07460
REF*DP*043
DTM*999*20050502
RMR*IK*746020050503*PI*310.64*310.64*0
REF*PO*0020050504
REF*ST*07460
REF*DP*043
DTM*999*20050503
RMR*IK*746020050504*PI*461.77*461.77*0
REF*PO*0020050505
REF*ST*07460
REF*DP*043
DTM*999*20050504
RMR*IK*746120050428*PI*211.62*211.62*0
REF*PO*0020050429
REF*ST*07461
REF*DP*043
DTM*999*20050428
RMR*IK*746120050429*PI*100.14*100.14*0
REF*PO*0020050430
REF*ST*07461
REF*DP*043
DTM*999*20050429
RMR*IK*746120050430*PI*208.83*208.83*0
REF*PO*0020050501
REF*ST*07461
REF*DP*043
DTM*999*20050430
RMR*IK*746120050501*PI*581.74*581.74*0
REF*PO*0020050502
REF*ST*07461
REF*DP*043
DTM*999*20050501
RMR*IK*746120050502*PI*277.75*277.75*0
REF*PO*0020050503
REF*ST*07461
REF*DP*043
DTM*999*20050502
RMR*IK*746120050503*PI*197.76*197.76*0
REF*PO*0020050504
REF*ST*07461
REF*DP*043
DTM*999*20050503
RMR*IK*746120050504*PI*194.38*194.38*0
REF*PO*0020050505
REF*ST*07461
REF*DP*043
DTM*999*20050504
RMR*IK*760720050428*PI*156.37*156.37*0
REF*PO*0020050429
REF*ST*07607
REF*DP*043
DTM*999*20050428
RMR*IK*760720050429*PI*128.37*128.37*0
REF*PO*0020050430
REF*ST*07607
REF*DP*043
DTM*999*20050429
RMR*IK*760720050430*PI*198.29*198.29*0
REF*PO*0020050501
REF*ST*07607
REF*DP*043
DTM*999*20050430
RMR*IK*760720050501*PI*390.16*390.16*0
REF*PO*0020050502
REF*ST*07607
REF*DP*043
DTM*999*20050501
RMR*IK*760720050502*PI*282.9*282.9*0
REF*PO*0020050503
REF*ST*07607
REF*DP*043
DTM*999*20050502
RMR*IK*760720050503*PI*364.47*364.47*0
REF*PO*0020050504
REF*ST*07607
REF*DP*043
DTM*999*20050503
RMR*IK*760720050504*PI*422.47*422.47*0
REF*PO*0020050505
REF*ST*07607
REF*DP*043
DTM*999*20050504
RMR*IK*761020050428*PI*330.2*330.2*0
REF*PO*0020050429
REF*ST*07610
REF*DP*043
DTM*999*20050428
RMR*IK*761020050429*PI*247.69*247.69*0
REF*PO*0020050430
REF*ST*07610
REF*DP*043
DTM*999*20050429
RMR*IK*761020050430*PI*249.69*249.69*0
REF*PO*0020050501
REF*ST*07610
REF*DP*043
DTM*999*20050430
RMR*IK*761020050501*PI*426.98*426.98*0
REF*PO*0020050502
REF*ST*07610
REF*DP*043
DTM*999*20050501
RMR*IK*761020050502*PI*506.1*506.1*0
REF*PO*0020050503
REF*ST*07610
REF*DP*043
DTM*999*20050502
RMR*IK*761020050503*PI*398.44*398.44*0
REF*PO*0020050504
REF*ST*07610
REF*DP*043
DTM*999*20050503
RMR*IK*761020050504*PI*197.4*197.4*0
REF*PO*0020050505
REF*ST*07610
REF*DP*043
DTM*999*20050504
RMR*IK*762920050428*PI*151.41*151.41*0
REF*PO*0020050429
REF*ST*07629
REF*DP*043
DTM*999*20050428
RMR*IK*762920050429*PI*252.84*252.84*0
REF*PO*0020050430
REF*ST*07629
REF*DP*043
DTM*999*20050429
RMR*IK*762920050430*PI*74.33*74.33*0
REF*PO*0020050501
REF*ST*07629
REF*DP*043
DTM*999*20050430
RMR*IK*762920050501*PI*337.41*337.41*0
REF*PO*0020050502
REF*ST*07629
REF*DP*043
DTM*999*20050501
RMR*IK*762920050502*PI*282.69*282.69*0
REF*PO*0020050503
REF*ST*07629
REF*DP*043
DTM*999*20050502
RMR*IK*762920050503*PI*169.3*169.3*0
REF*PO*0020050504
REF*ST*07629
REF*DP*043
DTM*999*20050503
RMR*IK*762920050504*PI*344.94*344.94*0
REF*PO*0020050505
REF*ST*07629
REF*DP*043
DTM*999*20050504
RMR*IK*763720050428*PI*244.43*244.43*0
REF*PO*0020050429
REF*ST*07637
REF*DP*043
DTM*999*20050428
RMR*IK*763720050429*PI*204.45*204.45*0
REF*PO*0020050430
REF*ST*07637
REF*DP*043
DTM*999*20050429
RMR*IK*763720050430*PI*57.05*57.05*0
REF*PO*0020050501
REF*ST*07637
REF*DP*043
DTM*999*20050430
RMR*IK*763720050501*PI*275.89*275.89*0
REF*PO*0020050502
REF*ST*07637
REF*DP*043
DTM*999*20050501
RMR*IK*763720050502*PI*183.21*183.21*0
REF*PO*0020050503
REF*ST*07637
REF*DP*043
DTM*999*20050502
RMR*IK*763720050503*PI*122.09*122.09*0
REF*PO*0020050504
REF*ST*07637
REF*DP*043
DTM*999*20050503
RMR*IK*763720050504*PI*151.47*151.47*0
REF*PO*0020050505
REF*ST*07637
REF*DP*043
DTM*999*20050504
RMR*IK*771820050428*PI*553.11*553.11*0
REF*PO*0020050429
REF*ST*07718
REF*DP*043
DTM*999*20050428
RMR*IK*771820050429*PI*908.99*908.99*0
REF*PO*0020050430
REF*ST*07718
REF*DP*043
DTM*999*20050429
RMR*IK*771820050430*PI*862.64*862.64*0
REF*PO*0020050501
REF*ST*07718
REF*DP*043
DTM*999*20050430
RMR*IK*771820050501*PI*1247.02*1247.02*0
REF*PO*0020050502
REF*ST*07718
REF*DP*043
DTM*999*20050501
RMR*IK*771820050502*PI*906.93*906.93*0
REF*PO*0020050503
REF*ST*07718
REF*DP*043
DTM*999*20050502
RMR*IK*771820050503*PI*981.08*981.08*0
REF*PO*0020050504
REF*ST*07718
REF*DP*043
DTM*999*20050503
RMR*IK*771820050504*PI*1168.39*1168.39*0
REF*PO*0020050505
REF*ST*07718
REF*DP*043
DTM*999*20050504
RMR*IK*771920050428*PI*211.5*211.5*0
REF*PO*0020050429
REF*ST*07719
REF*DP*043
DTM*999*20050428
RMR*IK*771920050429*PI*261.5*261.5*0
REF*PO*0020050430
REF*ST*07719
REF*DP*043
DTM*999*20050429
RMR*IK*771920050430*PI*208.41*208.41*0
REF*PO*0020050501
REF*ST*07719
REF*DP*043
DTM*999*20050430
RMR*IK*771920050501*PI*221.59*221.59*0
REF*PO*0020050502
REF*ST*07719
REF*DP*043
DTM*999*20050501
RMR*IK*771920050502*PI*298.12*298.12*0
REF*PO*0020050503
REF*ST*07719
REF*DP*043
DTM*999*20050502
RMR*IK*771920050503*PI*277.62*277.62*0
REF*PO*0020050504
REF*ST*07719
REF*DP*043
DTM*999*20050503
RMR*IK*771920050504*PI*281.18*281.18*0
REF*PO*0020050505
REF*ST*07719
REF*DP*043
DTM*999*20050504
RMR*IK*956020050428*PI*173.46*173.46*0
REF*PO*0020050429
REF*ST*09560
REF*DP*043
DTM*999*20050428
RMR*IK*956020050429*PI*140.81*140.81*0
REF*PO*0020050430
REF*ST*09560
REF*DP*043
DTM*999*20050429
RMR*IK*956020050430*PI*94.6*94.6*0
REF*PO*0020050501
REF*ST*09560
REF*DP*043
DTM*999*20050430
RMR*IK*956020050501*PI*129.92*129.92*0
REF*PO*0020050502
REF*ST*09560
REF*DP*043
DTM*999*20050501
RMR*IK*956020050502*PI*174.26*174.26*0
REF*PO*0020050503
REF*ST*09560
REF*DP*043
DTM*999*20050502
RMR*IK*956020050503*PI*208.94*208.94*0
REF*PO*0020050504
REF*ST*09560
REF*DP*043
DTM*999*20050503
RMR*IK*956020050504*PI*253.27*253.27*0
REF*PO*0020050505
REF*ST*09560
REF*DP*043
DTM*999*20050504
RMR*IK*957120050428*PI*107.28*107.28*0
REF*PO*0020050429
REF*ST*09571
REF*DP*043
DTM*999*20050428
RMR*IK*957120050429*PI*156.16*156.16*0
REF*PO*0020050430
REF*ST*09571
REF*DP*043
DTM*999*20050429
RMR*IK*957120050430*PI*94.7*94.7*0
REF*PO*0020050501
REF*ST*09571
REF*DP*043
DTM*999*20050430
RMR*IK*957120050501*PI*73.51*73.51*0
REF*PO*0020050502
REF*ST*09571
REF*DP*043
DTM*999*20050501
RMR*IK*957120050502*PI*98.85*98.85*0
REF*PO*0020050503
REF*ST*09571
REF*DP*043
DTM*999*20050502
RMR*IK*957120050503*PI*108.4*108.4*0
REF*PO*0020050504
REF*ST*09571
REF*DP*043
DTM*999*20050503
RMR*IK*957120050504*PI*139.15*139.15*0
REF*PO*0020050505
REF*ST*09571
REF*DP*043
DTM*999*20050504
RMR*IK*962020050428*PI*442.31*442.31*0
REF*PO*0020050429
REF*ST*09620
REF*DP*043
DTM*999*20050428
RMR*IK*962020050429*PI*596.75*596.75*0
REF*PO*0020050430
REF*ST*09620
REF*DP*043
DTM*999*20050429
RMR*IK*962020050430*PI*452.82*452.82*0
REF*PO*0020050501
REF*ST*09620
REF*DP*043
DTM*999*20050430
RMR*IK*962020050501*PI*516.76*516.76*0
REF*PO*0020050502
REF*ST*09620
REF*DP*043
DTM*999*20050501
RMR*IK*962020050502*PI*455.78*455.78*0
REF*PO*0020050503
REF*ST*09620
REF*DP*043
DTM*999*20050502
RMR*IK*962020050503*PI*529.78*529.78*0
REF*PO*0020050504
REF*ST*09620
REF*DP*043
DTM*999*20050503
RMR*IK*962020050504*PI*500.28*500.28*0
REF*PO*0020050505
REF*ST*09620
REF*DP*043
DTM*999*20050504
RMR*IK*962120050428*PI*107.98*107.98*0
REF*PO*0020050429
REF*ST*09621
REF*DP*043
DTM*999*20050428
RMR*IK*962120050429*PI*382.19*382.19*0
REF*PO*0020050430
REF*ST*09621
REF*DP*043
DTM*999*20050429
RMR*IK*962120050430*PI*300.63*300.63*0
REF*PO*0020050501
REF*ST*09621
REF*DP*043
DTM*999*20050430
RMR*IK*962120050501*PI*626.21*626.21*0
REF*PO*0020050502
REF*ST*09621
REF*DP*043
DTM*999*20050501
RMR*IK*962120050502*PI*477.24*477.24*0
REF*PO*0020050503
REF*ST*09621
REF*DP*043
DTM*999*20050502
RMR*IK*962120050503*PI*609.76*609.76*0
REF*PO*0020050504
REF*ST*09621
REF*DP*043
DTM*999*20050503
RMR*IK*962120050504*PI*472.89*472.89*0
REF*PO*0020050505
REF*ST*09621
REF*DP*043
DTM*999*20050504
RMR*IK*962220050428*PI*97.08*97.08*0
REF*PO*0020050429
REF*ST*09622
REF*DP*043
DTM*999*20050428
RMR*IK*962220050429*PI*194.62*194.62*0
REF*PO*0020050430
REF*ST*09622
REF*DP*043
DTM*999*20050429
RMR*IK*962220050430*PI*149.68*149.68*0
REF*PO*0020050501
REF*ST*09622
REF*DP*043
DTM*999*20050430
RMR*IK*962220050501*PI*169.6*169.6*0
REF*PO*0020050502
REF*ST*09622
REF*DP*043
DTM*999*20050501
RMR*IK*962220050502*PI*183.78*183.78*0
REF*PO*0020050503
REF*ST*09622
REF*DP*043
DTM*999*20050502
RMR*IK*962220050503*PI*161.53*161.53*0
REF*PO*0020050504
REF*ST*09622
REF*DP*043
DTM*999*20050503
RMR*IK*962220050504*PI*175.32*175.32*0
REF*PO*0020050505
REF*ST*09622
REF*DP*043
DTM*999*20050504
RMR*IK*962520050428*PI*83.1*83.1*0
REF*PO*0020050429
REF*ST*09625
REF*DP*043
DTM*999*20050428
RMR*IK*962520050429*PI*81.23*81.23*0
REF*PO*0020050430
REF*ST*09625
REF*DP*043
DTM*999*20050429
RMR*IK*962520050430*PI*128.27*128.27*0
REF*PO*0020050501
REF*ST*09625
REF*DP*043
DTM*999*20050430
RMR*IK*962520050501*PI*170.06*170.06*0
REF*PO*0020050502
REF*ST*09625
REF*DP*043
DTM*999*20050501
RMR*IK*962520050502*PI*89.92*89.92*0
REF*PO*0020050503
REF*ST*09625
REF*DP*043
DTM*999*20050502
RMR*IK*962520050503*PI*151.76*151.76*0
REF*PO*0020050504
REF*ST*09625
REF*DP*043
DTM*999*20050503
RMR*IK*962520050504*PI*312.65*312.65*0
REF*PO*0020050505
REF*ST*09625
REF*DP*043
DTM*999*20050504
RMR*IK*962920050428*PI*64.57*64.57*0
REF*PO*0020050429
REF*ST*09629
REF*DP*043
DTM*999*20050428
RMR*IK*962920050429*PI*121.21*121.21*0
REF*PO*0020050430
REF*ST*09629
REF*DP*043
DTM*999*20050429
RMR*IK*962920050430*PI*197.58*197.58*0
REF*PO*0020050501
REF*ST*09629
REF*DP*043
DTM*999*20050430
RMR*IK*962920050501*PI*192.12*192.12*0
REF*PO*0020050502
REF*ST*09629
REF*DP*043
DTM*999*20050501
RMR*IK*962920050502*PI*238.3*238.3*0
REF*PO*0020050503
REF*ST*09629
REF*DP*043
DTM*999*20050502
RMR*IK*962920050503*PI*386.06*386.06*0
REF*PO*0020050504
REF*ST*09629
REF*DP*043
DTM*999*20050503
RMR*IK*962920050504*PI*320.98*320.98*0
REF*PO*0020050505
REF*ST*09629
REF*DP*043
DTM*999*20050504
RMR*IK*963320050428*PI*245.23*245.23*0
REF*PO*0020050429
REF*ST*09633
REF*DP*043
DTM*999*20050428
RMR*IK*963320050429*PI*510.12*510.12*0
REF*PO*0020050430
REF*ST*09633
REF*DP*043
DTM*999*20050429
RMR*IK*963320050430*PI*479.33*479.33*0
REF*PO*0020050501
REF*ST*09633
REF*DP*043
DTM*999*20050430
RMR*IK*963320050501*PI*669.38*669.38*0
REF*PO*0020050502
REF*ST*09633
REF*DP*043
DTM*999*20050501
RMR*IK*963320050502*PI*652.03*652.03*0
REF*PO*0020050503
REF*ST*09633
REF*DP*043
DTM*999*20050502
RMR*IK*963320050503*PI*514.6*514.6*0
REF*PO*0020050504
REF*ST*09633
REF*DP*043
DTM*999*20050503
RMR*IK*963320050504*PI*536.1*536.1*0
REF*PO*0020050505
REF*ST*09633
REF*DP*043
DTM*999*20050504
RMR*IK*963920050428*PI*94*94*0
REF*PO*0020050429
REF*ST*09639
REF*DP*043
DTM*999*20050428
RMR*IK*963920050429*PI*63.9*63.9*0
REF*PO*0020050430
REF*ST*09639
REF*DP*043
DTM*999*20050429
RMR*IK*963920050430*PI*148.42*148.42*0
REF*PO*0020050501
REF*ST*09639
REF*DP*043
DTM*999*20050430
RMR*IK*963920050501*PI*62.45*62.45*0
REF*PO*0020050502
REF*ST*09639
REF*DP*043
DTM*999*20050501
RMR*IK*963920050502*PI*90.54*90.54*0
REF*PO*0020050503
REF*ST*09639
REF*DP*043
DTM*999*20050502
RMR*IK*963920050503*PI*174.28*174.28*0
REF*PO*0020050504
REF*ST*09639
REF*DP*043
DTM*999*20050503
RMR*IK*963920050504*PI*137.84*137.84*0
REF*PO*0020050505
REF*ST*09639
REF*DP*043
DTM*999*20050504
RMR*IK*964820050428*PI*587.82*587.82*0
REF*PO*0020050429
REF*ST*09648
REF*DP*043
DTM*999*20050428
RMR*IK*964820050429*PI*746.75*746.75*0
REF*PO*0020050430
REF*ST*09648
REF*DP*043
DTM*999*20050429
RMR*IK*964820050430*PI*575.03*575.03*0
REF*PO*0020050501
REF*ST*09648
REF*DP*043
DTM*999*20050430
RMR*IK*964820050501*PI*869.72*869.72*0
REF*PO*0020050502
REF*ST*09648
REF*DP*043
DTM*999*20050501
RMR*IK*964820050502*PI*748.61*748.61*0
REF*PO*0020050503
REF*ST*09648
REF*DP*043
DTM*999*20050502
RMR*IK*964820050503*PI*951.46*951.46*0
REF*PO*0020050504
REF*ST*09648
REF*DP*043
DTM*999*20050503
RMR*IK*964820050504*PI*921.46*921.46*0
REF*PO*0020050505
REF*ST*09648
REF*DP*043
DTM*999*20050504
RMR*IK*967420050428*PI*61.26*61.26*0
REF*PO*0020050429
REF*ST*09674
REF*DP*043
DTM*999*20050428
RMR*IK*967420050429*PI*60.45*60.45*0
REF*PO*0020050430
REF*ST*09674
REF*DP*043
DTM*999*20050429
RMR*IK*967420050430*PI*115.86*115.86*0
REF*PO*0020050501
REF*ST*09674
REF*DP*043
DTM*999*20050430
RMR*IK*967420050501*PI*192.95*192.95*0
REF*PO*0020050502
REF*ST*09674
REF*DP*043
DTM*999*20050501
RMR*IK*967420050502*PI*192.36*192.36*0
REF*PO*0020050503
REF*ST*09674
REF*DP*043
DTM*999*20050502
RMR*IK*967420050503*PI*172.03*172.03*0
REF*PO*0020050504
REF*ST*09674
REF*DP*043
DTM*999*20050503
RMR*IK*967420050504*PI*264.8*264.8*0
REF*PO*0020050505
REF*ST*09674
REF*DP*043
DTM*999*20050504
RMR*IK*972820050428*PI*77.49*77.49*0
REF*PO*0020050429
REF*ST*09728
REF*DP*043
DTM*999*20050428
RMR*IK*972820050429*PI*256.48*256.48*0
REF*PO*0020050430
REF*ST*09728
REF*DP*043
DTM*999*20050429
RMR*IK*972820050430*PI*234.67*234.67*0
REF*PO*0020050501
REF*ST*09728
REF*DP*043
DTM*999*20050430
RMR*IK*972820050501*PI*576.83*576.83*0
REF*PO*0020050502
REF*ST*09728
REF*DP*043
DTM*999*20050501
RMR*IK*972820050502*PI*167.21*167.21*0
REF*PO*0020050503
REF*ST*09728
REF*DP*043
DTM*999*20050502
RMR*IK*972820050503*PI*234.99*234.99*0
REF*PO*0020050504
REF*ST*09728
REF*DP*043
DTM*999*20050503
RMR*IK*972820050504*PI*287.15*287.15*0
REF*PO*0020050505
REF*ST*09728
REF*DP*043
DTM*999*20050504
RMR*IK*973520050428*PI*137.87*137.87*0
REF*PO*0020050429
REF*ST*09735
REF*DP*043
DTM*999*20050428
RMR*IK*973520050429*PI*83.15*83.15*0
REF*PO*0020050430
REF*ST*09735
REF*DP*043
DTM*999*20050429
RMR*IK*973520050430*PI*130.67*130.67*0
REF*PO*0020050501
REF*ST*09735
REF*DP*043
DTM*999*20050430
RMR*IK*973520050501*PI*262.19*262.19*0
REF*PO*0020050502
REF*ST*09735
REF*DP*043
DTM*999*20050501
RMR*IK*973520050502*PI*438.45*438.45*0
REF*PO*0020050503
REF*ST*09735
REF*DP*043
DTM*999*20050502
RMR*IK*973520050503*PI*503.47*503.47*0
REF*PO*0020050504
REF*ST*09735
REF*DP*043
DTM*999*20050503
RMR*IK*973520050504*PI*336.49*336.49*0
REF*PO*0020050505
REF*ST*09735
REF*DP*043
DTM*999*20050504
RMR*IK*975820050428*PI*134.81*134.81*0
REF*PO*0020050429
REF*ST*09758
REF*DP*043
DTM*999*20050428
RMR*IK*975820050429*PI*90.18*90.18*0
REF*PO*0020050430
REF*ST*09758
REF*DP*043
DTM*999*20050429
RMR*IK*975820050430*PI*74.61*74.61*0
REF*PO*0020050501
REF*ST*09758
REF*DP*043
DTM*999*20050430
RMR*IK*975820050501*PI*468.62*468.62*0
REF*PO*0020050502
REF*ST*09758
REF*DP*043
DTM*999*20050501
RMR*IK*975820050502*PI*281.31*281.31*0
REF*PO*0020050503
REF*ST*09758
REF*DP*043
DTM*999*20050502
RMR*IK*975820050503*PI*436.36*436.36*0
REF*PO*0020050504
REF*ST*09758
REF*DP*043
DTM*999*20050503
RMR*IK*975820050504*PI*726.89*726.89*0
REF*PO*0020050505
REF*ST*09758
REF*DP*043
DTM*999*20050504
RMR*IK*981820050428*PI*157.33*157.33*0
REF*PO*0020050429
REF*ST*09818
REF*DP*043
DTM*999*20050428
RMR*IK*981820050429*PI*173.35*173.35*0
REF*PO*0020050430
REF*ST*09818
REF*DP*043
DTM*999*20050429
RMR*IK*981820050430*PI*290.62*290.62*0
REF*PO*0020050501
REF*ST*09818
REF*DP*043
DTM*999*20050430
RMR*IK*981820050501*PI*643.85*643.85*0
REF*PO*0020050502
REF*ST*09818
REF*DP*043
DTM*999*20050501
RMR*IK*981820050502*PI*226.97*226.97*0
REF*PO*0020050503
REF*ST*09818
REF*DP*043
DTM*999*20050502
RMR*IK*981820050503*PI*247.94*247.94*0
REF*PO*0020050504
REF*ST*09818
REF*DP*043
DTM*999*20050503
RMR*IK*981820050504*PI*391.03*391.03*0
REF*PO*0020050505
REF*ST*09818
REF*DP*043
DTM*999*20050504
RMR*IK*981820050522*PI*-3.75*-3.75*0
REF*PO*0020050524
REF*ST*09818
REF*DP*043
DTM*999*20050522
SE*3119*000000001
GE*1*100192
IEA*1*000100283
ISA*00*          *00*          *09*006985290AC    *12*6154525825     *050531*0422*U*00400*000000738*0*P*>
GS*PD*006985290AC*6154525825*20050531*04225380*115*X*004010
ST*852*000000001
XQ*H*20050531
N9*AD*T00000040
LIN**CB*970657110*ZZ*43*UP*831664000842*****DG*1*VS*00000
ZA*QS***006*20050530
CTP**UCP*3
SDQ*EA*ZZ*3063*2*3083*5*3143*4*3194*5*3348*1*3359*8*3644*1*3646*18*3703*18*3715*12
SDQ*EA*ZZ*3836*4*3848*2*3876*2*3966*1*3978*2*4033*7*4071*1*4093*5*4244*33*4308*1
SDQ*EA*ZZ*4312*8*4475*8*4717*12*4898*9*4968*2*4970*6*7064*2*7069*10*7076*2*7132*5
SDQ*EA*ZZ*7184*3*7358*18*7460*2*7607*7*7610*4*9620*2*9621*20*9622*2*9629*10*9639*3
SDQ*EA*ZZ*9648*14*9728*5*9758*2*9818*1
ZA*QS***006*20050530
CTP**UCP*5.5
SDQ*EA*ZZ*3103*3*3941*4*4753*1*7255*7
LIN**CB*970657110*ZZ*43*UP*831664000842*****DG*2*VS*00000
ZA*QS***006*20050530
CTP**UCP*3
SDQ*EA*ZZ*7066*1
LIN**CB*970657110*ZZ*43*UP*831664000842*****DG*3*VS*00000
ZA*QS***006*20050530
CTP**UCP*3
SDQ*EA*ZZ*4103*1
LIN**CB*970657110*ZZ*43*UP*831664000842*****DG*8*VS*00000
ZA*QS***006*20050530
CTP**UCP*3
SDQ*EA*ZZ*4093*1
CTT*4
SE*28*000000001
ST*852*000000002
XQ*H*20050531
N9*AD*T00000040
LIN**CB*970956116*ZZ*43*UP*831664000019*****DG*1*VS*00000
ZA*QS***006*20050530
CTP**UCP*.58
SDQ*EA*ZZ*3063*24*3083*326*3084*12*3143*131*3194*39*3359*10*3408*184*3602*92*3644*254*3646*447
SDQ*EA*ZZ*3660*22*3672*29*3685*16*3703*381*3713*1*3715*155*3822*88*3836*209*3848*82*3876*27
SDQ*EA*ZZ*3929*17*3931*30*3966*82*3978*14*3996*39*4033*3*4071*58*4093*609*4213*47*4244*785
SDQ*EA*ZZ*4308*13*4312*31*4475*29*4717*403*4719*4*4760*82*4769*24*4817*65*4835*48*4883*125
SDQ*EA*ZZ*4898*141*4968*66*4969*1*4970*131*7045*43*7059*86*7064*3*7069*491*7076*113*7132*386
SDQ*EA*ZZ*7146*4*7154*18*7184*307*7358*302*7437*44*7460*104*7461*77*7607*125*7610*23*7629*53
SDQ*EA*ZZ*7718*583*7719*268*9560*91*9620*89*9621*264*9622*34*9629*47*9633*334*9639*161*9648*344
SDQ*EA*ZZ*9674*160*9728*110*9735*177*9758*189*9818*34
ZA*QS***006*20050530
CTP**UCP*1.03
SDQ*EA*ZZ*3103*50*3941*106*4753*96*7255*150
LIN**CB*970956116*ZZ*43*UP*831664000019*****DG*2*VS*00000
ZA*QS***006*20050530
CTP**UCP*.58
SDQ*EA*ZZ*7066*101
LIN**CB*970956116*ZZ*43*UP*831664000019*****DG*3*VS*00000
ZA*QS***006*20050530
CTP**UCP*.58
SDQ*EA*ZZ*4103*329*4739*51*7362*227*7637*59
LIN**CB*970956116*ZZ*43*UP*831664000019*****DG*4*VS*00000
ZA*QS***006*20050530
CTP**UCP*.58
SDQ*EA*ZZ*9674*1
ZA*QS***006*20050530
CTP**UCP*1.03
SDQ*EA*ZZ*3103*1
LIN**CB*970956116*ZZ*43*UP*831664000019*****DG*5*VS*00000
ZA*QS***006*20050530
CTP**UCP*.58
SDQ*EA*ZZ*7610*-9
CTT*5
SE*38*000000002
ST*852*000000003
XQ*H*20050531
N9*AD*T00000040
LIN**CB*970957114*ZZ*43*UP*831664000255*****DG*1*VS*00000
ZA*QS***006*20050530
CTP**UCP*.58
SDQ*EA*ZZ*3083*59*3143*2*3194*7*3602*4*3644*2*3646*1*3672*2*3703*3*3715*4*3822*2
SDQ*EA*ZZ*3848*16*3876*7*3929*1*3966*7*4071*4*4103*23*4213*6*4308*3*4312*10*4717*28
SDQ*EA*ZZ*4739*3*4760*4*4769*7*4817*6*4883*4*4968*2*4969*2*4970*3*7045*1*7064*2
SDQ*EA*ZZ*7069*28*7076*2*7132*11*7146*2*7154*6*7184*4*7358*29*7362*6*7437*7*7460*10
SDQ*EA*ZZ*7607*15*7610*1*7718*19*9560*10*9620*15*9621*1*9633*2*9639*3*9648*46*9674*64
SDQ*EA*ZZ*9728*31*9758*1
ZA*QS***006*20050530
CTP**UCP*.75
SDQ*EA*ZZ*3103*6*3941*3*4753*16*7255*24
LIN**CB*970957114*ZZ*43*UP*831664000255*****DG*2*VS*00000
ZA*QS***006*20050530
CTP**UCP*.58
SDQ*EA*ZZ*7066*32
CTT*2
SE*21*000000003
ST*852*000000004
XQ*H*20050531
N9*AD*T00000040
LIN**CB*970958112*ZZ*43*UP*831664000699*****DG*1*VS*00000
ZA*QS***006*20050530
CTP**UCP*.58
SDQ*EA*ZZ*3194*7*3715*14*3836*2*4717*3*4968*3*7362*3*9571*21*9674*4*9818*4
ZA*QS***006*20050530
CTP**UCP*.75
SDQ*EA*ZZ*3103*3*3941*7*7255*2
CTT*1
SE*12*000000004
ST*852*000000005
XQ*H*20050531
N9*AD*T00000040
LIN**CB*970959110*ZZ*43*UP*831664000675*****DG*1*VS*00000
ZA*QS***006*20050530
CTP**UCP*1.25
SDQ*EA*ZZ*3083*18*3084*3*3143*4*3194*7*3348*1*3644*5*3646*1*3703*7*3715*2*3822*46
SDQ*EA*ZZ*3836*5*3848*1*3876*3*3966*4*3978*4*4071*3*4093*37*4103*7*4244*3*4308*18
SDQ*EA*ZZ*4312*2*4717*3*4719*15*4739*1*4817*10*4883*1*4968*32*4969*6*4970*7*7076*4
SDQ*EA*ZZ*7132*7*7146*7*7154*2*7184*8*7358*14*7437*4*7460*13*7607*2*7629*6*7637*5
SDQ*EA*ZZ*7718*37*7719*12*9620*7*9625*2*9629*7*9633*8*9639*1*9648*6*9674*2*9728*2
SDQ*EA*ZZ*9735*2*9818*3
ZA*QS***006*20050530
CTP**UCP*1.85
SDQ*EA*ZZ*3941*2*4753*8*7255*16
LIN**CB*970959110*ZZ*43*UP*831664000675*****DG*2*VS*00000
ZA*QS***006*20050530
CTP**UCP*1.25
SDQ*EA*ZZ*7066*2
LIN**CB*970959110*ZZ*43*UP*831664000675*****DG*3*VS*00000
ZA*QS***006*20050530
CTP**UCP*1.25
SDQ*EA*ZZ*7362*2
CTT*3
SE*25*000000005
ST*852*000000006
XQ*H*20050531
N9*AD*T00000040
LIN**CB*970960118*ZZ*43*UP*831664000682*****DG*1*VS*00000
ZA*QS***006*20050530
CTP**UCP*1.25
SDQ*EA*ZZ*3083*15*3084*29*3194*5*3348*1*3644*18*3646*7*3672*8*3703*178*3715*23*3822*8
SDQ*EA*ZZ*3836*1*3848*23*3876*4*3966*22*4071*6*4093*120*4103*50*4213*4*4244*9*4308*1
SDQ*EA*ZZ*4312*5*4475*16*4717*70*4719*4*4739*2*4760*1*4769*12*4817*4*4898*4*4968*9
SDQ*EA*ZZ*4970*35*7045*5*7059*3*7064*4*7069*10*7076*5*7132*12*7184*26*7358*24*7437*1
SDQ*EA*ZZ*7460*5*7607*41*7610*13*7637*8*7718*12*9560*9*9620*11*9621*19*9625*1*9629*12
SDQ*EA*ZZ*9633*11*9639*3*9648*12*9674*13*9728*29*9758*15*9818*19
ZA*QS***006*20050530
CTP**UCP*1.35
SDQ*EA*ZZ*3941*1*4753*7*7255*33
LIN**CB*970960118*ZZ*43*UP*831664000682*****DG*2*VS*00000
ZA*QS***006*20050530
CTP**UCP*1.25
SDQ*EA*ZZ*4969*55*7066*30
CTT*2
SE*21*000000006
ST*852*000000007
XQ*H*20050531
N9*AD*T00000040
LIN**CB*970961116*ZZ*43*UP*831664000330*****DG*1*VS*00000
ZA*QS***006*20050530
CTP**UCP*1.25
SDQ*EA*ZZ*3143*18*3194*4*3408*7*3602*1*3644*15*3646*1*3685*2*3703*3*3715*1*3822*21
SDQ*EA*ZZ*3836*1*3848*6*3931*2*3966*3*4071*4*4093*22*4103*18*4213*2*4244*16*4312*12
SDQ*EA*ZZ*4475*15*4717*26*4719*3*4769*1*4817*8*4835*1*4883*2*4898*16*4968*6*4969*8
SDQ*EA*ZZ*4970*3*7059*1*7064*3*7069*21*7076*12*7132*2*7146*3*7154*1*7184*13*7358*17
SDQ*EA*ZZ*7437*3*7460*4*7607*30*7629*3*7637*8*7718*7*9560*23*9620*28*9621*9*9629*11
SDQ*EA*ZZ*9633*2*9639*6*9648*3*9674*8*9728*10*9735*2*9818*3
ZA*QS***006*20050530
CTP**UCP*1.85
SDQ*EA*ZZ*3941*10*7255*4
LIN**CB*970961116*ZZ*43*UP*831664000330*****DG*2*VS*00000
ZA*QS***006*20050530
CTP**UCP*1.25
SDQ*EA*ZZ*7066*1
LIN**CB*970961116*ZZ*43*UP*831664000330*****DG*3*VS*00000
ZA*QS***006*20050530
CTP**UCP*1.25
SDQ*EA*ZZ*7362*1
CTT*3
SE*25*000000007
ST*852*000000008
XQ*H*20050531
N9*AD*T00000040
LIN**CB*970962114*ZZ*43*UP*831664000941*****DG*1*VS*00000
ZA*QS***006*20050530
CTP**UCP*1.25
SDQ*EA*ZZ*3083*51*3084*5*3143*14*3194*6*3348*2*3408*4*3602*10*3644*3*3646*15*3703*37
SDQ*EA*ZZ*3715*4*3822*12*3836*10*3848*4*3876*3*3929*6*3966*12*3996*1*4071*8*4093*48
SDQ*EA*ZZ*4103*10*4244*11*4308*6*4717*51*4719*10*4739*1*4760*9*4769*4*4817*15*4883*3
SDQ*EA*ZZ*4898*6*4968*11*4970*6*7059*2*7069*29*7076*17*7132*53*7146*6*7358*31*7437*9
SDQ*EA*ZZ*7460*11*7629*1*7718*13*7719*40*9560*24*9621*29*9629*12*9633*9*9639*37*9648*4
SDQ*EA*ZZ*9728*19*9735*3*9758*4
ZA*QS***006*20050530
CTP**UCP*2.25
SDQ*EA*ZZ*3103*2*3941*1*4753*3*7255*40
LIN**CB*970962114*ZZ*43*UP*831664000941*****DG*2*VS*00000
ZA*QS***006*20050530
CTP**UCP*1.25
SDQ*EA*ZZ*4969*6*7066*12
LIN**CB*970962114*ZZ*43*UP*831664000941*****DG*3*VS*00000
ZA*QS***006*20050530
CTP**UCP*1.25
SDQ*EA*ZZ*7362*9
LIN**CB*970962114*ZZ*43*UP*831664000941*****DG*5*VS*00000
ZA*QS***006*20050530
CTP**UCP*1.25
SDQ*EA*ZZ*7610*-3
CTT*4
SE*29*000000008
ST*852*000000009
XQ*H*20050531
N9*AD*T00000040
LIN**CB*970963112*ZZ*43*UP*831664000743*****DG*1*VS*00000
ZA*QS***006*20050530
CTP**UCP*2.85
SDQ*EA*ZZ*3063*2*3083*9*3103*4*3143*30*3644*3*3646*61*3703*28*3715*23*3822*26*3836*1
SDQ*EA*ZZ*3848*8*3876*14*3941*20*3996*5*4033*1*4093*41*4103*27*4213*3*4244*36*4308*3
SDQ*EA*ZZ*4312*9*4717*26*4753*11*4769*4*4883*9*4898*3*4968*31*4970*32*7045*2*7059*6
SDQ*EA*ZZ*7066*2*7069*9*7076*21*7132*27*7184*3*7255*23*7358*17*7362*1*7460*2*7461*19
SDQ*EA*ZZ*7607*7*7610*-1*7718*2*7719*6*9620*21*9621*8*9622*4*9629*13*9633*32*9639*2
SDQ*EA*ZZ*9648*34*9674*1*9728*4*9735*4*9758*25*9818*28
CTT*1
SE*14*000000009
ST*852*000000010
XQ*H*20050531
N9*AD*T00000040
LIN**CB*970964110*ZZ*43*UP*831664000453*****DG*1*VS*00000
ZA*QS***006*20050530
CTP**UCP*3
SDQ*EA*ZZ*3083*5*3084*8*3143*8*3194*10*3348*31*3359*2*3408*9*3602*9*3644*11*3646*16
SDQ*EA*ZZ*3672*12*3685*4*3703*30*3715*7*3822*8*3836*35*3848*18*3876*3*3929*3*3931*1
SDQ*EA*ZZ*3966*5*3996*2*4033*2*4071*1*4093*40*4103*51*4213*6*4244*73*4308*5*4312*16
SDQ*EA*ZZ*4475*8*4717*62*4739*2*4760*10*4769*6*4817*5*4835*3*4883*15*4898*13*4968*12
SDQ*EA*ZZ*4969*1*4970*14*7045*10*7059*2*7069*14*7076*16*7132*62*7146*1*7154*5*7184*11
SDQ*EA*ZZ*7358*21*7437*5*7460*4*7461*2*7607*2*7610*8*7629*4*7637*5*7718*38*7719*6
SDQ*EA*ZZ*9560*7*9620*10*9621*20*9622*12*9629*34*9633*52*9639*5*9648*47*9674*8*9728*19
SDQ*EA*ZZ*9735*16*9758*26*9818*13
ZA*QS***006*20050530
CTP**UCP*4.5
SDQ*EA*ZZ*3103*2*3941*6*4753*2*7255*4
LIN**CB*970964110*ZZ*43*UP*831664000453*****DG*2*VS*00000
ZA*QS***006*20050530
CTP**UCP*3
SDQ*EA*ZZ*7066*10
LIN**CB*970964110*ZZ*43*UP*831664000453*****DG*3*VS*00000
ZA*QS***006*20050530
CTP**UCP*3
SDQ*EA*ZZ*7362*4
LIN**CB*970964110*ZZ*43*UP*831664000453*****DG*5*VS*00000
ZA*QS***006*20050530
CTP**UCP*3
SDQ*EA*ZZ*4213*1
CTT*4
SE*31*000000010
ST*852*000000011
XQ*H*20050531
N9*AD*T00000040
LIN**CB*970965117*ZZ*43*UP*831664000460*****DG*1*VS*00000
ZA*QS***006*20050529
CTP**UCP*3
SDQ*EA*ZZ*9648*-1
ZA*QS***006*20050530
CTP**UCP*3
SDQ*EA*ZZ*3083*31*3084*2*3143*6*3194*2*3348*3*3408*26*3602*6*3644*40*3646*30*3685*1
SDQ*EA*ZZ*3703*64*3715*13*3822*2*3836*60*3848*17*3876*2*3931*4*3966*1*3996*7*4033*1
SDQ*EA*ZZ*4071*9*4093*29*4103*42*4213*11*4244*53*4308*6*4312*3*4475*6*4717*85*4719*1
SDQ*EA*ZZ*4739*6*4760*14*4769*7*4817*4*4835*1*4883*14*4898*4*4968*2*4970*5*7045*5
SDQ*EA*ZZ*7059*16*7069*24*7076*20*7132*58*7146*1*7154*3*7184*17*7358*29*7437*6*7460*14
SDQ*EA*ZZ*7461*9*7607*21*7610*2*7629*16*7637*2*7718*121*7719*8*9560*6*9620*18*9621*2
SDQ*EA*ZZ*9629*22*9633*37*9639*11*9648*22*9674*13*9728*1*9735*11*9758*2*9818*1
LIN**CB*970965117*ZZ*43*UP*831664000460*****DG*2*VS*00000
ZA*QS***006*20050530
CTP**UCP*3
SDQ*EA*ZZ*7066*12
LIN**CB*970965117*ZZ*43*UP*831664000460*****DG*3*VS*00000
ZA*QS***006*20050530
CTP**UCP*3
SDQ*EA*ZZ*7362*5
ZA*QS***006*20050530
CTP**UCP*5.5
SDQ*EA*ZZ*3941*5*4753*2*7255*13
LIN**CB*970965117*ZZ*43*UP*831664000460*****DG*5*VS*00000
ZA*QS***006*20050530
CTP**UCP*5.5
SDQ*EA*ZZ*9121*-2
CTT*4
SE*33*000000011
ST*852*000000012
XQ*H*20050531
N9*AD*T00000040
LIN**CB*970967113*ZZ*43*UP*831664000484*****DG*1*VS*00000
ZA*QS***006*20050530
CTP**UCP*7.5
SDQ*EA*ZZ*3103*3*3143*2*3672*1*3996*1*4717*12*4739*1*4769*2*4835*2*4968*2*7069*1
SDQ*EA*ZZ*7255*5*7358*3*7607*1*9622*4*9629*3*9728*2
LIN**CB*970967113*ZZ*43*UP*831664000484*****DG*5*VS*00000
ZA*QS***006*20050530
CTP**UCP*7.5
SDQ*EA*ZZ*3703*1
CTT*2
SE*14*000000012
ST*852*000000013
XQ*H*20050531
N9*AD*T00000040
LIN**CB*970969119*ZZ*43*UP*831664000491*****DG*1*VS*00000
ZA*QS***006*20050530
CTP**UCP*8.5
SDQ*EA*ZZ*4244*3*4898*2*4970*1*7069*1*7460*1
CTT*1
SE*9*000000013
ST*852*000000014
XQ*H*20050531
N9*AD*T00000040
LIN**CB*970970117*ZZ*43*UP*831664000859*****DG*1*VS*00000
ZA*QS***006*20050530
CTP**UCP*2.4
SDQ*EA*ZZ*3083*33*3084*11*3359*6*3644*9*3646*19*3703*2*3715*4*3822*1*3836*20*3848*3
SDQ*EA*ZZ*3941*3*4093*1*4244*4*4308*1*4739*3*4883*10*4898*7*7066*15*7076*1*7132*33
SDQ*EA*ZZ*7255*4*7362*4*7460*10*7607*19*9621*19*9633*12*9648*49*9674*25*9728*6*9735*1
LIN**CB*970970117*ZZ*43*UP*831664000859*****DG*5*VS*00000
ZA*QS***006*20050530
CTP**UCP*2.4
SDQ*EA*ZZ*7255*4
CTT*2
SE*15*000000014
ST*852*000000015
XQ*H*20050531
N9*AD*T00000040
LIN**CB*970971115*ZZ*43*UP*831664000781*****DG*1*VS*00000
ZA*QS***006*20050530
CTP**UCP*1.95
SDQ*EA*ZZ*3143*1*3646*2*3703*3*3836*1*4103*13*4968*3*7076*1*7460*1*7607*8*7718*1
SDQ*EA*ZZ*9758*3
CTT*1
SE*10*000000015
ST*852*000000016
XQ*H*20050531
N9*AD*T00000040
LIN**CB*970972113*ZZ*43*UP*831664000651*****DG*1*VS*00000
ZA*QS***006*20050530
CTP**UCP*1.35
SDQ*EA*ZZ*3359*3*3672*1*3703*3*4093*1*4312*1*4717*2*7069*1*7718*4*9648*6
CTT*1
SE*9*000000016
ST*852*000000017
XQ*H*20050531
N9*AD*T00000040
LIN**CB*970981114*ZZ*43*UP*831664000972*****DG*1*VS*00000
ZA*QS***006*20050530
CTP**UCP*.65
SDQ*EA*ZZ*3359*12*3836*3*4093*2*9620*9
CTT*1
SE*9*000000017
ST*852*000000018
XQ*H*20050531
N9*AD*T00000040
LIN**CB*970986113*ZZ*43*UP*831664001023*****DG*1*VS*00000
ZA*QS***006*20050530
CTP**UCP*2.6
SDQ*EA*ZZ*7184*2
LIN**CB*970986113*ZZ*43*UP*831664001023*****DG*9*VS*00000
ZA*QS***006*20050530
CTP**UCP*2.6
SDQ*EA*ZZ*3348*1
CTT*2
SE*13*000000018
ST*852*000000019
XQ*H*20050531
N9*AD*T00000040
LIN**CB*970987111*ZZ*43*UP*831664001030*****DG*1*VS*00000
ZA*QS***006*20050530
CTP**UCP*3.25
SDQ*EA*ZZ*3836*2*4093*5*9674*1
LIN**CB*970987111*ZZ*43*UP*831664001030*****DG*5*VS*00000
ZA*QS***006*20050530
CTP**UCP*3.25
SDQ*EA*ZZ*4093*1
CTT*2
SE*13*000000019
ST*852*000000020
XQ*H*20050531
N9*AD*T00000040
LIN**CB*974551111*ZZ*43*UP*831664001061*****DG*1*VS*00000
ZA*QS***006*20050530
CTP**UCP*2.4
SDQ*EA*ZZ*3063*3*3083*18*3103*12*3644*6*3646*6*3715*3*3822*11*3836*3*3848*8*3876*2
SDQ*EA*ZZ*3941*8*3966*1*3996*1*4033*1*4071*5*4093*8*4103*13*4213*2*4244*2*4312*1
SDQ*EA*ZZ*4717*25*4753*3*4769*1*4883*2*4968*5*7066*4*7069*1*7076*21*7132*6*7146*1
SDQ*EA*ZZ*7184*7*7255*12*7358*14*7362*2*7460*7*7461*12*7607*20*9620*3*9621*4*9625*2
SDQ*EA*ZZ*9629*11*9633*9*9648*15*9728*15*9735*1
LIN**CB*974551111*ZZ*43*UP*831664001061*****DG*4*VS*00000
ZA*QS***006*20050530
CTP**UCP*2.4
SDQ*EA*ZZ*7461*2
CTT*2
SE*17*000000020
GE*20*115
IEA*1*000000738
*** SUPERTRACS READY FOR INPUT
