ISA*00*          *00*          *09*006985290EFT   *12*6154525825     *080104*2301*U*00400*001000102*0*P*>
GS*RA*006985290EFT*6154525825*20080104*2301*1000102*X*004010
ST*820*0001
BPR*I*46145.6*C*ACH*CCP*01*021000018*DA*0300955622*9008965873**01*064102601*DA*3000289*20080108*VEN
TRN*3*770263676*9008965873
DTM*097*20080104
N1*PR*KMART CORPORATION*1*008965873
N1*PE*YOUNGS FARMS*92*00069099588
N1*SE*YOUNGS FARMS*92*00069099588
ENT*1
RMR*IK*302220071206*PI*54.3*54.3*0
REF*PO*0020071207
REF*ST*03022
REF*DP*043
DTM*999*20071206
RMR*IK*302220071207*PI*63*63*0
REF*PO*0020071208
REF*ST*03022
REF*DP*043
DTM*999*20071207
RMR*IK*302220071208*PI*44.2*44.2*0
REF*PO*0020071209
REF*ST*03022
REF*DP*043
DTM*999*20071208
RMR*IK*302220071209*PI*96.5*96.5*0
REF*PO*0020071210
REF*ST*03022
REF*DP*043
DTM*999*20071209
RMR*IK*302220071210*PI*44.2*44.2*0
REF*PO*0020071211
REF*ST*03022
REF*DP*043
DTM*999*20071210
RMR*IK*302220071211*PI*12.4*12.4*0
REF*PO*0020071212
REF*ST*03022
REF*DP*043
DTM*999*20071211
RMR*IK*302220071212*PI*39.9*39.9*0
REF*PO*0020071213
REF*ST*03022
REF*DP*043
DTM*999*20071212
RMR*IK*306320071206*PI*15.5*15.5*0
REF*PO*0020071207
REF*ST*03063
REF*DP*043
DTM*999*20071206
RMR*IK*306320071207*PI*67.6*67.6*0
REF*PO*0020071208
REF*ST*03063
REF*DP*043
DTM*999*20071207
RMR*IK*306320071208*PI*21.7*21.7*0
REF*PO*0020071209
REF*ST*03063
REF*DP*043
DTM*999*20071208
RMR*IK*306320071209*PI*6.2*6.2*0
REF*PO*0020071210
REF*ST*03063
REF*DP*043
DTM*999*20071209
RMR*IK*306320071210*PI*18.6*18.6*0
REF*PO*0020071211
REF*ST*03063
REF*DP*043
DTM*999*20071210
RMR*IK*306320071211*PI*12.4*12.4*0
REF*PO*0020071212
REF*ST*03063
REF*DP*043
DTM*999*20071211
RMR*IK*306320071212*PI*3.1*3.1*0
REF*PO*0020071213
REF*ST*03063
REF*DP*043
DTM*999*20071212
RMR*IK*308220071206*PI*102.3*102.3*0
REF*PO*0020071207
REF*ST*03082
REF*DP*043
DTM*999*20071206
RMR*IK*308220071207*PI*52.5*52.5*0
REF*PO*0020071208
REF*ST*03082
REF*DP*043
DTM*999*20071207
RMR*IK*308220071208*PI*40.3*40.3*0
REF*PO*0020071209
REF*ST*03082
REF*DP*043
DTM*999*20071208
RMR*IK*308220071209*PI*95.3*95.3*0
REF*PO*0020071210
REF*ST*03082
REF*DP*043
DTM*999*20071209
RMR*IK*308220071210*PI*24.6*24.6*0
REF*PO*0020071211
REF*ST*03082
REF*DP*043
DTM*999*20071210
RMR*IK*308220071211*PI*27.9*27.9*0
REF*PO*0020071212
REF*ST*03082
REF*DP*043
DTM*999*20071211
RMR*IK*308220071212*PI*9.3*9.3*0
REF*PO*0020071213
REF*ST*03082
REF*DP*043
DTM*999*20071212
RMR*IK*308320071206*PI*110.5*110.5*0
REF*PO*0020071207
REF*ST*03083
REF*DP*043
DTM*999*20071206
RMR*IK*308320071207*PI*87.2*87.2*0
REF*PO*0020071208
REF*ST*03083
REF*DP*043
DTM*999*20071207
RMR*IK*308320071208*PI*60.4*60.4*0
REF*PO*0020071209
REF*ST*03083
REF*DP*043
DTM*999*20071208
RMR*IK*308320071209*PI*27.5*27.5*0
REF*PO*0020071210
REF*ST*03083
REF*DP*043
DTM*999*20071209
RMR*IK*308320071210*PI*37.8*37.8*0
REF*PO*0020071211
REF*ST*03083
REF*DP*043
DTM*999*20071210
RMR*IK*308320071211*PI*15.5*15.5*0
REF*PO*0020071212
REF*ST*03083
REF*DP*043
DTM*999*20071211
RMR*IK*308320071212*PI*50.6*50.6*0
REF*PO*0020071213
REF*ST*03083
REF*DP*043
DTM*999*20071212
RMR*IK*308420071206*PI*76.2*76.2*0
REF*PO*0020071207
REF*ST*03084
REF*DP*043
DTM*999*20071206
RMR*IK*308420071207*PI*79.8*79.8*0
REF*PO*0020071208
REF*ST*03084
REF*DP*043
DTM*999*20071207
RMR*IK*308420071208*PI*103.1*103.1*0
REF*PO*0020071209
REF*ST*03084
REF*DP*043
DTM*999*20071208
RMR*IK*308420071209*PI*40.1*40.1*0
REF*PO*0020071210
REF*ST*03084
REF*DP*043
DTM*999*20071209
RMR*IK*308420071210*PI*29.9*29.9*0
REF*PO*0020071211
REF*ST*03084
REF*DP*043
DTM*999*20071210
RMR*IK*308420071211*PI*6.2*6.2*0
REF*PO*0020071212
REF*ST*03084
REF*DP*043
DTM*999*20071211
RMR*IK*308420071212*PI*21.7*21.7*0
REF*PO*0020071213
REF*ST*03084
REF*DP*043
DTM*999*20071212
RMR*IK*310320071206*PI*34.9*34.9*0
REF*PO*0020071207
REF*ST*03103
REF*DP*043
DTM*999*20071206
RMR*IK*310320071207*PI*44*44*0
REF*PO*0020071208
REF*ST*03103
REF*DP*043
DTM*999*20071207
RMR*IK*310320071208*PI*36.4*36.4*0
REF*PO*0020071209
REF*ST*03103
REF*DP*043
DTM*999*20071208
RMR*IK*310320071209*PI*24.4*24.4*0
REF*PO*0020071210
REF*ST*03103
REF*DP*043
DTM*999*20071209
RMR*IK*310320071210*PI*12.2*12.2*0
REF*PO*0020071211
REF*ST*03103
REF*DP*043
DTM*999*20071210
RMR*IK*310320071211*PI*30.8*30.8*0
REF*PO*0020071212
REF*ST*03103
REF*DP*043
DTM*999*20071211
RMR*IK*310320071212*PI*12.4*12.4*0
REF*PO*0020071213
REF*ST*03103
REF*DP*043
DTM*999*20071212
RMR*IK*314320071206*PI*116.8*116.8*0
REF*PO*0020071207
REF*ST*03143
REF*DP*043
DTM*999*20071206
RMR*IK*314320071207*PI*113.9*113.9*0
REF*PO*0020071208
REF*ST*03143
REF*DP*043
DTM*999*20071207
RMR*IK*314320071208*PI*102.6*102.6*0
REF*PO*0020071209
REF*ST*03143
REF*DP*043
DTM*999*20071208
RMR*IK*314320071209*PI*46.7*46.7*0
REF*PO*0020071210
REF*ST*03143
REF*DP*043
DTM*999*20071209
RMR*IK*314320071210*PI*122.8*122.8*0
REF*PO*0020071211
REF*ST*03143
REF*DP*043
DTM*999*20071210
RMR*IK*314320071211*PI*169*169*0
REF*PO*0020071212
REF*ST*03143
REF*DP*043
DTM*999*20071211
RMR*IK*314320071212*PI*40.7*40.7*0
REF*PO*0020071213
REF*ST*03143
REF*DP*043
DTM*999*20071212
RMR*IK*319420071206*PI*27.7*27.7*0
REF*PO*0020071207
REF*ST*03194
REF*DP*043
DTM*999*20071206
RMR*IK*319420071207*PI*24.8*24.8*0
REF*PO*0020071208
REF*ST*03194
REF*DP*043
DTM*999*20071207
RMR*IK*319420071208*PI*22.7*22.7*0
REF*PO*0020071209
REF*ST*03194
REF*DP*043
DTM*999*20071208
RMR*IK*319420071209*PI*18.2*18.2*0
REF*PO*0020071210
REF*ST*03194
REF*DP*043
DTM*999*20071209
RMR*IK*319420071211*PI*36.8*36.8*0
REF*PO*0020071212
REF*ST*03194
REF*DP*043
DTM*999*20071211
RMR*IK*319420071212*PI*18.2*18.2*0
REF*PO*0020071213
REF*ST*03194
REF*DP*043
DTM*999*20071212
RMR*IK*321920071206*PI*12.4*12.4*0
REF*PO*0020071207
REF*ST*03219
REF*DP*043
DTM*999*20071206
RMR*IK*321920071207*PI*12.4*12.4*0
REF*PO*0020071208
REF*ST*03219
REF*DP*043
DTM*999*20071207
RMR*IK*321920071208*PI*40.3*40.3*0
REF*PO*0020071209
REF*ST*03219
REF*DP*043
DTM*999*20071208
RMR*IK*321920071209*PI*27.9*27.9*0
REF*PO*0020071210
REF*ST*03219
REF*DP*043
DTM*999*20071209
RMR*IK*321920071210*PI*27.9*27.9*0
REF*PO*0020071211
REF*ST*03219
REF*DP*043
DTM*999*20071210
RMR*IK*321920071211*PI*81.6*81.6*0
REF*PO*0020071212
REF*ST*03219
REF*DP*043
DTM*999*20071211
RMR*IK*321920071212*PI*108.6*108.6*0
REF*PO*0020071213
REF*ST*03219
REF*DP*043
DTM*999*20071212
RMR*IK*322320071206*PI*94.6*94.6*0
REF*PO*0020071207
REF*ST*03223
REF*DP*043
DTM*999*20071206
RMR*IK*322320071207*PI*138.7*138.7*0
REF*PO*0020071208
REF*ST*03223
REF*DP*043
DTM*999*20071207
RMR*IK*322320071208*PI*133.1*133.1*0
REF*PO*0020071209
REF*ST*03223
REF*DP*043
DTM*999*20071208
RMR*IK*322320071209*PI*89.8*89.8*0
REF*PO*0020071210
REF*ST*03223
REF*DP*043
DTM*999*20071209
RMR*IK*322320071210*PI*49.6*49.6*0
REF*PO*0020071211
REF*ST*03223
REF*DP*043
DTM*999*20071210
RMR*IK*322320071211*PI*55.9*55.9*0
REF*PO*0020071212
REF*ST*03223
REF*DP*043
DTM*999*20071211
RMR*IK*322320071212*PI*23.4*23.4*0
REF*PO*0020071213
REF*ST*03223
REF*DP*043
DTM*999*20071212
RMR*IK*328920071206*PI*87.2*87.2*0
REF*PO*0020071207
REF*ST*03289
REF*DP*043
DTM*999*20071206
RMR*IK*328920071207*PI*59.7*59.7*0
REF*PO*0020071208
REF*ST*03289
REF*DP*043
DTM*999*20071207
RMR*IK*328920071208*PI*103.5*103.5*0
REF*PO*0020071209
REF*ST*03289
REF*DP*043
DTM*999*20071208
RMR*IK*328920071209*PI*12.2*12.2*0
REF*PO*0020071210
REF*ST*03289
REF*DP*043
DTM*999*20071209
RMR*IK*328920071210*PI*24.4*24.4*0
REF*PO*0020071211
REF*ST*03289
REF*DP*043
DTM*999*20071210
RMR*IK*328920071211*PI*3.1*3.1*0
REF*PO*0020071212
REF*ST*03289
REF*DP*043
DTM*999*20071211
RMR*IK*328920071212*PI*36.6*36.6*0
REF*PO*0020071213
REF*ST*03289
REF*DP*043
DTM*999*20071212
RMR*IK*334820071206*PI*34.9*34.9*0
REF*PO*0020071207
REF*ST*03348
REF*DP*043
DTM*999*20071206
RMR*IK*334820071207*PI*93*93*0
REF*PO*0020071208
REF*ST*03348
REF*DP*043
DTM*999*20071207
RMR*IK*334820071208*PI*27.9*27.9*0
REF*PO*0020071209
REF*ST*03348
REF*DP*043
DTM*999*20071208
RMR*IK*334820071209*PI*24.6*24.6*0
REF*PO*0020071210
REF*ST*03348
REF*DP*043
DTM*999*20071209
RMR*IK*334820071210*PI*15.5*15.5*0
REF*PO*0020071211
REF*ST*03348
REF*DP*043
DTM*999*20071210
RMR*IK*334820071211*PI*46.1*46.1*0
REF*PO*0020071212
REF*ST*03348
REF*DP*043
DTM*999*20071211
RMR*IK*334820071212*PI*18.6*18.6*0
REF*PO*0020071213
REF*ST*03348
REF*DP*043
DTM*999*20071212
RMR*IK*335520071206*PI*42.3*42.3*0
REF*PO*0020071207
REF*ST*03355
REF*DP*043
DTM*999*20071206
RMR*IK*335520071207*PI*126.9*126.9*0
REF*PO*0020071208
REF*ST*03355
REF*DP*043
DTM*999*20071207
RMR*IK*335520071208*PI*40.3*40.3*0
REF*PO*0020071209
REF*ST*03355
REF*DP*043
DTM*999*20071208
RMR*IK*335520071209*PI*44.4*44.4*0
REF*PO*0020071210
REF*ST*03355
REF*DP*043
DTM*999*20071209
RMR*IK*335520071210*PI*13.2*13.2*0
REF*PO*0020071211
REF*ST*03355
REF*DP*043
DTM*999*20071210
RMR*IK*335520071211*PI*7.2*7.2*0
REF*PO*0020071212
REF*ST*03355
REF*DP*043
DTM*999*20071211
RMR*IK*335520071212*PI*3.1*3.1*0
REF*PO*0020071213
REF*ST*03355
REF*DP*043
DTM*999*20071212
RMR*IK*335920071206*PI*52.5*52.5*0
REF*PO*0020071207
REF*ST*03359
REF*DP*043
DTM*999*20071206
RMR*IK*335920071207*PI*55.6*55.6*0
REF*PO*0020071208
REF*ST*03359
REF*DP*043
DTM*999*20071207
RMR*IK*335920071208*PI*100*100*0
REF*PO*0020071209
REF*ST*03359
REF*DP*043
DTM*999*20071208
RMR*IK*335920071209*PI*40.3*40.3*0
REF*PO*0020071210
REF*ST*03359
REF*DP*043
DTM*999*20071209
RMR*IK*335920071210*PI*56.8*56.8*0
REF*PO*0020071211
REF*ST*03359
REF*DP*043
DTM*999*20071210
RMR*IK*335920071211*PI*15.5*15.5*0
REF*PO*0020071212
REF*ST*03359
REF*DP*043
DTM*999*20071211
RMR*IK*335920071212*PI*49.4*49.4*0
REF*PO*0020071213
REF*ST*03359
REF*DP*043
DTM*999*20071212
RMR*IK*340820071206*PI*144.3*144.3*0
REF*PO*0020071207
REF*ST*03408
REF*DP*043
DTM*999*20071206
RMR*IK*340820071207*PI*101*101*0
REF*PO*0020071208
REF*ST*03408
REF*DP*043
DTM*999*20071207
RMR*IK*340820071208*PI*110.3*110.3*0
REF*PO*0020071209
REF*ST*03408
REF*DP*043
DTM*999*20071208
RMR*IK*340820071209*PI*49.6*49.6*0
REF*PO*0020071210
REF*ST*03408
REF*DP*043
DTM*999*20071209
RMR*IK*340820071210*PI*43.4*43.4*0
REF*PO*0020071211
REF*ST*03408
REF*DP*043
DTM*999*20071210
RMR*IK*340820071211*PI*72.1*72.1*0
REF*PO*0020071212
REF*ST*03408
REF*DP*043
DTM*999*20071211
RMR*IK*340820071212*PI*75.1*75.1*0
REF*PO*0020071213
REF*ST*03408
REF*DP*043
DTM*999*20071212
RMR*IK*360220071206*PI*21.7*21.7*0
REF*PO*0020071207
REF*ST*03602
REF*DP*043
DTM*999*20071206
RMR*IK*360220071207*PI*52.7*52.7*0
REF*PO*0020071208
REF*ST*03602
REF*DP*043
DTM*999*20071207
RMR*IK*360220071208*PI*123.9*123.9*0
REF*PO*0020071209
REF*ST*03602
REF*DP*043
DTM*999*20071208
RMR*IK*360220071209*PI*31*31*0
REF*PO*0020071210
REF*ST*03602
REF*DP*043
DTM*999*20071209
RMR*IK*360220071210*PI*28.7*28.7*0
REF*PO*0020071211
REF*ST*03602
REF*DP*043
DTM*999*20071210
RMR*IK*360220071211*PI*9.3*9.3*0
REF*PO*0020071212
REF*ST*03602
REF*DP*043
DTM*999*20071211
RMR*IK*360220071212*PI*15.3*15.3*0
REF*PO*0020071213
REF*ST*03602
REF*DP*043
DTM*999*20071212
RMR*IK*364420071206*PI*58.7*58.7*0
REF*PO*0020071207
REF*ST*03644
REF*DP*043
DTM*999*20071206
RMR*IK*364420071207*PI*113.7*113.7*0
REF*PO*0020071208
REF*ST*03644
REF*DP*043
DTM*999*20071207
RMR*IK*364420071208*PI*98.4*98.4*0
REF*PO*0020071209
REF*ST*03644
REF*DP*043
DTM*999*20071208
RMR*IK*364420071209*PI*39.7*39.7*0
REF*PO*0020071210
REF*ST*03644
REF*DP*043
DTM*999*20071209
RMR*IK*364420071210*PI*37*37*0
REF*PO*0020071211
REF*ST*03644
REF*DP*043
DTM*999*20071210
RMR*IK*364420071211*PI*33.5*33.5*0
REF*PO*0020071212
REF*ST*03644
REF*DP*043
DTM*999*20071211
RMR*IK*364420071212*PI*6.2*6.2*0
REF*PO*0020071213
REF*ST*03644
REF*DP*043
DTM*999*20071212
RMR*IK*364620071206*PI*138*138*0
REF*PO*0020071207
REF*ST*03646
REF*DP*043
DTM*999*20071206
RMR*IK*364620071207*PI*99.8*99.8*0
REF*PO*0020071208
REF*ST*03646
REF*DP*043
DTM*999*20071207
RMR*IK*364620071208*PI*129*129*0
REF*PO*0020071209
REF*ST*03646
REF*DP*043
DTM*999*20071208
RMR*IK*364620071209*PI*104.8*104.8*0
REF*PO*0020071210
REF*ST*03646
REF*DP*043
DTM*999*20071209
RMR*IK*364620071210*PI*44*44*0
REF*PO*0020071211
REF*ST*03646
REF*DP*043
DTM*999*20071210
RMR*IK*364620071211*PI*33.5*33.5*0
REF*PO*0020071212
REF*ST*03646
REF*DP*043
DTM*999*20071211
RMR*IK*364620071212*PI*93.2*93.2*0
REF*PO*0020071213
REF*ST*03646
REF*DP*043
DTM*999*20071212
RMR*IK*366020071206*PI*24.8*24.8*0
REF*PO*0020071207
REF*ST*03660
REF*DP*043
DTM*999*20071206
RMR*IK*366020071207*PI*85.8*85.8*0
REF*PO*0020071208
REF*ST*03660
REF*DP*043
DTM*999*20071207
RMR*IK*366020071208*PI*83.1*83.1*0
REF*PO*0020071209
REF*ST*03660
REF*DP*043
DTM*999*20071208
RMR*IK*366020071209*PI*36.6*36.6*0
REF*PO*0020071210
REF*ST*03660
REF*DP*043
DTM*999*20071209
RMR*IK*366020071211*PI*6.2*6.2*0
REF*PO*0020071212
REF*ST*03660
REF*DP*043
DTM*999*20071211
RMR*IK*366020071212*PI*9.1*9.1*0
REF*PO*0020071213
REF*ST*03660
REF*DP*043
DTM*999*20071212
RMR*IK*366120071206*PI*141*141*0
REF*PO*0020071207
REF*ST*03661
REF*DP*043
DTM*999*20071206
RMR*IK*366120071207*PI*248.6*248.6*0
REF*PO*0020071208
REF*ST*03661
REF*DP*043
DTM*999*20071207
RMR*IK*366120071208*PI*223.7*223.7*0
REF*PO*0020071209
REF*ST*03661
REF*DP*043
DTM*999*20071208
RMR*IK*366120071209*PI*133.5*133.5*0
REF*PO*0020071210
REF*ST*03661
REF*DP*043
DTM*999*20071209
RMR*IK*366120071210*PI*111.2*111.2*0
REF*PO*0020071211
REF*ST*03661
REF*DP*043
DTM*999*20071210
RMR*IK*366120071211*PI*95.7*95.7*0
REF*PO*0020071212
REF*ST*03661
REF*DP*043
DTM*999*20071211
RMR*IK*366120071212*PI*164.2*164.2*0
REF*PO*0020071213
REF*ST*03661
REF*DP*043
DTM*999*20071212
RMR*IK*367220071206*PI*79.5*79.5*0
REF*PO*0020071207
REF*ST*03672
REF*DP*043
DTM*999*20071206
RMR*IK*367220071207*PI*37.2*37.2*0
REF*PO*0020071208
REF*ST*03672
REF*DP*043
DTM*999*20071207
RMR*IK*367220071208*PI*47.5*47.5*0
REF*PO*0020071209
REF*ST*03672
REF*DP*043
DTM*999*20071208
RMR*IK*367220071209*PI*21.7*21.7*0
REF*PO*0020071210
REF*ST*03672
REF*DP*043
DTM*999*20071209
RMR*IK*367220071210*PI*6.2*6.2*0
REF*PO*0020071211
REF*ST*03672
REF*DP*043
DTM*999*20071210
RMR*IK*367220071211*PI*6.2*6.2*0
REF*PO*0020071212
REF*ST*03672
REF*DP*043
DTM*999*20071211
RMR*IK*367220071212*PI*36.8*36.8*0
REF*PO*0020071213
REF*ST*03672
REF*DP*043
DTM*999*20071212
RMR*IK*367520071206*PI*61.6*61.6*0
REF*PO*0020071207
REF*ST*03675
REF*DP*043
DTM*999*20071206
RMR*IK*367520071207*PI*95.7*95.7*0
REF*PO*0020071208
REF*ST*03675
REF*DP*043
DTM*999*20071207
RMR*IK*367520071208*PI*157.3*157.3*0
REF*PO*0020071209
REF*ST*03675
REF*DP*043
DTM*999*20071208
RMR*IK*367520071209*PI*74.4*74.4*0
REF*PO*0020071210
REF*ST*03675
REF*DP*043
DTM*999*20071209
RMR*IK*367520071210*PI*12.4*12.4*0
REF*PO*0020071211
REF*ST*03675
REF*DP*043
DTM*999*20071210
RMR*IK*367520071211*PI*31*31*0
REF*PO*0020071212
REF*ST*03675
REF*DP*043
DTM*999*20071211
RMR*IK*367520071212*PI*9.3*9.3*0
REF*PO*0020071213
REF*ST*03675
REF*DP*043
DTM*999*20071212
RMR*IK*368520071206*PI*37.2*37.2*0
REF*PO*0020071207
REF*ST*03685
REF*DP*043
DTM*999*20071206
RMR*IK*368520071207*PI*58.9*58.9*0
REF*PO*0020071208
REF*ST*03685
REF*DP*043
DTM*999*20071207
RMR*IK*368520071208*PI*76.7*76.7*0
REF*PO*0020071209
REF*ST*03685
REF*DP*043
DTM*999*20071208
RMR*IK*368520071209*PI*9.3*9.3*0
REF*PO*0020071210
REF*ST*03685
REF*DP*043
DTM*999*20071209
RMR*IK*368520071210*PI*12.4*12.4*0
REF*PO*0020071211
REF*ST*03685
REF*DP*043
DTM*999*20071210
RMR*IK*368520071211*PI*30.8*30.8*0
REF*PO*0020071212
REF*ST*03685
REF*DP*043
DTM*999*20071211
RMR*IK*368520071212*PI*37.2*37.2*0
REF*PO*0020071213
REF*ST*03685
REF*DP*043
DTM*999*20071212
RMR*IK*370120071206*PI*116.7*116.7*0
REF*PO*0020071207
REF*ST*03701
REF*DP*043
DTM*999*20071206
RMR*IK*370120071207*PI*256.5*256.5*0
REF*PO*0020071208
REF*ST*03701
REF*DP*043
DTM*999*20071207
RMR*IK*370120071208*PI*92.7*92.7*0
REF*PO*0020071209
REF*ST*03701
REF*DP*043
DTM*999*20071208
RMR*IK*370120071209*PI*53.3*53.3*0
REF*PO*0020071210
REF*ST*03701
REF*DP*043
DTM*999*20071209
RMR*IK*370120071210*PI*102.5*102.5*0
REF*PO*0020071211
REF*ST*03701
REF*DP*043
DTM*999*20071210
RMR*IK*370120071211*PI*64.7*64.7*0
REF*PO*0020071212
REF*ST*03701
REF*DP*043
DTM*999*20071211
RMR*IK*370120071212*PI*16.5*16.5*0
REF*PO*0020071213
REF*ST*03701
REF*DP*043
DTM*999*20071212
RMR*IK*370320071206*PI*161.1*161.1*0
REF*PO*0020071207
REF*ST*03703
REF*DP*043
DTM*999*20071206
RMR*IK*370320071207*PI*66.6*66.6*0
REF*PO*0020071208
REF*ST*03703
REF*DP*043
DTM*999*20071207
RMR*IK*370320071208*PI*105.7*105.7*0
REF*PO*0020071209
REF*ST*03703
REF*DP*043
DTM*999*20071208
RMR*IK*370320071209*PI*76.4*76.4*0
REF*PO*0020071210
REF*ST*03703
REF*DP*043
DTM*999*20071209
RMR*IK*370320071210*PI*56.6*56.6*0
REF*PO*0020071211
REF*ST*03703
REF*DP*043
DTM*999*20071210
RMR*IK*370320071211*PI*95.4*95.4*0
REF*PO*0020071212
REF*ST*03703
REF*DP*043
DTM*999*20071211
RMR*IK*370320071212*PI*39.9*39.9*0
REF*PO*0020071213
REF*ST*03703
REF*DP*043
DTM*999*20071212
RMR*IK*371320071206*PI*208.3*208.3*0
REF*PO*0020071207
REF*ST*03713
REF*DP*043
DTM*999*20071206
RMR*IK*371320071207*PI*63.8*63.8*0
REF*PO*0020071208
REF*ST*03713
REF*DP*043
DTM*999*20071207
RMR*IK*371320071208*PI*86.6*86.6*0
REF*PO*0020071209
REF*ST*03713
REF*DP*043
DTM*999*20071208
RMR*IK*371320071209*PI*60.2*60.2*0
REF*PO*0020071210
REF*ST*03713
REF*DP*043
DTM*999*20071209
RMR*IK*371320071210*PI*15.1*15.1*0
REF*PO*0020071211
REF*ST*03713
REF*DP*043
DTM*999*20071210
RMR*IK*371320071211*PI*18*18*0
REF*PO*0020071212
REF*ST*03713
REF*DP*043
DTM*999*20071211
RMR*IK*371320071212*PI*15.3*15.3*0
REF*PO*0020071213
REF*ST*03713
REF*DP*043
DTM*999*20071212
RMR*IK*371520071206*PI*93.8*93.8*0
REF*PO*0020071207
REF*ST*03715
REF*DP*043
DTM*999*20071206
RMR*IK*371520071207*PI*88.5*88.5*0
REF*PO*0020071208
REF*ST*03715
REF*DP*043
DTM*999*20071207
RMR*IK*371520071208*PI*86*86*0
REF*PO*0020071209
REF*ST*03715
REF*DP*043
DTM*999*20071208
RMR*IK*371520071209*PI*7.2*7.2*0
REF*PO*0020071210
REF*ST*03715
REF*DP*043
DTM*999*20071209
RMR*IK*371520071210*PI*28.3*28.3*0
REF*PO*0020071211
REF*ST*03715
REF*DP*043
DTM*999*20071210
RMR*IK*371520071211*PI*12.4*12.4*0
REF*PO*0020071212
REF*ST*03715
REF*DP*043
DTM*999*20071211
RMR*IK*371520071212*PI*93.1*93.1*0
REF*PO*0020071213
REF*ST*03715
REF*DP*043
DTM*999*20071212
RMR*IK*377320071206*PI*27.9*27.9*0
REF*PO*0020071207
REF*ST*03773
REF*DP*043
DTM*999*20071206
RMR*IK*377320071207*PI*27.9*27.9*0
REF*PO*0020071208
REF*ST*03773
REF*DP*043
DTM*999*20071207
RMR*IK*377320071208*PI*102.9*102.9*0
REF*PO*0020071209
REF*ST*03773
REF*DP*043
DTM*999*20071208
RMR*IK*377320071209*PI*24.8*24.8*0
REF*PO*0020071210
REF*ST*03773
REF*DP*043
DTM*999*20071209
RMR*IK*377320071210*PI*18.6*18.6*0
REF*PO*0020071211
REF*ST*03773
REF*DP*043
DTM*999*20071210
RMR*IK*377320071211*PI*109*109*0
REF*PO*0020071212
REF*ST*03773
REF*DP*043
DTM*999*20071211
RMR*IK*377320071212*PI*31*31*0
REF*PO*0020071213
REF*ST*03773
REF*DP*043
DTM*999*20071212
RMR*IK*382220071206*PI*85.1*85.1*0
REF*PO*0020071207
REF*ST*03822
REF*DP*043
DTM*999*20071206
RMR*IK*382220071207*PI*72.2*72.2*0
REF*PO*0020071208
REF*ST*03822
REF*DP*043
DTM*999*20071207
RMR*IK*382220071208*PI*65.9*65.9*0
REF*PO*0020071209
REF*ST*03822
REF*DP*043
DTM*999*20071208
RMR*IK*382220071209*PI*12.4*12.4*0
REF*PO*0020071210
REF*ST*03822
REF*DP*043
DTM*999*20071209
RMR*IK*382220071210*PI*18.4*18.4*0
REF*PO*0020071211
REF*ST*03822
REF*DP*043
DTM*999*20071210
RMR*IK*382220071211*PI*86.1*86.1*0
REF*PO*0020071212
REF*ST*03822
REF*DP*043
DTM*999*20071211
RMR*IK*382220071212*PI*43*43*0
REF*PO*0020071213
REF*ST*03822
REF*DP*043
DTM*999*20071212
RMR*IK*383620071206*PI*37*37*0
REF*PO*0020071207
REF*ST*03836
REF*DP*043
DTM*999*20071206
RMR*IK*383620071207*PI*27.9*27.9*0
REF*PO*0020071208
REF*ST*03836
REF*DP*043
DTM*999*20071207
RMR*IK*383620071208*PI*95.5*95.5*0
REF*PO*0020071209
REF*ST*03836
REF*DP*043
DTM*999*20071208
RMR*IK*383620071209*PI*18.6*18.6*0
REF*PO*0020071210
REF*ST*03836
REF*DP*043
DTM*999*20071209
RMR*IK*383620071210*PI*3.1*3.1*0
REF*PO*0020071211
REF*ST*03836
REF*DP*043
DTM*999*20071210
RMR*IK*383620071211*PI*21.7*21.7*0
REF*PO*0020071212
REF*ST*03836
REF*DP*043
DTM*999*20071211
RMR*IK*383620071212*PI*334.8*334.8*0
REF*PO*0020071213
REF*ST*03836
REF*DP*043
DTM*999*20071212
RMR*IK*384820071206*PI*63*63*0
REF*PO*0020071207
REF*ST*03848
REF*DP*043
DTM*999*20071206
RMR*IK*384820071207*PI*49.4*49.4*0
REF*PO*0020071208
REF*ST*03848
REF*DP*043
DTM*999*20071207
RMR*IK*384820071208*PI*58.1*58.1*0
REF*PO*0020071209
REF*ST*03848
REF*DP*043
DTM*999*20071208
RMR*IK*384820071209*PI*32.5*32.5*0
REF*PO*0020071210
REF*ST*03848
REF*DP*043
DTM*999*20071209
RMR*IK*384820071210*PI*21.3*21.3*0
REF*PO*0020071211
REF*ST*03848
REF*DP*043
DTM*999*20071210
RMR*IK*384820071212*PI*29.4*29.4*0
REF*PO*0020071213
REF*ST*03848
REF*DP*043
DTM*999*20071212
RMR*IK*387620071206*PI*115.7*115.7*0
REF*PO*0020071207
REF*ST*03876
REF*DP*043
DTM*999*20071206
RMR*IK*387620071207*PI*117.9*117.9*0
REF*PO*0020071208
REF*ST*03876
REF*DP*043
DTM*999*20071207
RMR*IK*387620071208*PI*104.1*104.1*0
REF*PO*0020071209
REF*ST*03876
REF*DP*043
DTM*999*20071208
RMR*IK*387620071209*PI*42*42*0
REF*PO*0020071210
REF*ST*03876
REF*DP*043
DTM*999*20071209
RMR*IK*387620071210*PI*18.4*18.4*0
REF*PO*0020071211
REF*ST*03876
REF*DP*043
DTM*999*20071210
RMR*IK*387620071211*PI*18.6*18.6*0
REF*PO*0020071212
REF*ST*03876
REF*DP*043
DTM*999*20071211
RMR*IK*387620071212*PI*40.3*40.3*0
REF*PO*0020071213
REF*ST*03876
REF*DP*043
DTM*999*20071212
RMR*IK*390520071206*PI*39.7*39.7*0
REF*PO*0020071207
REF*ST*03905
REF*DP*043
DTM*999*20071206
RMR*IK*390520071207*PI*24.4*24.4*0
REF*PO*0020071208
REF*ST*03905
REF*DP*043
DTM*999*20071207
RMR*IK*390520071208*PI*21.7*21.7*0
REF*PO*0020071209
REF*ST*03905
REF*DP*043
DTM*999*20071208
RMR*IK*390520071211*PI*9.3*9.3*0
REF*PO*0020071212
REF*ST*03905
REF*DP*043
DTM*999*20071211
RMR*IK*390520071212*PI*6.2*6.2*0
REF*PO*0020071213
REF*ST*03905
REF*DP*043
DTM*999*20071212
RMR*IK*392920071206*PI*16.3*16.3*0
REF*PO*0020071207
REF*ST*03929
REF*DP*043
DTM*999*20071206
RMR*IK*392920071208*PI*42.9*42.9*0
REF*PO*0020071209
REF*ST*03929
REF*DP*043
DTM*999*20071208
RMR*IK*392920071211*PI*12*12*0
REF*PO*0020071212
REF*ST*03929
REF*DP*043
DTM*999*20071211
RMR*IK*393120071206*PI*33.9*33.9*0
REF*PO*0020071207
REF*ST*03931
REF*DP*043
DTM*999*20071206
RMR*IK*393120071207*PI*100.4*100.4*0
REF*PO*0020071208
REF*ST*03931
REF*DP*043
DTM*999*20071207
RMR*IK*393120071208*PI*113.3*113.3*0
REF*PO*0020071209
REF*ST*03931
REF*DP*043
DTM*999*20071208
RMR*IK*393120071209*PI*90.2*90.2*0
REF*PO*0020071211
REF*ST*03931
REF*DP*043
DTM*999*20071209
RMR*IK*393120071210*PI*67.2*67.2*0
REF*PO*0020071212
REF*ST*03931
REF*DP*043
DTM*999*20071210
RMR*IK*393120071211*PI*24.8*24.8*0
REF*PO*0020071212
REF*ST*03931
REF*DP*043
DTM*999*20071211
RMR*IK*393120071212*PI*76.5*76.5*0
REF*PO*0020071213
REF*ST*03931
REF*DP*043
DTM*999*20071212
RMR*IK*393920071206*PI*86.4*86.4*0
REF*PO*0020071207
REF*ST*03939
REF*DP*043
DTM*999*20071206
RMR*IK*393920071207*PI*112.4*112.4*0
REF*PO*0020071208
REF*ST*03939
REF*DP*043
DTM*999*20071207
RMR*IK*393920071208*PI*136.9*136.9*0
REF*PO*0020071209
REF*ST*03939
REF*DP*043
DTM*999*20071208
RMR*IK*393920071209*PI*89.7*89.7*0
REF*PO*0020071210
REF*ST*03939
REF*DP*043
DTM*999*20071209
RMR*IK*393920071210*PI*72.9*72.9*0
REF*PO*0020071211
REF*ST*03939
REF*DP*043
DTM*999*20071210
RMR*IK*393920071211*PI*38.1*38.1*0
REF*PO*0020071212
REF*ST*03939
REF*DP*043
DTM*999*20071211
RMR*IK*393920071212*PI*25.8*25.8*0
REF*PO*0020071213
REF*ST*03939
REF*DP*043
DTM*999*20071212
RMR*IK*394120071206*PI*71.2*71.2*0
REF*PO*0020071207
REF*ST*03941
REF*DP*043
DTM*999*20071206
RMR*IK*394120071207*PI*25.4*25.4*0
REF*PO*0020071208
REF*ST*03941
REF*DP*043
DTM*999*20071207
RMR*IK*394120071208*PI*57.4*57.4*0
REF*PO*0020071209
REF*ST*03941
REF*DP*043
DTM*999*20071208
RMR*IK*394120071209*PI*17.2*17.2*0
REF*PO*0020071210
REF*ST*03941
REF*DP*043
DTM*999*20071209
RMR*IK*394120071210*PI*27.9*27.9*0
REF*PO*0020071211
REF*ST*03941
REF*DP*043
DTM*999*20071210
RMR*IK*394120071211*PI*44.2*44.2*0
REF*PO*0020071212
REF*ST*03941
REF*DP*043
DTM*999*20071211
RMR*IK*394120071212*PI*9.3*9.3*0
REF*PO*0020071213
REF*ST*03941
REF*DP*043
DTM*999*20071212
RMR*IK*394620071206*PI*12.2*12.2*0
REF*PO*0020071207
REF*ST*03946
REF*DP*043
DTM*999*20071206
RMR*IK*394620071208*PI*138.9*138.9*0
REF*PO*0020071209
REF*ST*03946
REF*DP*043
DTM*999*20071208
RMR*IK*394620071209*PI*49.2*49.2*0
REF*PO*0020071210
REF*ST*03946
REF*DP*043
DTM*999*20071209
RMR*IK*394620071210*PI*24.4*24.4*0
REF*PO*0020071211
REF*ST*03946
REF*DP*043
DTM*999*20071210
RMR*IK*394620071211*PI*76.9*76.9*0
REF*PO*0020071212
REF*ST*03946
REF*DP*043
DTM*999*20071211
RMR*IK*395720071207*PI*113.7*113.7*0
REF*PO*0020071208
REF*ST*03957
REF*DP*043
DTM*999*20071207
RMR*IK*395720071208*PI*50.6*50.6*0
REF*PO*0020071209
REF*ST*03957
REF*DP*043
DTM*999*20071208
RMR*IK*395720071209*PI*104.5*104.5*0
REF*PO*0020071210
REF*ST*03957
REF*DP*043
DTM*999*20071209
RMR*IK*395720071210*PI*77.1*77.1*0
REF*PO*0020071211
REF*ST*03957
REF*DP*043
DTM*999*20071210
RMR*IK*395720071211*PI*12.4*12.4*0
REF*PO*0020071212
REF*ST*03957
REF*DP*043
DTM*999*20071211
RMR*IK*395720071212*PI*31*31*0
REF*PO*0020071213
REF*ST*03957
REF*DP*043
DTM*999*20071212
RMR*IK*396620071206*PI*43.6*43.6*0
REF*PO*0020071207
REF*ST*03966
REF*DP*043
DTM*999*20071206
RMR*IK*396620071207*PI*46.5*46.5*0
REF*PO*0020071208
REF*ST*03966
REF*DP*043
DTM*999*20071207
RMR*IK*396620071208*PI*108.5*108.5*0
REF*PO*0020071209
REF*ST*03966
REF*DP*043
DTM*999*20071208
RMR*IK*396620071209*PI*102.1*102.1*0
REF*PO*0020071210
REF*ST*03966
REF*DP*043
DTM*999*20071209
RMR*IK*396620071210*PI*21.7*21.7*0
REF*PO*0020071211
REF*ST*03966
REF*DP*043
DTM*999*20071210
RMR*IK*396620071211*PI*9.3*9.3*0
REF*PO*0020071212
REF*ST*03966
REF*DP*043
DTM*999*20071211
RMR*IK*396620071212*PI*18.6*18.6*0
REF*PO*0020071213
REF*ST*03966
REF*DP*043
DTM*999*20071212
RMR*IK*396720071206*PI*9.3*9.3*0
REF*PO*0020071207
REF*ST*03967
REF*DP*043
DTM*999*20071206
RMR*IK*396720071207*PI*43.4*43.4*0
REF*PO*0020071208
REF*ST*03967
REF*DP*043
DTM*999*20071207
RMR*IK*396720071208*PI*93*93*0
REF*PO*0020071209
REF*ST*03967
REF*DP*043
DTM*999*20071208
RMR*IK*396720071209*PI*24.8*24.8*0
REF*PO*0020071210
REF*ST*03967
REF*DP*043
DTM*999*20071209
RMR*IK*396720071210*PI*24.2*24.2*0
REF*PO*0020071211
REF*ST*03967
REF*DP*043
DTM*999*20071210
RMR*IK*396720071211*PI*3.1*3.1*0
REF*PO*0020071212
REF*ST*03967
REF*DP*043
DTM*999*20071211
RMR*IK*396720071212*PI*49.6*49.6*0
REF*PO*0020071213
REF*ST*03967
REF*DP*043
DTM*999*20071212
RMR*IK*397520071206*PI*111.3*111.3*0
REF*PO*0020071207
REF*ST*03975
REF*DP*043
DTM*999*20071206
RMR*IK*397520071207*PI*109.6*109.6*0
REF*PO*0020071208
REF*ST*03975
REF*DP*043
DTM*999*20071207
RMR*IK*397520071208*PI*199.9*199.9*0
REF*PO*0020071209
REF*ST*03975
REF*DP*043
DTM*999*20071208
RMR*IK*397520071209*PI*71.4*71.4*0
REF*PO*0020071210
REF*ST*03975
REF*DP*043
DTM*999*20071209
RMR*IK*397520071210*PI*75*75*0
REF*PO*0020071211
REF*ST*03975
REF*DP*043
DTM*999*20071210
RMR*IK*397520071211*PI*51.3*51.3*0
REF*PO*0020071212
REF*ST*03975
REF*DP*043
DTM*999*20071211
RMR*IK*397520071212*PI*73.7*73.7*0
REF*PO*0020071213
REF*ST*03975
REF*DP*043
DTM*999*20071212
RMR*IK*397820071206*PI*28.9*28.9*0
REF*PO*0020071207
REF*ST*03978
REF*DP*043
DTM*999*20071206
RMR*IK*397820071207*PI*29.6*29.6*0
REF*PO*0020071208
REF*ST*03978
REF*DP*043
DTM*999*20071207
RMR*IK*397820071208*PI*43.4*43.4*0
REF*PO*0020071209
REF*ST*03978
REF*DP*043
DTM*999*20071208
RMR*IK*397820071209*PI*6.2*6.2*0
REF*PO*0020071210
REF*ST*03978
REF*DP*043
DTM*999*20071209
RMR*IK*397820071210*PI*7.9*7.9*0
REF*PO*0020071211
REF*ST*03978
REF*DP*043
DTM*999*20071210
RMR*IK*397820071211*PI*34.1*34.1*0
REF*PO*0020071212
REF*ST*03978
REF*DP*043
DTM*999*20071211
RMR*IK*397820071212*PI*12.4*12.4*0
REF*PO*0020071213
REF*ST*03978
REF*DP*043
DTM*999*20071212
RMR*IK*399120071206*PI*53.5*53.5*0
REF*PO*0020071207
REF*ST*03991
REF*DP*043
DTM*999*20071206
RMR*IK*399120071207*PI*65.1*65.1*0
REF*PO*0020071208
REF*ST*03991
REF*DP*043
DTM*999*20071207
RMR*IK*399120071208*PI*72.3*72.3*0
REF*PO*0020071209
REF*ST*03991
REF*DP*043
DTM*999*20071208
RMR*IK*399120071209*PI*27.7*27.7*0
REF*PO*0020071210
REF*ST*03991
REF*DP*043
DTM*999*20071209
RMR*IK*399120071210*PI*38.2*38.2*0
REF*PO*0020071211
REF*ST*03991
REF*DP*043
DTM*999*20071210
RMR*IK*399120071211*PI*18.4*18.4*0
REF*PO*0020071212
REF*ST*03991
REF*DP*043
DTM*999*20071211
RMR*IK*399120071212*PI*34.5*34.5*0
REF*PO*0020071213
REF*ST*03991
REF*DP*043
DTM*999*20071212
RMR*IK*399420071206*PI*24.8*24.8*0
REF*PO*0020071207
REF*ST*03994
REF*DP*043
DTM*999*20071206
RMR*IK*399420071207*PI*39.7*39.7*0
REF*PO*0020071208
REF*ST*03994
REF*DP*043
DTM*999*20071207
RMR*IK*399420071208*PI*49*49*0
REF*PO*0020071209
REF*ST*03994
REF*DP*043
DTM*999*20071208
RMR*IK*399420071209*PI*46.5*46.5*0
REF*PO*0020071210
REF*ST*03994
REF*DP*043
DTM*999*20071209
RMR*IK*399420071210*PI*19.6*19.6*0
REF*PO*0020071211
REF*ST*03994
REF*DP*043
DTM*999*20071210
RMR*IK*399420071211*PI*74*74*0
REF*PO*0020071212
REF*ST*03994
REF*DP*043
DTM*999*20071211
RMR*IK*399420071212*PI*52.5*52.5*0
REF*PO*0020071213
REF*ST*03994
REF*DP*043
DTM*999*20071212
RMR*IK*399620071206*PI*84.9*84.9*0
REF*PO*0020071207
REF*ST*03996
REF*DP*043
DTM*999*20071206
RMR*IK*399620071207*PI*116.2*116.2*0
REF*PO*0020071208
REF*ST*03996
REF*DP*043
DTM*999*20071207
RMR*IK*399620071208*PI*155.9*155.9*0
REF*PO*0020071209
REF*ST*03996
REF*DP*043
DTM*999*20071208
RMR*IK*399620071209*PI*38.2*38.2*0
REF*PO*0020071210
REF*ST*03996
REF*DP*043
DTM*999*20071209
RMR*IK*399620071210*PI*80.8*80.8*0
REF*PO*0020071211
REF*ST*03996
REF*DP*043
DTM*999*20071210
RMR*IK*399620071211*PI*89.9*89.9*0
REF*PO*0020071212
REF*ST*03996
REF*DP*043
DTM*999*20071211
RMR*IK*403320071206*PI*55.4*55.4*0
REF*PO*0020071207
REF*ST*04033
REF*DP*043
DTM*999*20071206
RMR*IK*403320071207*PI*45.9*45.9*0
REF*PO*0020071208
REF*ST*04033
REF*DP*043
DTM*999*20071207
RMR*IK*403320071208*PI*24.4*24.4*0
REF*PO*0020071209
REF*ST*04033
REF*DP*043
DTM*999*20071208
RMR*IK*403320071209*PI*3.1*3.1*0
REF*PO*0020071210
REF*ST*04033
REF*DP*043
DTM*999*20071209
RMR*IK*403320071210*PI*3.1*3.1*0
REF*PO*0020071211
REF*ST*04033
REF*DP*043
DTM*999*20071210
RMR*IK*403320071211*PI*15.5*15.5*0
REF*PO*0020071212
REF*ST*04033
REF*DP*043
DTM*999*20071211
RMR*IK*403320071212*PI*3.1*3.1*0
REF*PO*0020071213
REF*ST*04033
REF*DP*043
DTM*999*20071212
RMR*IK*407120071206*PI*173*173*0
REF*PO*0020071207
REF*ST*04071
REF*DP*043
DTM*999*20071206
RMR*IK*407120071207*PI*126.7*126.7*0
REF*PO*0020071208
REF*ST*04071
REF*DP*043
DTM*999*20071207
RMR*IK*407120071208*PI*149.2*149.2*0
REF*PO*0020071209
REF*ST*04071
REF*DP*043
DTM*999*20071208
RMR*IK*407120071209*PI*40.3*40.3*0
REF*PO*0020071210
REF*ST*04071
REF*DP*043
DTM*999*20071209
RMR*IK*407120071210*PI*71.1*71.1*0
REF*PO*0020071211
REF*ST*04071
REF*DP*043
DTM*999*20071210
RMR*IK*407120071211*PI*54.7*54.7*0
REF*PO*0020071212
REF*ST*04071
REF*DP*043
DTM*999*20071211
RMR*IK*407120071212*PI*27.9*27.9*0
REF*PO*0020071213
REF*ST*04071
REF*DP*043
DTM*999*20071212
RMR*IK*407220071206*PI*6.2*6.2*0
REF*PO*0020071207
REF*ST*04072
REF*DP*043
DTM*999*20071206
RMR*IK*407220071207*PI*21.1*21.1*0
REF*PO*0020071208
REF*ST*04072
REF*DP*043
DTM*999*20071207
RMR*IK*407220071208*PI*31*31*0
REF*PO*0020071209
REF*ST*04072
REF*DP*043
DTM*999*20071208
RMR*IK*407220071209*PI*3.1*3.1*0
REF*PO*0020071210
REF*ST*04072
REF*DP*043
DTM*999*20071209
RMR*IK*409320071206*PI*160.2*160.2*0
REF*PO*0020071207
REF*ST*04093
REF*DP*043
DTM*999*20071206
RMR*IK*409320071207*PI*164.6*164.6*0
REF*PO*0020071208
REF*ST*04093
REF*DP*043
DTM*999*20071207
RMR*IK*409320071208*PI*151.5*151.5*0
REF*PO*0020071209
REF*ST*04093
REF*DP*043
DTM*999*20071208
RMR*IK*409320071209*PI*156.5*156.5*0
REF*PO*0020071210
REF*ST*04093
REF*DP*043
DTM*999*20071209
RMR*IK*409320071210*PI*49*49*0
REF*PO*0020071211
REF*ST*04093
REF*DP*043
DTM*999*20071210
RMR*IK*409320071211*PI*47.1*47.1*0
REF*PO*0020071212
REF*ST*04093
REF*DP*043
DTM*999*20071211
RMR*IK*409320071212*PI*65.3*65.3*0
REF*PO*0020071213
REF*ST*04093
REF*DP*043
DTM*999*20071212
RMR*IK*410320071206*PI*74*74*0
REF*PO*0020071207
REF*ST*04103
REF*DP*043
DTM*999*20071206
RMR*IK*410320071207*PI*60.4*60.4*0
REF*PO*0020071208
REF*ST*04103
REF*DP*043
DTM*999*20071207
RMR*IK*410320071208*PI*43.4*43.4*0
REF*PO*0020071209
REF*ST*04103
REF*DP*043
DTM*999*20071208
RMR*IK*410320071209*PI*12.4*12.4*0
REF*PO*0020071210
REF*ST*04103
REF*DP*043
DTM*999*20071209
RMR*IK*410320071210*PI*71.3*71.3*0
REF*PO*0020071211
REF*ST*04103
REF*DP*043
DTM*999*20071210
RMR*IK*410320071211*PI*58.5*58.5*0
REF*PO*0020071212
REF*ST*04103
REF*DP*043
DTM*999*20071211
RMR*IK*410320071212*PI*6.2*6.2*0
REF*PO*0020071213
REF*ST*04103
REF*DP*043
DTM*999*20071212
RMR*IK*412220071206*PI*15.5*15.5*0
REF*PO*0020071207
REF*ST*04122
REF*DP*043
DTM*999*20071206
RMR*IK*412220071207*PI*43*43*0
REF*PO*0020071208
REF*ST*04122
REF*DP*043
DTM*999*20071207
RMR*IK*412220071208*PI*58.9*58.9*0
REF*PO*0020071209
REF*ST*04122
REF*DP*043
DTM*999*20071208
RMR*IK*412220071209*PI*55.2*55.2*0
REF*PO*0020071210
REF*ST*04122
REF*DP*043
DTM*999*20071209
RMR*IK*412220071210*PI*6.2*6.2*0
REF*PO*0020071211
REF*ST*04122
REF*DP*043
DTM*999*20071210
RMR*IK*412220071211*PI*12.4*12.4*0
REF*PO*0020071212
REF*ST*04122
REF*DP*043
DTM*999*20071211
RMR*IK*412220071212*PI*9.3*9.3*0
REF*PO*0020071213
REF*ST*04122
REF*DP*043
DTM*999*20071212
RMR*IK*418920071206*PI*41.3*41.3*0
REF*PO*0020071207
REF*ST*04189
REF*DP*043
DTM*999*20071206
RMR*IK*418920071207*PI*113.5*113.5*0
REF*PO*0020071208
REF*ST*04189
REF*DP*043
DTM*999*20071207
RMR*IK*418920071208*PI*103.2*103.2*0
REF*PO*0020071209
REF*ST*04189
REF*DP*043
DTM*999*20071208
RMR*IK*418920071209*PI*64.7*64.7*0
REF*PO*0020071210
REF*ST*04189
REF*DP*043
DTM*999*20071209
RMR*IK*418920071210*PI*96.5*96.5*0
REF*PO*0020071211
REF*ST*04189
REF*DP*043
DTM*999*20071210
RMR*IK*418920071211*PI*55.6*55.6*0
REF*PO*0020071212
REF*ST*04189
REF*DP*043
DTM*999*20071211
RMR*IK*418920071212*PI*57.9*57.9*0
REF*PO*0020071213
REF*ST*04189
REF*DP*043
DTM*999*20071212
RMR*IK*419820071206*PI*140.7*140.7*0
REF*PO*0020071207
REF*ST*04198
REF*DP*043
DTM*999*20071206
RMR*IK*419820071207*PI*124.8*124.8*0
REF*PO*0020071208
REF*ST*04198
REF*DP*043
DTM*999*20071207
RMR*IK*419820071208*PI*186.2*186.2*0
REF*PO*0020071209
REF*ST*04198
REF*DP*043
DTM*999*20071208
RMR*IK*419820071209*PI*82.3*82.3*0
REF*PO*0020071210
REF*ST*04198
REF*DP*043
DTM*999*20071209
RMR*IK*419820071210*PI*97.6*97.6*0
REF*PO*0020071211
REF*ST*04198
REF*DP*043
DTM*999*20071210
RMR*IK*419820071211*PI*49.6*49.6*0
REF*PO*0020071212
REF*ST*04198
REF*DP*043
DTM*999*20071211
RMR*IK*419820071212*PI*39.9*39.9*0
REF*PO*0020071213
REF*ST*04198
REF*DP*043
DTM*999*20071212
RMR*IK*421320071206*PI*33.3*33.3*0
REF*PO*0020071207
REF*ST*04213
REF*DP*043
DTM*999*20071206
RMR*IK*421320071207*PI*34.1*34.1*0
REF*PO*0020071208
REF*ST*04213
REF*DP*043
DTM*999*20071207
RMR*IK*421320071208*PI*39.7*39.7*0
REF*PO*0020071209
REF*ST*04213
REF*DP*043
DTM*999*20071208
RMR*IK*421320071209*PI*31*31*0
REF*PO*0020071210
REF*ST*04213
REF*DP*043
DTM*999*20071209
RMR*IK*421320071210*PI*6.2*6.2*0
REF*PO*0020071211
REF*ST*04213
REF*DP*043
DTM*999*20071210
RMR*IK*421320071211*PI*15.5*15.5*0
REF*PO*0020071212
REF*ST*04213
REF*DP*043
DTM*999*20071211
RMR*IK*421320071212*PI*9.3*9.3*0
REF*PO*0020071213
REF*ST*04213
REF*DP*043
DTM*999*20071212
RMR*IK*424420071206*PI*126*126*0
REF*PO*0020071207
REF*ST*04244
REF*DP*043
DTM*999*20071206
RMR*IK*424420071207*PI*111.2*111.2*0
REF*PO*0020071208
REF*ST*04244
REF*DP*043
DTM*999*20071207
RMR*IK*424420071208*PI*181.2*181.2*0
REF*PO*0020071209
REF*ST*04244
REF*DP*043
DTM*999*20071208
RMR*IK*424420071209*PI*70.9*70.9*0
REF*PO*0020071210
REF*ST*04244
REF*DP*043
DTM*999*20071209
RMR*IK*424420071210*PI*41.6*41.6*0
REF*PO*0020071211
REF*ST*04244
REF*DP*043
DTM*999*20071210
RMR*IK*424420071211*PI*151.3*151.3*0
REF*PO*0020071212
REF*ST*04244
REF*DP*043
DTM*999*20071211
RMR*IK*424420071212*PI*36.1*36.1*0
REF*PO*0020071213
REF*ST*04244
REF*DP*043
DTM*999*20071212
RMR*IK*430820071206*PI*129.1*129.1*0
REF*PO*0020071207
REF*ST*04308
REF*DP*043
DTM*999*20071206
RMR*IK*430820071207*PI*137.5*137.5*0
REF*PO*0020071208
REF*ST*04308
REF*DP*043
DTM*999*20071207
RMR*IK*430820071208*PI*129.7*129.7*0
REF*PO*0020071209
REF*ST*04308
REF*DP*043
DTM*999*20071208
RMR*IK*430820071209*PI*53.5*53.5*0
REF*PO*0020071210
REF*ST*04308
REF*DP*043
DTM*999*20071209
RMR*IK*430820071210*PI*79.3*79.3*0
REF*PO*0020071211
REF*ST*04308
REF*DP*043
DTM*999*20071210
RMR*IK*430820071211*PI*20.6*20.6*0
REF*PO*0020071212
REF*ST*04308
REF*DP*043
DTM*999*20071211
RMR*IK*430820071212*PI*68*68*0
REF*PO*0020071213
REF*ST*04308
REF*DP*043
DTM*999*20071212
RMR*IK*431220071206*PI*33*33*0
REF*PO*0020071207
REF*ST*04312
REF*DP*043
DTM*999*20071206
RMR*IK*431220071207*PI*79.8*79.8*0
REF*PO*0020071208
REF*ST*04312
REF*DP*043
DTM*999*20071207
RMR*IK*431220071208*PI*107*107*0
REF*PO*0020071209
REF*ST*04312
REF*DP*043
DTM*999*20071208
RMR*IK*431220071209*PI*12.4*12.4*0
REF*PO*0020071210
REF*ST*04312
REF*DP*043
DTM*999*20071209
RMR*IK*431220071210*PI*42.6*42.6*0
REF*PO*0020071211
REF*ST*04312
REF*DP*043
DTM*999*20071210
RMR*IK*431220071211*PI*67.1*67.1*0
REF*PO*0020071212
REF*ST*04312
REF*DP*043
DTM*999*20071211
RMR*IK*431220071212*PI*55.2*55.2*0
REF*PO*0020071213
REF*ST*04312
REF*DP*043
DTM*999*20071212
RMR*IK*445120071206*PI*60.2*60.2*0
REF*PO*0020071207
REF*ST*04451
REF*DP*043
DTM*999*20071206
RMR*IK*445120071207*PI*21.7*21.7*0
REF*PO*0020071208
REF*ST*04451
REF*DP*043
DTM*999*20071207
RMR*IK*445120071208*PI*24.8*24.8*0
REF*PO*0020071209
REF*ST*04451
REF*DP*043
DTM*999*20071208
RMR*IK*445120071209*PI*45.9*45.9*0
REF*PO*0020071210
REF*ST*04451
REF*DP*043
DTM*999*20071209
RMR*IK*445120071210*PI*45.1*45.1*0
REF*PO*0020071211
REF*ST*04451
REF*DP*043
DTM*999*20071210
RMR*IK*445120071211*PI*35.6*35.6*0
REF*PO*0020071212
REF*ST*04451
REF*DP*043
DTM*999*20071211
RMR*IK*445120071212*PI*9.3*9.3*0
REF*PO*0020071213
REF*ST*04451
REF*DP*043
DTM*999*20071212
RMR*IK*447520071206*PI*195.7*195.7*0
REF*PO*0020071207
REF*ST*04475
REF*DP*043
DTM*999*20071206
RMR*IK*447520071207*PI*97.8*97.8*0
REF*PO*0020071208
REF*ST*04475
REF*DP*043
DTM*999*20071207
RMR*IK*447520071208*PI*65.1*65.1*0
REF*PO*0020071209
REF*ST*04475
REF*DP*043
DTM*999*20071208
RMR*IK*447520071209*PI*39.9*39.9*0
REF*PO*0020071210
REF*ST*04475
REF*DP*043
DTM*999*20071209
RMR*IK*447520071210*PI*35.8*35.8*0
REF*PO*0020071211
REF*ST*04475
REF*DP*043
DTM*999*20071210
RMR*IK*447520071211*PI*27.1*27.1*0
REF*PO*0020071212
REF*ST*04475
REF*DP*043
DTM*999*20071211
RMR*IK*447520071212*PI*72*72*0
REF*PO*0020071213
REF*ST*04475
REF*DP*043
DTM*999*20071212
RMR*IK*448920071206*PI*89.9*89.9*0
REF*PO*0020071207
REF*ST*04489
REF*DP*043
DTM*999*20071206
RMR*IK*448920071207*PI*70*70*0
REF*PO*0020071208
REF*ST*04489
REF*DP*043
DTM*999*20071207
RMR*IK*448920071208*PI*28.7*28.7*0
REF*PO*0020071209
REF*ST*04489
REF*DP*043
DTM*999*20071208
RMR*IK*448920071209*PI*81.6*81.6*0
REF*PO*0020071210
REF*ST*04489
REF*DP*043
DTM*999*20071209
RMR*IK*448920071210*PI*15.3*15.3*0
REF*PO*0020071211
REF*ST*04489
REF*DP*043
DTM*999*20071210
RMR*IK*448920071211*PI*16.3*16.3*0
REF*PO*0020071212
REF*ST*04489
REF*DP*043
DTM*999*20071211
RMR*IK*448920071212*PI*15.1*15.1*0
REF*PO*0020071213
REF*ST*04489
REF*DP*043
DTM*999*20071212
RMR*IK*471720071206*PI*118.4*118.4*0
REF*PO*0020071207
REF*ST*04717
REF*DP*043
DTM*999*20071206
RMR*IK*471720071207*PI*165.3*165.3*0
REF*PO*0020071208
REF*ST*04717
REF*DP*043
DTM*999*20071207
RMR*IK*471720071208*PI*92.7*92.7*0
REF*PO*0020071209
REF*ST*04717
REF*DP*043
DTM*999*20071208
RMR*IK*471720071209*PI*40.9*40.9*0
REF*PO*0020071210
REF*ST*04717
REF*DP*043
DTM*999*20071209
RMR*IK*471720071210*PI*56.6*56.6*0
REF*PO*0020071211
REF*ST*04717
REF*DP*043
DTM*999*20071210
RMR*IK*471720071211*PI*3.1*3.1*0
REF*PO*0020071212
REF*ST*04717
REF*DP*043
DTM*999*20071211
RMR*IK*471720071212*PI*18.6*18.6*0
REF*PO*0020071213
REF*ST*04717
REF*DP*043
DTM*999*20071212
RMR*IK*471920071206*PI*239.2*239.2*0
REF*PO*0020071207
REF*ST*04719
REF*DP*043
DTM*999*20071206
RMR*IK*471920071207*PI*172*172*0
REF*PO*0020071208
REF*ST*04719
REF*DP*043
DTM*999*20071207
RMR*IK*471920071208*PI*209.45*209.45*0
REF*PO*0020071209
REF*ST*04719
REF*DP*043
DTM*999*20071208
RMR*IK*471920071209*PI*186.1*186.1*0
REF*PO*0020071210
REF*ST*04719
REF*DP*043
DTM*999*20071209
RMR*IK*471920071210*PI*88.9*88.9*0
REF*PO*0020071211
REF*ST*04719
REF*DP*043
DTM*999*20071210
RMR*IK*471920071211*PI*79.3*79.3*0
REF*PO*0020071212
REF*ST*04719
REF*DP*043
DTM*999*20071211
RMR*IK*471920071212*PI*106.4*106.4*0
REF*PO*0020071213
REF*ST*04719
REF*DP*043
DTM*999*20071212
RMR*IK*472320071206*PI*80.4*80.4*0
REF*PO*0020071207
REF*ST*04723
REF*DP*043
DTM*999*20071206
RMR*IK*472320071207*PI*49.6*49.6*0
REF*PO*0020071208
REF*ST*04723
REF*DP*043
DTM*999*20071207
RMR*IK*472320071208*PI*135.1*135.1*0
REF*PO*0020071209
REF*ST*04723
REF*DP*043
DTM*999*20071208
RMR*IK*472320071209*PI*92*92*0
REF*PO*0020071210
REF*ST*04723
REF*DP*043
DTM*999*20071209
RMR*IK*472320071210*PI*68.1*68.1*0
REF*PO*0020071211
REF*ST*04723
REF*DP*043
DTM*999*20071210
RMR*IK*472320071211*PI*27.7*27.7*0
REF*PO*0020071212
REF*ST*04723
REF*DP*043
DTM*999*20071211
RMR*IK*472320071212*PI*40.9*40.9*0
REF*PO*0020071213
REF*ST*04723
REF*DP*043
DTM*999*20071212
RMR*IK*473920071206*PI*30.8*30.8*0
REF*PO*0020071207
REF*ST*04739
REF*DP*043
DTM*999*20071206
RMR*IK*473920071207*PI*44.2*44.2*0
REF*PO*0020071208
REF*ST*04739
REF*DP*043
DTM*999*20071207
RMR*IK*473920071208*PI*52.7*52.7*0
REF*PO*0020071209
REF*ST*04739
REF*DP*043
DTM*999*20071208
RMR*IK*473920071209*PI*28.9*28.9*0
REF*PO*0020071210
REF*ST*04739
REF*DP*043
DTM*999*20071209
RMR*IK*473920071210*PI*3.1*3.1*0
REF*PO*0020071211
REF*ST*04739
REF*DP*043
DTM*999*20071210
RMR*IK*473920071211*PI*3.1*3.1*0
REF*PO*0020071212
REF*ST*04739
REF*DP*043
DTM*999*20071211
RMR*IK*473920071212*PI*43.4*43.4*0
REF*PO*0020071213
REF*ST*04739
REF*DP*043
DTM*999*20071212
RMR*IK*475320071206*PI*81.5*81.5*0
REF*PO*0020071207
REF*ST*04753
REF*DP*043
DTM*999*20071206
RMR*IK*475320071207*PI*9.3*9.3*0
REF*PO*0020071208
REF*ST*04753
REF*DP*043
DTM*999*20071207
RMR*IK*475320071208*PI*40.3*40.3*0
REF*PO*0020071209
REF*ST*04753
REF*DP*043
DTM*999*20071208
RMR*IK*475320071209*PI*13.4*13.4*0
REF*PO*0020071210
REF*ST*04753
REF*DP*043
DTM*999*20071209
RMR*IK*475320071211*PI*9.3*9.3*0
REF*PO*0020071212
REF*ST*04753
REF*DP*043
DTM*999*20071211
RMR*IK*475320071212*PI*3.1*3.1*0
REF*PO*0020071213
REF*ST*04753
REF*DP*043
DTM*999*20071212
RMR*IK*476020071206*PI*65*65*0
REF*PO*0020071207
REF*ST*04760
REF*DP*043
DTM*999*20071206
RMR*IK*476020071207*PI*34.1*34.1*0
REF*PO*0020071208
REF*ST*04760
REF*DP*043
DTM*999*20071207
RMR*IK*476020071208*PI*272.3*272.3*0
REF*PO*0020071209
REF*ST*04760
REF*DP*043
DTM*999*20071208
RMR*IK*476020071209*PI*18.6*18.6*0
REF*PO*0020071210
REF*ST*04760
REF*DP*043
DTM*999*20071209
RMR*IK*476020071210*PI*15.3*15.3*0
REF*PO*0020071211
REF*ST*04760
REF*DP*043
DTM*999*20071210
RMR*IK*476020071211*PI*15.5*15.5*0
REF*PO*0020071212
REF*ST*04760
REF*DP*043
DTM*999*20071211
RMR*IK*476020071212*PI*9.3*9.3*0
REF*PO*0020071213
REF*ST*04760
REF*DP*043
DTM*999*20071212
RMR*IK*476920071206*PI*79.8*79.8*0
REF*PO*0020071207
REF*ST*04769
REF*DP*043
DTM*999*20071206
RMR*IK*476920071207*PI*36.8*36.8*0
REF*PO*0020071208
REF*ST*04769
REF*DP*043
DTM*999*20071207
RMR*IK*476920071208*PI*21.7*21.7*0
REF*PO*0020071209
REF*ST*04769
REF*DP*043
DTM*999*20071208
RMR*IK*476920071209*PI*9.3*9.3*0
REF*PO*0020071210
REF*ST*04769
REF*DP*043
DTM*999*20071209
RMR*IK*476920071210*PI*27.7*27.7*0
REF*PO*0020071211
REF*ST*04769
REF*DP*043
DTM*999*20071210
RMR*IK*476920071211*PI*15.5*15.5*0
REF*PO*0020071212
REF*ST*04769
REF*DP*043
DTM*999*20071211
RMR*IK*476920071212*PI*30.8*30.8*0
REF*PO*0020071213
REF*ST*04769
REF*DP*043
DTM*999*20071212
RMR*IK*481720071206*PI*66*66*0
REF*PO*0020071207
REF*ST*04817
REF*DP*043
DTM*999*20071206
RMR*IK*481720071207*PI*78.9*78.9*0
REF*PO*0020071208
REF*ST*04817
REF*DP*043
DTM*999*20071207
RMR*IK*481720071208*PI*71.3*71.3*0
REF*PO*0020071209
REF*ST*04817
REF*DP*043
DTM*999*20071208
RMR*IK*481720071209*PI*38.2*38.2*0
REF*PO*0020071210
REF*ST*04817
REF*DP*043
DTM*999*20071209
RMR*IK*481720071210*PI*9.3*9.3*0
REF*PO*0020071211
REF*ST*04817
REF*DP*043
DTM*999*20071210
RMR*IK*481720071211*PI*99*99*0
REF*PO*0020071212
REF*ST*04817
REF*DP*043
DTM*999*20071211
RMR*IK*481720071212*PI*48.9*48.9*0
REF*PO*0020071213
REF*ST*04817
REF*DP*043
DTM*999*20071212
RMR*IK*483520071206*PI*21.7*21.7*0
REF*PO*0020071207
REF*ST*04835
REF*DP*043
DTM*999*20071206
RMR*IK*483520071207*PI*46.3*46.3*0
REF*PO*0020071208
REF*ST*04835
REF*DP*043
DTM*999*20071207
RMR*IK*483520071208*PI*89.7*89.7*0
REF*PO*0020071209
REF*ST*04835
REF*DP*043
DTM*999*20071208
RMR*IK*483520071209*PI*18.4*18.4*0
REF*PO*0020071210
REF*ST*04835
REF*DP*043
DTM*999*20071209
RMR*IK*483520071210*PI*15.5*15.5*0
REF*PO*0020071211
REF*ST*04835
REF*DP*043
DTM*999*20071210
RMR*IK*483520071211*PI*18.6*18.6*0
REF*PO*0020071212
REF*ST*04835
REF*DP*043
DTM*999*20071211
RMR*IK*483520071212*PI*18.2*18.2*0
REF*PO*0020071213
REF*ST*04835
REF*DP*043
DTM*999*20071212
RMR*IK*488320071206*PI*37.2*37.2*0
REF*PO*0020071207
REF*ST*04883
REF*DP*043
DTM*999*20071206
RMR*IK*488320071207*PI*34.1*34.1*0
REF*PO*0020071208
REF*ST*04883
REF*DP*043
DTM*999*20071207
RMR*IK*488320071208*PI*43.4*43.4*0
REF*PO*0020071209
REF*ST*04883
REF*DP*043
DTM*999*20071208
RMR*IK*488320071209*PI*40.3*40.3*0
REF*PO*0020071210
REF*ST*04883
REF*DP*043
DTM*999*20071209
RMR*IK*488320071210*PI*49.2*49.2*0
REF*PO*0020071211
REF*ST*04883
REF*DP*043
DTM*999*20071210
RMR*IK*488320071211*PI*15.5*15.5*0
REF*PO*0020071212
REF*ST*04883
REF*DP*043
DTM*999*20071211
RMR*IK*488320071212*PI*58.9*58.9*0
REF*PO*0020071213
REF*ST*04883
REF*DP*043
DTM*999*20071212
RMR*IK*489820071206*PI*44.4*44.4*0
REF*PO*0020071207
REF*ST*04898
REF*DP*043
DTM*999*20071206
RMR*IK*489820071207*PI*68*68*0
REF*PO*0020071208
REF*ST*04898
REF*DP*043
DTM*999*20071207
RMR*IK*489820071208*PI*24.8*24.8*0
REF*PO*0020071209
REF*ST*04898
REF*DP*043
DTM*999*20071208
RMR*IK*489820071209*PI*39.3*39.3*0
REF*PO*0020071210
REF*ST*04898
REF*DP*043
DTM*999*20071209
RMR*IK*489820071210*PI*43.2*43.2*0
REF*PO*0020071211
REF*ST*04898
REF*DP*043
DTM*999*20071210
RMR*IK*489820071211*PI*12.4*12.4*0
REF*PO*0020071212
REF*ST*04898
REF*DP*043
DTM*999*20071211
RMR*IK*489820071212*PI*44.4*44.4*0
REF*PO*0020071213
REF*ST*04898
REF*DP*043
DTM*999*20071212
RMR*IK*497020071206*PI*37.2*37.2*0
REF*PO*0020071207
REF*ST*04970
REF*DP*043
DTM*999*20071206
RMR*IK*497020071207*PI*65.1*65.1*0
REF*PO*0020071208
REF*ST*04970
REF*DP*043
DTM*999*20071207
RMR*IK*497020071208*PI*77.5*77.5*0
REF*PO*0020071209
REF*ST*04970
REF*DP*043
DTM*999*20071208
RMR*IK*497020071209*PI*52.3*52.3*0
REF*PO*0020071210
REF*ST*04970
REF*DP*043
DTM*999*20071209
RMR*IK*497020071210*PI*18.6*18.6*0
REF*PO*0020071211
REF*ST*04970
REF*DP*043
DTM*999*20071210
RMR*IK*497020071211*PI*130.6*130.6*0
REF*PO*0020071212
REF*ST*04970
REF*DP*043
DTM*999*20071211
RMR*IK*497020071212*PI*56.3*56.3*0
REF*PO*0020071213
REF*ST*04970
REF*DP*043
DTM*999*20071212
RMR*IK*501420071206*PI*70.9*70.9*0
REF*PO*0020071208
REF*ST*05014
REF*DP*043
DTM*999*20071206
RMR*IK*501420071207*PI*49*49*0
REF*PO*0020071209
REF*ST*05014
REF*DP*043
DTM*999*20071207
RMR*IK*501420071208*PI*274*274*0
REF*PO*0020071210
REF*ST*05014
REF*DP*043
DTM*999*20071208
RMR*IK*501420071209*PI*139.8*139.8*0
REF*PO*0020071211
REF*ST*05014
REF*DP*043
DTM*999*20071209
RMR*IK*501420071210*PI*87.7*87.7*0
REF*PO*0020071212
REF*ST*05014
REF*DP*043
DTM*999*20071210
RMR*IK*501420071211*PI*140.6*140.6*0
REF*PO*0020071213
REF*ST*05014
REF*DP*043
DTM*999*20071211
RMR*IK*501420071212*PI*103.1*103.1*0
REF*PO*0020071214
REF*ST*05014
REF*DP*043
DTM*999*20071212
RMR*IK*502320071206*PI*91.6*91.6*0
REF*PO*0020071208
REF*ST*05023
REF*DP*043
DTM*999*20071206
RMR*IK*502320071207*PI*29.4*29.4*0
REF*PO*0020071209
REF*ST*05023
REF*DP*043
DTM*999*20071207
RMR*IK*502320071208*PI*46.7*46.7*0
REF*PO*0020071210
REF*ST*05023
REF*DP*043
DTM*999*20071208
RMR*IK*502320071209*PI*9.1*9.1*0
REF*PO*0020071211
REF*ST*05023
REF*DP*043
DTM*999*20071209
RMR*IK*502320071210*PI*18.6*18.6*0
REF*PO*0020071212
REF*ST*05023
REF*DP*043
DTM*999*20071210
RMR*IK*502320071211*PI*28.7*28.7*0
REF*PO*0020071213
REF*ST*05023
REF*DP*043
DTM*999*20071211
RMR*IK*502320071212*PI*73.4*73.4*0
REF*PO*0020071214
REF*ST*05023
REF*DP*043
DTM*999*20071212
RMR*IK*506620071206*PI*30.8*30.8*0
REF*PO*0020071208
REF*ST*05066
REF*DP*043
DTM*999*20071206
RMR*IK*506620071207*PI*9.1*9.1*0
REF*PO*0020071209
REF*ST*05066
REF*DP*043
DTM*999*20071207
RMR*IK*506620071208*PI*86.6*86.6*0
REF*PO*0020071210
REF*ST*05066
REF*DP*043
DTM*999*20071208
RMR*IK*506620071209*PI*6.2*6.2*0
REF*PO*0020071211
REF*ST*05066
REF*DP*043
DTM*999*20071209
RMR*IK*506620071210*PI*18.2*18.2*0
REF*PO*0020071212
REF*ST*05066
REF*DP*043
DTM*999*20071210
RMR*IK*506620071211*PI*6.2*6.2*0
REF*PO*0020071213
REF*ST*05066
REF*DP*043
DTM*999*20071211
RMR*IK*506620071212*PI*3.1*3.1*0
REF*PO*0020071214
REF*ST*05066
REF*DP*043
DTM*999*20071212
RMR*IK*507020071206*PI*52.6*52.6*0
REF*PO*0020071208
REF*ST*05070
REF*DP*043
DTM*999*20071206
RMR*IK*507020071207*PI*22.7*22.7*0
REF*PO*0020071209
REF*ST*05070
REF*DP*043
DTM*999*20071207
RMR*IK*507020071208*PI*106.2*106.2*0
REF*PO*0020071210
REF*ST*05070
REF*DP*043
DTM*999*20071208
RMR*IK*507020071209*PI*21.7*21.7*0
REF*PO*0020071211
REF*ST*05070
REF*DP*043
DTM*999*20071209
RMR*IK*507020071210*PI*24.4*24.4*0
REF*PO*0020071212
REF*ST*05070
REF*DP*043
DTM*999*20071210
RMR*IK*507020071211*PI*89.5*89.5*0
REF*PO*0020071213
REF*ST*05070
REF*DP*043
DTM*999*20071211
RMR*IK*507020071212*PI*21.7*21.7*0
REF*PO*0020071214
REF*ST*05070
REF*DP*043
DTM*999*20071212
RMR*IK*507720071206*PI*145.7*145.7*0
REF*PO*0020071208
REF*ST*05077
REF*DP*043
DTM*999*20071206
RMR*IK*507720071207*PI*86.4*86.4*0
REF*PO*0020071209
REF*ST*05077
REF*DP*043
DTM*999*20071207
RMR*IK*507720071208*PI*70.9*70.9*0
REF*PO*0020071210
REF*ST*05077
REF*DP*043
DTM*999*20071208
RMR*IK*507720071209*PI*17.2*17.2*0
REF*PO*0020071211
REF*ST*05077
REF*DP*043
DTM*999*20071209
RMR*IK*507720071210*PI*26.1*26.1*0
REF*PO*0020071212
REF*ST*05077
REF*DP*043
DTM*999*20071210
RMR*IK*702820071206*PI*6.2*6.2*0
REF*PO*0020071207
REF*ST*07028
REF*DP*043
DTM*999*20071206
RMR*IK*702820071207*PI*3.1*3.1*0
REF*PO*0020071208
REF*ST*07028
REF*DP*043
DTM*999*20071207
RMR*IK*702820071208*PI*67.4*67.4*0
REF*PO*0020071209
REF*ST*07028
REF*DP*043
DTM*999*20071208
RMR*IK*702820071209*PI*55.6*55.6*0
REF*PO*0020071210
REF*ST*07028
REF*DP*043
DTM*999*20071209
RMR*IK*702820071210*PI*6.2*6.2*0
REF*PO*0020071211
REF*ST*07028
REF*DP*043
DTM*999*20071210
RMR*IK*702820071211*PI*70.9*70.9*0
REF*PO*0020071212
REF*ST*07028
REF*DP*043
DTM*999*20071211
RMR*IK*702820071212*PI*15.5*15.5*0
REF*PO*0020071213
REF*ST*07028
REF*DP*043
DTM*999*20071212
RMR*IK*704520071206*PI*42*42*0
REF*PO*0020071207
REF*ST*07045
REF*DP*043
DTM*999*20071206
RMR*IK*704520071207*PI*40.1*40.1*0
REF*PO*0020071208
REF*ST*07045
REF*DP*043
DTM*999*20071207
RMR*IK*704520071208*PI*20.3*20.3*0
REF*PO*0020071209
REF*ST*07045
REF*DP*043
DTM*999*20071208
RMR*IK*704520071209*PI*3.1*3.1*0
REF*PO*0020071210
REF*ST*07045
REF*DP*043
DTM*999*20071209
RMR*IK*704520071210*PI*31*31*0
REF*PO*0020071211
REF*ST*07045
REF*DP*043
DTM*999*20071210
RMR*IK*704520071211*PI*39.9*39.9*0
REF*PO*0020071212
REF*ST*07045
REF*DP*043
DTM*999*20071211
RMR*IK*704520071212*PI*6.2*6.2*0
REF*PO*0020071213
REF*ST*07045
REF*DP*043
DTM*999*20071212
RMR*IK*705920071206*PI*22.7*22.7*0
REF*PO*0020071207
REF*ST*07059
REF*DP*043
DTM*999*20071206
RMR*IK*705920071207*PI*16.5*16.5*0
REF*PO*0020071208
REF*ST*07059
REF*DP*043
DTM*999*20071207
RMR*IK*705920071208*PI*31*31*0
REF*PO*0020071209
REF*ST*07059
REF*DP*043
DTM*999*20071208
RMR*IK*705920071209*PI*3.1*3.1*0
REF*PO*0020071210
REF*ST*07059
REF*DP*043
DTM*999*20071209
RMR*IK*705920071210*PI*15.5*15.5*0
REF*PO*0020071211
REF*ST*07059
REF*DP*043
DTM*999*20071210
RMR*IK*705920071211*PI*6.2*6.2*0
REF*PO*0020071212
REF*ST*07059
REF*DP*043
DTM*999*20071211
RMR*IK*705920071212*PI*3.1*3.1*0
REF*PO*0020071213
REF*ST*07059
REF*DP*043
DTM*999*20071212
RMR*IK*706320071206*PI*86.8*86.8*0
REF*PO*0020071207
REF*ST*07063
REF*DP*043
DTM*999*20071206
RMR*IK*706320071207*PI*49*49*0
REF*PO*0020071208
REF*ST*07063
REF*DP*043
DTM*999*20071207
RMR*IK*706320071208*PI*18.6*18.6*0
REF*PO*0020071209
REF*ST*07063
REF*DP*043
DTM*999*20071208
RMR*IK*706320071209*PI*9.3*9.3*0
REF*PO*0020071210
REF*ST*07063
REF*DP*043
DTM*999*20071209
RMR*IK*706320071210*PI*22.3*22.3*0
REF*PO*0020071211
REF*ST*07063
REF*DP*043
DTM*999*20071210
RMR*IK*706320071211*PI*12.4*12.4*0
REF*PO*0020071212
REF*ST*07063
REF*DP*043
DTM*999*20071211
RMR*IK*706320071212*PI*33.3*33.3*0
REF*PO*0020071213
REF*ST*07063
REF*DP*043
DTM*999*20071212
RMR*IK*706420071206*PI*24.4*24.4*0
REF*PO*0020071207
REF*ST*07064
REF*DP*043
DTM*999*20071206
RMR*IK*706420071207*PI*30.8*30.8*0
REF*PO*0020071208
REF*ST*07064
REF*DP*043
DTM*999*20071207
RMR*IK*706420071208*PI*27.9*27.9*0
REF*PO*0020071209
REF*ST*07064
REF*DP*043
DTM*999*20071208
RMR*IK*706420071209*PI*89.8*89.8*0
REF*PO*0020071210
REF*ST*07064
REF*DP*043
DTM*999*20071209
RMR*IK*706420071210*PI*72.2*72.2*0
REF*PO*0020071211
REF*ST*07064
REF*DP*043
DTM*999*20071210
RMR*IK*706420071211*PI*21.7*21.7*0
REF*PO*0020071212
REF*ST*07064
REF*DP*043
DTM*999*20071211
RMR*IK*706620071206*PI*66.4*66.4*0
REF*PO*0020071207
REF*ST*07066
REF*DP*043
DTM*999*20071206
RMR*IK*706620071207*PI*55*55*0
REF*PO*0020071208
REF*ST*07066
REF*DP*043
DTM*999*20071207
RMR*IK*706620071208*PI*70.7*70.7*0
REF*PO*0020071209
REF*ST*07066
REF*DP*043
DTM*999*20071208
RMR*IK*706620071209*PI*49*49*0
REF*PO*0020071210
REF*ST*07066
REF*DP*043
DTM*999*20071209
RMR*IK*706620071210*PI*15.5*15.5*0
REF*PO*0020071211
REF*ST*07066
REF*DP*043
DTM*999*20071210
RMR*IK*706620071211*PI*6*6*0
REF*PO*0020071212
REF*ST*07066
REF*DP*043
DTM*999*20071211
RMR*IK*706920071206*PI*59.2*59.2*0
REF*PO*0020071207
REF*ST*07069
REF*DP*043
DTM*999*20071206
RMR*IK*706920071207*PI*12.4*12.4*0
REF*PO*0020071208
REF*ST*07069
REF*DP*043
DTM*999*20071207
RMR*IK*706920071208*PI*6.2*6.2*0
REF*PO*0020071209
REF*ST*07069
REF*DP*043
DTM*999*20071208
RMR*IK*706920071209*PI*12.2*12.2*0
REF*PO*0020071210
REF*ST*07069
REF*DP*043
DTM*999*20071209
RMR*IK*706920071210*PI*13.2*13.2*0
REF*PO*0020071211
REF*ST*07069
REF*DP*043
DTM*999*20071210
RMR*IK*706920071211*PI*33.7*33.7*0
REF*PO*0020071212
REF*ST*07069
REF*DP*043
DTM*999*20071211
RMR*IK*706920071212*PI*9.3*9.3*0
REF*PO*0020071213
REF*ST*07069
REF*DP*043
DTM*999*20071212
RMR*IK*707620071206*PI*49.2*49.2*0
REF*PO*0020071207
REF*ST*07076
REF*DP*043
DTM*999*20071206
RMR*IK*707620071207*PI*43.4*43.4*0
REF*PO*0020071208
REF*ST*07076
REF*DP*043
DTM*999*20071207
RMR*IK*707620071208*PI*38.35*38.35*0
REF*PO*0020071209
REF*ST*07076
REF*DP*043
DTM*999*20071208
RMR*IK*707620071209*PI*86.5*86.5*0
REF*PO*0020071210
REF*ST*07076
REF*DP*043
DTM*999*20071209
RMR*IK*707620071210*PI*13.4*13.4*0
REF*PO*0020071211
REF*ST*07076
REF*DP*043
DTM*999*20071210
RMR*IK*707620071211*PI*35.7*35.7*0
REF*PO*0020071212
REF*ST*07076
REF*DP*043
DTM*999*20071211
RMR*IK*707620071212*PI*65.9*65.9*0
REF*PO*0020071213
REF*ST*07076
REF*DP*043
DTM*999*20071212
RMR*IK*713220071206*PI*62.5*62.5*0
REF*PO*0020071207
REF*ST*07132
REF*DP*043
DTM*999*20071206
RMR*IK*713220071207*PI*39.2*39.2*0
REF*PO*0020071208
REF*ST*07132
REF*DP*043
DTM*999*20071207
RMR*IK*713220071208*PI*80.2*80.2*0
REF*PO*0020071209
REF*ST*07132
REF*DP*043
DTM*999*20071208
RMR*IK*713220071209*PI*18.4*18.4*0
REF*PO*0020071210
REF*ST*07132
REF*DP*043
DTM*999*20071209
RMR*IK*713220071210*PI*9.3*9.3*0
REF*PO*0020071211
REF*ST*07132
REF*DP*043
DTM*999*20071210
RMR*IK*713220071211*PI*38.1*38.1*0
REF*PO*0020071212
REF*ST*07132
REF*DP*043
DTM*999*20071211
RMR*IK*713220071212*PI*104.2*104.2*0
REF*PO*0020071213
REF*ST*07132
REF*DP*043
DTM*999*20071212
RMR*IK*714620071206*PI*67.9*67.9*0
REF*PO*0020071207
REF*ST*07146
REF*DP*043
DTM*999*20071206
RMR*IK*714620071207*PI*33.9*33.9*0
REF*PO*0020071208
REF*ST*07146
REF*DP*043
DTM*999*20071207
RMR*IK*714620071208*PI*40.3*40.3*0
REF*PO*0020071209
REF*ST*07146
REF*DP*043
DTM*999*20071208
RMR*IK*714620071209*PI*32*32*0
REF*PO*0020071210
REF*ST*07146
REF*DP*043
DTM*999*20071209
RMR*IK*714620071211*PI*15.5*15.5*0
REF*PO*0020071212
REF*ST*07146
REF*DP*043
DTM*999*20071211
RMR*IK*714620071212*PI*43*43*0
REF*PO*0020071213
REF*ST*07146
REF*DP*043
DTM*999*20071212
RMR*IK*715420071206*PI*30.8*30.8*0
REF*PO*0020071207
REF*ST*07154
REF*DP*043
DTM*999*20071206
RMR*IK*715420071207*PI*81*81*0
REF*PO*0020071208
REF*ST*07154
REF*DP*043
DTM*999*20071207
RMR*IK*715420071208*PI*12.4*12.4*0
REF*PO*0020071209
REF*ST*07154
REF*DP*043
DTM*999*20071208
RMR*IK*715420071209*PI*20.6*20.6*0
REF*PO*0020071210
REF*ST*07154
REF*DP*043
DTM*999*20071209
RMR*IK*715420071210*PI*33.7*33.7*0
REF*PO*0020071211
REF*ST*07154
REF*DP*043
DTM*999*20071210
RMR*IK*715420071211*PI*18.6*18.6*0
REF*PO*0020071212
REF*ST*07154
REF*DP*043
DTM*999*20071211
RMR*IK*715420071212*PI*3.1*3.1*0
REF*PO*0020071213
REF*ST*07154
REF*DP*043
DTM*999*20071212
RMR*IK*725520071206*PI*130.7*130.7*0
REF*PO*0020071207
REF*ST*07255
REF*DP*043
DTM*999*20071206
RMR*IK*725520071207*PI*62*62*0
REF*PO*0020071208
REF*ST*07255
REF*DP*043
DTM*999*20071207
RMR*IK*725520071208*PI*127.4*127.4*0
REF*PO*0020071209
REF*ST*07255
REF*DP*043
DTM*999*20071208
RMR*IK*725520071209*PI*48.8*48.8*0
REF*PO*0020071210
REF*ST*07255
REF*DP*043
DTM*999*20071209
RMR*IK*725520071210*PI*43.4*43.4*0
REF*PO*0020071211
REF*ST*07255
REF*DP*043
DTM*999*20071210
RMR*IK*725520071211*PI*44.4*44.4*0
REF*PO*0020071212
REF*ST*07255
REF*DP*043
DTM*999*20071211
RMR*IK*725520071212*PI*158.8*158.8*0
REF*PO*0020071213
REF*ST*07255
REF*DP*043
DTM*999*20071212
RMR*IK*735320071206*PI*66.5*66.5*0
REF*PO*0020071207
REF*ST*07353
REF*DP*043
DTM*999*20071206
RMR*IK*735320071207*PI*98.3*98.3*0
REF*PO*0020071208
REF*ST*07353
REF*DP*043
DTM*999*20071207
RMR*IK*735320071208*PI*65.7*65.7*0
REF*PO*0020071209
REF*ST*07353
REF*DP*043
DTM*999*20071208
RMR*IK*735320071209*PI*37*37*0
REF*PO*0020071210
REF*ST*07353
REF*DP*043
DTM*999*20071209
RMR*IK*735320071210*PI*87.4*87.4*0
REF*PO*0020071211
REF*ST*07353
REF*DP*043
DTM*999*20071210
RMR*IK*735320071211*PI*28.9*28.9*0
REF*PO*0020071212
REF*ST*07353
REF*DP*043
DTM*999*20071211
RMR*IK*735320071212*PI*63.2*63.2*0
REF*PO*0020071213
REF*ST*07353
REF*DP*043
DTM*999*20071212
RMR*IK*735420071206*PI*34.1*34.1*0
REF*PO*0020071207
REF*ST*07354
REF*DP*043
DTM*999*20071206
RMR*IK*735420071207*PI*21.3*21.3*0
REF*PO*0020071208
REF*ST*07354
REF*DP*043
DTM*999*20071207
RMR*IK*735420071208*PI*24.6*24.6*0
REF*PO*0020071209
REF*ST*07354
REF*DP*043
DTM*999*20071208
RMR*IK*735420071209*PI*24.8*24.8*0
REF*PO*0020071210
REF*ST*07354
REF*DP*043
DTM*999*20071209
RMR*IK*735420071210*PI*18.4*18.4*0
REF*PO*0020071211
REF*ST*07354
REF*DP*043
DTM*999*20071210
RMR*IK*735420071211*PI*21.5*21.5*0
REF*PO*0020071212
REF*ST*07354
REF*DP*043
DTM*999*20071211
RMR*IK*735420071212*PI*24.6*24.6*0
REF*PO*0020071213
REF*ST*07354
REF*DP*043
DTM*999*20071212
RMR*IK*735820071206*PI*204.4*204.4*0
REF*PO*0020071207
REF*ST*07358
REF*DP*043
DTM*999*20071206
RMR*IK*735820071207*PI*48.8*48.8*0
REF*PO*0020071208
REF*ST*07358
REF*DP*043
DTM*999*20071207
RMR*IK*735820071208*PI*132.9*132.9*0
REF*PO*0020071209
REF*ST*07358
REF*DP*043
DTM*999*20071208
RMR*IK*735820071209*PI*15.3*15.3*0
REF*PO*0020071210
REF*ST*07358
REF*DP*043
DTM*999*20071209
RMR*IK*735820071210*PI*33*33*0
REF*PO*0020071211
REF*ST*07358
REF*DP*043
DTM*999*20071210
RMR*IK*735820071211*PI*27.5*27.5*0
REF*PO*0020071212
REF*ST*07358
REF*DP*043
DTM*999*20071211
RMR*IK*736020071206*PI*210.7*210.7*0
REF*PO*0020071207
REF*ST*07360
REF*DP*043
DTM*999*20071206
RMR*IK*736020071207*PI*21.7*21.7*0
REF*PO*0020071208
REF*ST*07360
REF*DP*043
DTM*999*20071207
RMR*IK*736020071208*PI*12.2*12.2*0
REF*PO*0020071209
REF*ST*07360
REF*DP*043
DTM*999*20071208
RMR*IK*736020071209*PI*3.1*3.1*0
REF*PO*0020071210
REF*ST*07360
REF*DP*043
DTM*999*20071209
RMR*IK*736020071210*PI*21.7*21.7*0
REF*PO*0020071211
REF*ST*07360
REF*DP*043
DTM*999*20071210
RMR*IK*736020071211*PI*30.4*30.4*0
REF*PO*0020071212
REF*ST*07360
REF*DP*043
DTM*999*20071211
RMR*IK*736020071212*PI*3.1*3.1*0
REF*PO*0020071213
REF*ST*07360
REF*DP*043
DTM*999*20071212
RMR*IK*736220071206*PI*101.1*101.1*0
REF*PO*0020071207
REF*ST*07362
REF*DP*043
DTM*999*20071206
RMR*IK*736220071207*PI*43*43*0
REF*PO*0020071208
REF*ST*07362
REF*DP*043
DTM*999*20071207
RMR*IK*736220071208*PI*33.9*33.9*0
REF*PO*0020071209
REF*ST*07362
REF*DP*043
DTM*999*20071208
RMR*IK*736220071209*PI*24.8*24.8*0
REF*PO*0020071210
REF*ST*07362
REF*DP*043
DTM*999*20071209
RMR*IK*736220071210*PI*34.1*34.1*0
REF*PO*0020071211
REF*ST*07362
REF*DP*043
DTM*999*20071210
RMR*IK*736220071211*PI*3.1*3.1*0
REF*PO*0020071212
REF*ST*07362
REF*DP*043
DTM*999*20071211
RMR*IK*738820071206*PI*144.4*144.4*0
REF*PO*0020071207
REF*ST*07388
REF*DP*043
DTM*999*20071206
RMR*IK*738820071207*PI*58.6*58.6*0
REF*PO*0020071208
REF*ST*07388
REF*DP*043
DTM*999*20071207
RMR*IK*738820071208*PI*99.8*99.8*0
REF*PO*0020071209
REF*ST*07388
REF*DP*043
DTM*999*20071208
RMR*IK*738820071209*PI*58.6*58.6*0
REF*PO*0020071210
REF*ST*07388
REF*DP*043
DTM*999*20071209
RMR*IK*738820071210*PI*65*65*0
REF*PO*0020071211
REF*ST*07388
REF*DP*043
DTM*999*20071210
RMR*IK*738820071211*PI*74.3*74.3*0
REF*PO*0020071212
REF*ST*07388
REF*DP*043
DTM*999*20071211
RMR*IK*738820071212*PI*37.2*37.2*0
REF*PO*0020071213
REF*ST*07388
REF*DP*043
DTM*999*20071212
RMR*IK*743720071206*PI*34.1*34.1*0
REF*PO*0020071207
REF*ST*07437
REF*DP*043
DTM*999*20071206
RMR*IK*743720071207*PI*24.8*24.8*0
REF*PO*0020071208
REF*ST*07437
REF*DP*043
DTM*999*20071207
RMR*IK*743720071208*PI*3.1*3.1*0
REF*PO*0020071209
REF*ST*07437
REF*DP*043
DTM*999*20071208
RMR*IK*743720071209*PI*3.1*3.1*0
REF*PO*0020071210
REF*ST*07437
REF*DP*043
DTM*999*20071209
RMR*IK*743720071210*PI*9.3*9.3*0
REF*PO*0020071211
REF*ST*07437
REF*DP*043
DTM*999*20071210
RMR*IK*743720071211*PI*12.4*12.4*0
REF*PO*0020071212
REF*ST*07437
REF*DP*043
DTM*999*20071211
RMR*IK*743720071212*PI*9.3*9.3*0
REF*PO*0020071213
REF*ST*07437
REF*DP*043
DTM*999*20071212
RMR*IK*746020071206*PI*68*68*0
REF*PO*0020071207
REF*ST*07460
REF*DP*043
DTM*999*20071206
RMR*IK*746020071207*PI*37.2*37.2*0
REF*PO*0020071208
REF*ST*07460
REF*DP*043
DTM*999*20071207
RMR*IK*746020071208*PI*18.6*18.6*0
REF*PO*0020071209
REF*ST*07460
REF*DP*043
DTM*999*20071208
RMR*IK*746020071209*PI*13.4*13.4*0
REF*PO*0020071210
REF*ST*07460
REF*DP*043
DTM*999*20071209
RMR*IK*746020071210*PI*28.5*28.5*0
REF*PO*0020071211
REF*ST*07460
REF*DP*043
DTM*999*20071210
RMR*IK*746020071211*PI*3.1*3.1*0
REF*PO*0020071212
REF*ST*07460
REF*DP*043
DTM*999*20071211
RMR*IK*746020071212*PI*12.2*12.2*0
REF*PO*0020071213
REF*ST*07460
REF*DP*043
DTM*999*20071212
RMR*IK*746120071206*PI*46.3*46.3*0
REF*PO*0020071207
REF*ST*07461
REF*DP*043
DTM*999*20071206
RMR*IK*746120071207*PI*65.1*65.1*0
REF*PO*0020071208
REF*ST*07461
REF*DP*043
DTM*999*20071207
RMR*IK*746120071208*PI*3.1*3.1*0
REF*PO*0020071210
REF*ST*07461
REF*DP*043
DTM*999*20071208
RMR*IK*746120071208*PI*71.3*71.3*0
REF*PO*0020071209
REF*ST*07461
REF*DP*043
DTM*999*20071208
RMR*IK*746120071209*PI*16.5*16.5*0
REF*PO*0020071210
REF*ST*07461
REF*DP*043
DTM*999*20071209
RMR*IK*746120071210*PI*15.5*15.5*0
REF*PO*0020071211
REF*ST*07461
REF*DP*043
DTM*999*20071210
RMR*IK*746120071211*PI*12.4*12.4*0
REF*PO*0020071212
REF*ST*07461
REF*DP*043
DTM*999*20071211
RMR*IK*746120071212*PI*31*31*0
REF*PO*0020071213
REF*ST*07461
REF*DP*043
DTM*999*20071212
RMR*IK*755820071206*PI*100.05*100.05*0
REF*PO*0020071207
REF*ST*07558
REF*DP*043
DTM*999*20071206
RMR*IK*755820071207*PI*116*116*0
REF*PO*0020071208
REF*ST*07558
REF*DP*043
DTM*999*20071207
RMR*IK*755820071208*PI*124.6*124.6*0
REF*PO*0020071209
REF*ST*07558
REF*DP*043
DTM*999*20071208
RMR*IK*755820071209*PI*157.4*157.4*0
REF*PO*0020071210
REF*ST*07558
REF*DP*043
DTM*999*20071209
RMR*IK*755820071210*PI*30.6*30.6*0
REF*PO*0020071211
REF*ST*07558
REF*DP*043
DTM*999*20071210
RMR*IK*755820071211*PI*51.4*51.4*0
REF*PO*0020071212
REF*ST*07558
REF*DP*043
DTM*999*20071211
RMR*IK*755820071212*PI*34.1*34.1*0
REF*PO*0020071213
REF*ST*07558
REF*DP*043
DTM*999*20071212
RMR*IK*760720071206*PI*65.7*65.7*0
REF*PO*0020071207
REF*ST*07607
REF*DP*043
DTM*999*20071206
RMR*IK*760720071207*PI*152.3*152.3*0
REF*PO*0020071208
REF*ST*07607
REF*DP*043
DTM*999*20071207
RMR*IK*760720071208*PI*101.9*101.9*0
REF*PO*0020071209
REF*ST*07607
REF*DP*043
DTM*999*20071208
RMR*IK*760720071209*PI*37.8*37.8*0
REF*PO*0020071210
REF*ST*07607
REF*DP*043
DTM*999*20071209
RMR*IK*760720071210*PI*33.7*33.7*0
REF*PO*0020071211
REF*ST*07607
REF*DP*043
DTM*999*20071210
RMR*IK*760720071211*PI*64.8*64.8*0
REF*PO*0020071212
REF*ST*07607
REF*DP*043
DTM*999*20071211
RMR*IK*760720071212*PI*54.7*54.7*0
REF*PO*0020071213
REF*ST*07607
REF*DP*043
DTM*999*20071212
RMR*IK*761020071206*PI*46.5*46.5*0
REF*PO*0020071207
REF*ST*07610
REF*DP*043
DTM*999*20071206
RMR*IK*761020071207*PI*121.9*121.9*0
REF*PO*0020071208
REF*ST*07610
REF*DP*043
DTM*999*20071207
RMR*IK*761020071208*PI*79*79*0
REF*PO*0020071209
REF*ST*07610
REF*DP*043
DTM*999*20071208
RMR*IK*761020071209*PI*46.8*46.8*0
REF*PO*0020071210
REF*ST*07610
REF*DP*043
DTM*999*20071209
RMR*IK*761020071210*PI*38.9*38.9*0
REF*PO*0020071211
REF*ST*07610
REF*DP*043
DTM*999*20071210
RMR*IK*761020071211*PI*12.4*12.4*0
REF*PO*0020071212
REF*ST*07610
REF*DP*043
DTM*999*20071211
RMR*IK*761020071212*PI*26.6*26.6*0
REF*PO*0020071213
REF*ST*07610
REF*DP*043
DTM*999*20071212
RMR*IK*761320071206*PI*12.4*12.4*0
REF*PO*0020071207
REF*ST*07613
REF*DP*043
DTM*999*20071206
RMR*IK*761320071207*PI*15.5*15.5*0
REF*PO*0020071208
REF*ST*07613
REF*DP*043
DTM*999*20071207
RMR*IK*761320071208*PI*448.8*448.8*0
REF*PO*0020071209
REF*ST*07613
REF*DP*043
DTM*999*20071208
RMR*IK*761320071209*PI*68.2*68.2*0
REF*PO*0020071210
REF*ST*07613
REF*DP*043
DTM*999*20071209
RMR*IK*761320071210*PI*63.3*63.3*0
REF*PO*0020071211
REF*ST*07613
REF*DP*043
DTM*999*20071210
RMR*IK*761320071211*PI*50.6*50.6*0
REF*PO*0020071212
REF*ST*07613
REF*DP*043
DTM*999*20071211
RMR*IK*761320071212*PI*49.5*49.5*0
REF*PO*0020071213
REF*ST*07613
REF*DP*043
DTM*999*20071212
RMR*IK*762920071206*PI*64.9*64.9*0
REF*PO*0020071207
REF*ST*07629
REF*DP*043
DTM*999*20071206
RMR*IK*762920071207*PI*129.5*129.5*0
REF*PO*0020071208
REF*ST*07629
REF*DP*043
DTM*999*20071207
RMR*IK*762920071208*PI*104*104*0
REF*PO*0020071209
REF*ST*07629
REF*DP*043
DTM*999*20071208
RMR*IK*762920071209*PI*49*49*0
REF*PO*0020071210
REF*ST*07629
REF*DP*043
DTM*999*20071209
RMR*IK*762920071210*PI*42.1*42.1*0
REF*PO*0020071211
REF*ST*07629
REF*DP*043
DTM*999*20071210
RMR*IK*762920071211*PI*23.7*23.7*0
REF*PO*0020071212
REF*ST*07629
REF*DP*043
DTM*999*20071211
RMR*IK*762920071212*PI*43.2*43.2*0
REF*PO*0020071213
REF*ST*07629
REF*DP*043
DTM*999*20071212
RMR*IK*763720071206*PI*21.7*21.7*0
REF*PO*0020071207
REF*ST*07637
REF*DP*043
DTM*999*20071206
RMR*IK*763720071207*PI*18.6*18.6*0
REF*PO*0020071208
REF*ST*07637
REF*DP*043
DTM*999*20071207
RMR*IK*771820071206*PI*59.2*59.2*0
REF*PO*0020071207
REF*ST*07718
REF*DP*043
DTM*999*20071206
RMR*IK*771820071207*PI*73.3*73.3*0
REF*PO*0020071208
REF*ST*07718
REF*DP*043
DTM*999*20071207
RMR*IK*771820071208*PI*110.3*110.3*0
REF*PO*0020071209
REF*ST*07718
REF*DP*043
DTM*999*20071208
RMR*IK*771820071209*PI*18.6*18.6*0
REF*PO*0020071210
REF*ST*07718
REF*DP*043
DTM*999*20071209
RMR*IK*771820071210*PI*9.3*9.3*0
REF*PO*0020071211
REF*ST*07718
REF*DP*043
DTM*999*20071210
RMR*IK*771820071211*PI*17.2*17.2*0
REF*PO*0020071212
REF*ST*07718
REF*DP*043
DTM*999*20071211
RMR*IK*771820071212*PI*21.7*21.7*0
REF*PO*0020071213
REF*ST*07718
REF*DP*043
DTM*999*20071212
RMR*IK*771920071206*PI*267.8*267.8*0
REF*PO*0020071207
REF*ST*07719
REF*DP*043
DTM*999*20071206
RMR*IK*771920071207*PI*244.8*244.8*0
REF*PO*0020071208
REF*ST*07719
REF*DP*043
DTM*999*20071207
RMR*IK*771920071208*PI*151.6*151.6*0
REF*PO*0020071209
REF*ST*07719
REF*DP*043
DTM*999*20071208
RMR*IK*771920071209*PI*54.4*54.4*0
REF*PO*0020071210
REF*ST*07719
REF*DP*043
DTM*999*20071209
RMR*IK*771920071210*PI*74.3*74.3*0
REF*PO*0020071211
REF*ST*07719
REF*DP*043
DTM*999*20071210
RMR*IK*771920071211*PI*65.6*65.6*0
REF*PO*0020071212
REF*ST*07719
REF*DP*043
DTM*999*20071211
RMR*IK*771920071212*PI*62.4*62.4*0
REF*PO*0020071213
REF*ST*07719
REF*DP*043
DTM*999*20071212
RMR*IK*921720071206*PI*34.1*34.1*0
REF*PO*0020071207
REF*ST*09217
REF*DP*043
DTM*999*20071206
RMR*IK*921720071207*PI*50.4*50.4*0
REF*PO*0020071208
REF*ST*09217
REF*DP*043
DTM*999*20071207
RMR*IK*921720071208*PI*91.7*91.7*0
REF*PO*0020071209
REF*ST*09217
REF*DP*043
DTM*999*20071208
RMR*IK*921720071209*PI*88.3*88.3*0
REF*PO*0020071210
REF*ST*09217
REF*DP*043
DTM*999*20071209
RMR*IK*921720071210*PI*25.8*25.8*0
REF*PO*0020071211
REF*ST*09217
REF*DP*043
DTM*999*20071210
RMR*IK*921720071211*PI*51.6*51.6*0
REF*PO*0020071212
REF*ST*09217
REF*DP*043
DTM*999*20071211
RMR*IK*921720071212*PI*56.4*56.4*0
REF*PO*0020071213
REF*ST*09217
REF*DP*043
DTM*999*20071212
RMR*IK*951320071206*PI*24.4*24.4*0
REF*PO*0020071207
REF*ST*09513
REF*DP*043
DTM*999*20071206
RMR*IK*951320071207*PI*9.1*9.1*0
REF*PO*0020071208
REF*ST*09513
REF*DP*043
DTM*999*20071207
RMR*IK*951320071208*PI*3.1*3.1*0
REF*PO*0020071209
REF*ST*09513
REF*DP*043
DTM*999*20071208
RMR*IK*951320071209*PI*7.95*7.95*0
REF*PO*0020071210
REF*ST*09513
REF*DP*043
DTM*999*20071209
RMR*IK*951320071210*PI*12.2*12.2*0
REF*PO*0020071211
REF*ST*09513
REF*DP*043
DTM*999*20071210
RMR*IK*951320071211*PI*.2*.2*0
REF*PO*0020071212
REF*ST*09513
REF*DP*043
DTM*999*20071211
RMR*IK*951320071212*PI*42*42*0
REF*PO*0020071213
REF*ST*09513
REF*DP*043
DTM*999*20071212
RMR*IK*956020071206*PI*44.4*44.4*0
REF*PO*0020071207
REF*ST*09560
REF*DP*043
DTM*999*20071206
RMR*IK*956020071207*PI*80.3*80.3*0
REF*PO*0020071208
REF*ST*09560
REF*DP*043
DTM*999*20071207
RMR*IK*956020071208*PI*21.5*21.5*0
REF*PO*0020071209
REF*ST*09560
REF*DP*043
DTM*999*20071208
RMR*IK*956020071209*PI*25.8*25.8*0
REF*PO*0020071210
REF*ST*09560
REF*DP*043
DTM*999*20071209
RMR*IK*956020071210*PI*27.5*27.5*0
REF*PO*0020071211
REF*ST*09560
REF*DP*043
DTM*999*20071210
RMR*IK*956020071211*PI*45.5*45.5*0
REF*PO*0020071212
REF*ST*09560
REF*DP*043
DTM*999*20071211
RMR*IK*956020071212*PI*33.5*33.5*0
REF*PO*0020071213
REF*ST*09560
REF*DP*043
DTM*999*20071212
RMR*IK*957120071206*PI*3.1*3.1*0
REF*PO*0020071207
REF*ST*09571
REF*DP*043
DTM*999*20071206
RMR*IK*957120071207*PI*9.3*9.3*0
REF*PO*0020071208
REF*ST*09571
REF*DP*043
DTM*999*20071207
RMR*IK*957120071208*PI*18.2*18.2*0
REF*PO*0020071209
REF*ST*09571
REF*DP*043
DTM*999*20071208
RMR*IK*957120071210*PI*15.3*15.3*0
REF*PO*0020071211
REF*ST*09571
REF*DP*043
DTM*999*20071210
RMR*IK*957120071211*PI*6*6*0
REF*PO*0020071212
REF*ST*09571
REF*DP*043
DTM*999*20071211
RMR*IK*957120071212*PI*6.2*6.2*0
REF*PO*0020071213
REF*ST*09571
REF*DP*043
DTM*999*20071212
RMR*IK*962020071206*PI*55.8*55.8*0
REF*PO*0020071207
REF*ST*09620
REF*DP*043
DTM*999*20071206
RMR*IK*962020071207*PI*55.6*55.6*0
REF*PO*0020071208
REF*ST*09620
REF*DP*043
DTM*999*20071207
RMR*IK*962020071208*PI*100*100*0
REF*PO*0020071209
REF*ST*09620
REF*DP*043
DTM*999*20071208
RMR*IK*962020071209*PI*77.5*77.5*0
REF*PO*0020071210
REF*ST*09620
REF*DP*043
DTM*999*20071209
RMR*IK*962020071210*PI*9.3*9.3*0
REF*PO*0020071211
REF*ST*09620
REF*DP*043
DTM*999*20071210
RMR*IK*962020071211*PI*34.1*34.1*0
REF*PO*0020071212
REF*ST*09620
REF*DP*043
DTM*999*20071211
RMR*IK*962020071212*PI*6.2*6.2*0
REF*PO*0020071213
REF*ST*09620
REF*DP*043
DTM*999*20071212
RMR*IK*962120071206*PI*43.2*43.2*0
REF*PO*0020071207
REF*ST*09621
REF*DP*043
DTM*999*20071206
RMR*IK*962120071207*PI*121.9*121.9*0
REF*PO*0020071208
REF*ST*09621
REF*DP*043
DTM*999*20071207
RMR*IK*962120071208*PI*61.4*61.4*0
REF*PO*0020071209
REF*ST*09621
REF*DP*043
DTM*999*20071208
RMR*IK*962120071209*PI*50.3*50.3*0
REF*PO*0020071210
REF*ST*09621
REF*DP*043
DTM*999*20071209
RMR*IK*962120071210*PI*69.8*69.8*0
REF*PO*0020071211
REF*ST*09621
REF*DP*043
DTM*999*20071210
RMR*IK*962120071211*PI*35.7*35.7*0
REF*PO*0020071212
REF*ST*09621
REF*DP*043
DTM*999*20071211
RMR*IK*962120071212*PI*28.7*28.7*0
REF*PO*0020071213
REF*ST*09621
REF*DP*043
DTM*999*20071212
RMR*IK*962220071206*PI*106*106*0
REF*PO*0020071207
REF*ST*09622
REF*DP*043
DTM*999*20071206
RMR*IK*962220071207*PI*50.4*50.4*0
REF*PO*0020071208
REF*ST*09622
REF*DP*043
DTM*999*20071207
RMR*IK*962220071208*PI*144.4*144.4*0
REF*PO*0020071209
REF*ST*09622
REF*DP*043
DTM*999*20071208
RMR*IK*962220071209*PI*15.3*15.3*0
REF*PO*0020071210
REF*ST*09622
REF*DP*043
DTM*999*20071209
RMR*IK*962220071210*PI*16.5*16.5*0
REF*PO*0020071211
REF*ST*09622
REF*DP*043
DTM*999*20071210
RMR*IK*962220071211*PI*30.8*30.8*0
REF*PO*0020071212
REF*ST*09622
REF*DP*043
DTM*999*20071211
RMR*IK*962520071206*PI*77.5*77.5*0
REF*PO*0020071207
REF*ST*09625
REF*DP*043
DTM*999*20071206
RMR*IK*962520071207*PI*70.4*70.4*0
REF*PO*0020071208
REF*ST*09625
REF*DP*043
DTM*999*20071207
RMR*IK*962520071208*PI*121.9*121.9*0
REF*PO*0020071209
REF*ST*09625
REF*DP*043
DTM*999*20071208
RMR*IK*962520071209*PI*31*31*0
REF*PO*0020071210
REF*ST*09625
REF*DP*043
DTM*999*20071209
RMR*IK*962520071210*PI*77.3*77.3*0
REF*PO*0020071211
REF*ST*09625
REF*DP*043
DTM*999*20071210
RMR*IK*962520071211*PI*70.9*70.9*0
REF*PO*0020071212
REF*ST*09625
REF*DP*043
DTM*999*20071211
RMR*IK*962520071212*PI*12.2*12.2*0
REF*PO*0020071213
REF*ST*09625
REF*DP*043
DTM*999*20071212
RMR*IK*962920071206*PI*25.8*25.8*0
REF*PO*0020071207
REF*ST*09629
REF*DP*043
DTM*999*20071206
RMR*IK*962920071207*PI*88.1*88.1*0
REF*PO*0020071208
REF*ST*09629
REF*DP*043
DTM*999*20071207
RMR*IK*962920071208*PI*43.2*43.2*0
REF*PO*0020071209
REF*ST*09629
REF*DP*043
DTM*999*20071208
RMR*IK*962920071209*PI*24.4*24.4*0
REF*PO*0020071210
REF*ST*09629
REF*DP*043
DTM*999*20071209
RMR*IK*962920071210*PI*28.9*28.9*0
REF*PO*0020071211
REF*ST*09629
REF*DP*043
DTM*999*20071210
RMR*IK*962920071211*PI*64.9*64.9*0
REF*PO*0020071212
REF*ST*09629
REF*DP*043
DTM*999*20071211
RMR*IK*962920071212*PI*18.6*18.6*0
REF*PO*0020071213
REF*ST*09629
REF*DP*043
DTM*999*20071212
RMR*IK*963320071206*PI*72.3*72.3*0
REF*PO*0020071207
REF*ST*09633
REF*DP*043
DTM*999*20071206
RMR*IK*963320071207*PI*103.2*103.2*0
REF*PO*0020071208
REF*ST*09633
REF*DP*043
DTM*999*20071207
RMR*IK*963320071208*PI*114.6*114.6*0
REF*PO*0020071209
REF*ST*09633
REF*DP*043
DTM*999*20071208
RMR*IK*963320071209*PI*43.4*43.4*0
REF*PO*0020071210
REF*ST*09633
REF*DP*043
DTM*999*20071209
RMR*IK*963320071210*PI*52.7*52.7*0
REF*PO*0020071211
REF*ST*09633
REF*DP*043
DTM*999*20071210
RMR*IK*963320071211*PI*24.8*24.8*0
REF*PO*0020071212
REF*ST*09633
REF*DP*043
DTM*999*20071211
RMR*IK*963320071212*PI*71.9*71.9*0
REF*PO*0020071213
REF*ST*09633
REF*DP*043
DTM*999*20071212
RMR*IK*963920071206*PI*49.6*49.6*0
REF*PO*0020071207
REF*ST*09639
REF*DP*043
DTM*999*20071206
RMR*IK*963920071207*PI*34.1*34.1*0
REF*PO*0020071208
REF*ST*09639
REF*DP*043
DTM*999*20071207
RMR*IK*963920071208*PI*15.3*15.3*0
REF*PO*0020071209
REF*ST*09639
REF*DP*043
DTM*999*20071208
RMR*IK*963920071209*PI*55.8*55.8*0
REF*PO*0020071210
REF*ST*09639
REF*DP*043
DTM*999*20071209
RMR*IK*963920071210*PI*15.3*15.3*0
REF*PO*0020071211
REF*ST*09639
REF*DP*043
DTM*999*20071210
RMR*IK*963920071211*PI*9.1*9.1*0
REF*PO*0020071212
REF*ST*09639
REF*DP*043
DTM*999*20071211
RMR*IK*963920071212*PI*15.3*15.3*0
REF*PO*0020071213
REF*ST*09639
REF*DP*043
DTM*999*20071212
RMR*IK*964820071206*PI*81.9*81.9*0
REF*PO*0020071207
REF*ST*09648
REF*DP*043
DTM*999*20071206
RMR*IK*964820071207*PI*60.1*60.1*0
REF*PO*0020071208
REF*ST*09648
REF*DP*043
DTM*999*20071207
RMR*IK*964820071208*PI*45*45*0
REF*PO*0020071209
REF*ST*09648
REF*DP*043
DTM*999*20071208
RMR*IK*964820071209*PI*38.2*38.2*0
REF*PO*0020071210
REF*ST*09648
REF*DP*043
DTM*999*20071209
RMR*IK*964820071210*PI*44.5*44.5*0
REF*PO*0020071211
REF*ST*09648
REF*DP*043
DTM*999*20071210
RMR*IK*964820071211*PI*40.3*40.3*0
REF*PO*0020071212
REF*ST*09648
REF*DP*043
DTM*999*20071211
RMR*IK*964820071212*PI*30.4*30.4*0
REF*PO*0020071213
REF*ST*09648
REF*DP*043
DTM*999*20071212
RMR*IK*967420071206*PI*154*154*0
REF*PO*0020071207
REF*ST*09674
REF*DP*043
DTM*999*20071206
RMR*IK*967420071207*PI*189.6*189.6*0
REF*PO*0020071208
REF*ST*09674
REF*DP*043
DTM*999*20071207
RMR*IK*967420071208*PI*67.3*67.3*0
REF*PO*0020071209
REF*ST*09674
REF*DP*043
DTM*999*20071208
RMR*IK*967420071209*PI*15.3*15.3*0
REF*PO*0020071210
REF*ST*09674
REF*DP*043
DTM*999*20071209
RMR*IK*967420071210*PI*16.3*16.3*0
REF*PO*0020071211
REF*ST*09674
REF*DP*043
DTM*999*20071210
RMR*IK*967420071211*PI*24.4*24.4*0
REF*PO*0020071212
REF*ST*09674
REF*DP*043
DTM*999*20071211
RMR*IK*967420071212*PI*49.6*49.6*0
REF*PO*0020071213
REF*ST*09674
REF*DP*043
DTM*999*20071212
RMR*IK*971420071206*PI*63*63*0
REF*PO*0020071207
REF*ST*09714
REF*DP*043
DTM*999*20071206
RMR*IK*971420071207*PI*86*86*0
REF*PO*0020071208
REF*ST*09714
REF*DP*043
DTM*999*20071207
RMR*IK*971420071208*PI*80.4*80.4*0
REF*PO*0020071209
REF*ST*09714
REF*DP*043
DTM*999*20071208
RMR*IK*971420071209*PI*39.2*39.2*0
REF*PO*0020071210
REF*ST*09714
REF*DP*043
DTM*999*20071209
RMR*IK*971420071210*PI*25.8*25.8*0
REF*PO*0020071211
REF*ST*09714
REF*DP*043
DTM*999*20071210
RMR*IK*971420071211*PI*29.9*29.9*0
REF*PO*0020071212
REF*ST*09714
REF*DP*043
DTM*999*20071211
RMR*IK*971420071212*PI*6.2*6.2*0
REF*PO*0020071213
REF*ST*09714
REF*DP*043
DTM*999*20071212
RMR*IK*972820071206*PI*18.4*18.4*0
REF*PO*0020071207
REF*ST*09728
REF*DP*043
DTM*999*20071206
RMR*IK*972820071207*PI*21.3*21.3*0
REF*PO*0020071208
REF*ST*09728
REF*DP*043
DTM*999*20071207
RMR*IK*972820071208*PI*39.3*39.3*0
REF*PO*0020071209
REF*ST*09728
REF*DP*043
DTM*999*20071208
RMR*IK*972820071209*PI*24.6*24.6*0
REF*PO*0020071210
REF*ST*09728
REF*DP*043
DTM*999*20071209
RMR*IK*972820071210*PI*15.3*15.3*0
REF*PO*0020071211
REF*ST*09728
REF*DP*043
DTM*999*20071210
RMR*IK*972820071211*PI*21.7*21.7*0
REF*PO*0020071212
REF*ST*09728
REF*DP*043
DTM*999*20071211
RMR*IK*972820071212*PI*3.1*3.1*0
REF*PO*0020071213
REF*ST*09728
REF*DP*043
DTM*999*20071212
RMR*IK*973520071206*PI*33.9*33.9*0
REF*PO*0020071207
REF*ST*09735
REF*DP*043
DTM*999*20071206
RMR*IK*973520071207*PI*34.1*34.1*0
REF*PO*0020071208
REF*ST*09735
REF*DP*043
DTM*999*20071207
RMR*IK*973520071208*PI*27.1*27.1*0
REF*PO*0020071209
REF*ST*09735
REF*DP*043
DTM*999*20071208
RMR*IK*973520071209*PI*9.3*9.3*0
REF*PO*0020071210
REF*ST*09735
REF*DP*043
DTM*999*20071209
RMR*IK*973520071210*PI*15.3*15.3*0
REF*PO*0020071211
REF*ST*09735
REF*DP*043
DTM*999*20071210
RMR*IK*973520071211*PI*3.1*3.1*0
REF*PO*0020071212
REF*ST*09735
REF*DP*043
DTM*999*20071211
RMR*IK*973520071212*PI*3.1*3.1*0
REF*PO*0020071213
REF*ST*09735
REF*DP*043
DTM*999*20071212
RMR*IK*975820071206*PI*92.5*92.5*0
REF*PO*0020071207
REF*ST*09758
REF*DP*043
DTM*999*20071206
RMR*IK*975820071207*PI*105.1*105.1*0
REF*PO*0020071208
REF*ST*09758
REF*DP*043
DTM*999*20071207
RMR*IK*975820071208*PI*55*55*0
REF*PO*0020071209
REF*ST*09758
REF*DP*043
DTM*999*20071208
RMR*IK*975820071209*PI*43.4*43.4*0
REF*PO*0020071210
REF*ST*09758
REF*DP*043
DTM*999*20071209
RMR*IK*975820071210*PI*24.2*24.2*0
REF*PO*0020071211
REF*ST*09758
REF*DP*043
DTM*999*20071210
RMR*IK*975820071211*PI*27.7*27.7*0
REF*PO*0020071212
REF*ST*09758
REF*DP*043
DTM*999*20071211
RMR*IK*975820071212*PI*64.9*64.9*0
REF*PO*0020071213
REF*ST*09758
REF*DP*043
DTM*999*20071212
SE*4199*0001
GE*1*1000102
IEA*1*001000102
ISA*00*          *00*          *08*9254291001     *12*6154525825     *080108*0420*U*00400*000000254*0*P*>
GS*PD*9254291001*6154525825*20080108*0420*254*X*004010
ST*852*0001
XQ*H*20080108
N9*AD*T00000040
LIN**IN*097095211*ZZ*43*UP*831664000552*****DG*1*VS*00000
ZA*QS***006*20080106
CTP**UCP*1.55
SDQ*EA*ZZ*5014*1
CTT*1
SE*9*0001
GE*1*254
IEA*1*000000254
*** SUPERTRACS READY FOR INPUT
