ISA*00*          *00*          *09*006985290EFT   *12*6154525825     *060210*2315*U*00400*001000010*0*P*>
GS*RA*006985290EFT*6154525825*20060210*2315*1000010*X*004010
ST*820*0001
BPR*I*1.38*C*ACH*CCP*01*021000018*DA*0300955622*9008965873**01*064102601*DA*3000289*20060214*VEN
TRN*3*770161007*9008965873
DTM*097*20060210
N1*PR*KMART CORPORATION*1*008965873
N1*PE*YOUNGS FARMS*92*00069099588
N1*SE*YOUNGS FARMS*92*00069099588
ENT*1
RMR*IK*481020060113*PI*1.38*1.38*0
REF*PO*0020060114
REF*ST*04810
REF*DP*043
DTM*999*20060113
ENT*2
ADX*212*74*DM*53232
DTM*999*20041117
REF*PO*0552602010
REF*ST*07308
REF*DP*043
ADX*-212*74*CM*53232IP
DTM*999*20041117
REF*PO*0552602010
REF*ST*07308
REF*DP*043
SE*25*0001
GE*1*1000010
IEA*1*001000010
ISA*00*          *00*          *09*006985290AC    *12*6154525825     *060214*0522*U*00400*001000038*0*P*>
GS*PD*006985290AC*6154525825*20060214*0522*1000038*X*004010
ST*852*0001
XQ*H*20060214
N9*AD*T00000040
LIN**CB*970657110*ZZ*43*UP*831664000842*****DG*1*VS*00000
ZA*QS***006*20060213
CTP**UCP*5.75
SDQ*EA*ZZ*4093*3*4739*4*7358*4*7607*1*9621*2*9633*1*9728*1
CTT*1
SE*9*0001
ST*852*0002
XQ*H*20060214
N9*AD*T00000040
LIN**CB*970967113*ZZ*43*UP*831664000484*****DG*1*VS*00000
ZA*QS***006*20060213
CTP**UCP*7.65
SDQ*EA*ZZ*4739*1*7358*1*7461*1
CTT*1
SE*9*0002
GE*2*1000038
IEA*1*001000038
*** SUPERTRACS READY FOR INPUT
