ISA*00*          *00*          *09*006985290EFT   *12*6154525825     *050711*1441*U*00400*000100289*0*P*>
GS*RA*006985290EFT*6154525825*20050711*14412622*100198*X*004010
ST*820*000000001
BPR*I*50386.64*C*ACH*CCP*01*021000018*DA*0300955622*9008965873**01*064102601*DA*3000289*20050712*VEN
TRN*3*770129293*9008965873
DTM*097*20050711
N1*PR*KMART CORPORATION*1*008965873
N1*PE*YOUNGS FARMS*92*00069099588
N1*SE*YOUNGS FARMS*92*00069099588
ENT*1
RMR*IK*306320050609*PI*14.38*14.38*0
REF*PO*0020050610
REF*ST*03063
REF*DP*043
DTM*999*20050609
RMR*IK*306320050610*PI*28.8*28.8*0
REF*PO*0020050611
REF*ST*03063
REF*DP*043
DTM*999*20050610
RMR*IK*306320050611*PI*25.16*25.16*0
REF*PO*0020050612
REF*ST*03063
REF*DP*043
DTM*999*20050611
RMR*IK*306320050612*PI*8.5*8.5*0
REF*PO*0020050613
REF*ST*03063
REF*DP*043
DTM*999*20050612
RMR*IK*306320050613*PI*18.1*18.1*0
REF*PO*0020050614
REF*ST*03063
REF*DP*043
DTM*999*20050613
RMR*IK*306320050614*PI*3.13*3.13*0
REF*PO*0020050615
REF*ST*03063
REF*DP*043
DTM*999*20050614
RMR*IK*306320050615*PI*4.52*4.52*0
REF*PO*0020050616
REF*ST*03063
REF*DP*043
DTM*999*20050615
RMR*IK*308320050609*PI*72.91*72.91*0
REF*PO*0020050610
REF*ST*03083
REF*DP*043
DTM*999*20050609
RMR*IK*308320050610*PI*129.11*129.11*0
REF*PO*0020050611
REF*ST*03083
REF*DP*043
DTM*999*20050610
RMR*IK*308320050611*PI*101.53*101.53*0
REF*PO*0020050612
REF*ST*03083
REF*DP*043
DTM*999*20050611
RMR*IK*308320050612*PI*41.17*41.17*0
REF*PO*0020050613
REF*ST*03083
REF*DP*043
DTM*999*20050612
RMR*IK*308320050613*PI*60.06*60.06*0
REF*PO*0020050614
REF*ST*03083
REF*DP*043
DTM*999*20050613
RMR*IK*308320050614*PI*50.13*50.13*0
REF*PO*0020050615
REF*ST*03083
REF*DP*043
DTM*999*20050614
RMR*IK*308320050615*PI*59.88*59.88*0
REF*PO*0020050616
REF*ST*03083
REF*DP*043
DTM*999*20050615
RMR*IK*308420050609*PI*83.13*83.13*0
REF*PO*0020050610
REF*ST*03084
REF*DP*043
DTM*999*20050609
RMR*IK*308420050610*PI*44.07*44.07*0
REF*PO*0020050611
REF*ST*03084
REF*DP*043
DTM*999*20050610
RMR*IK*308420050611*PI*51.68*51.68*0
REF*PO*0020050612
REF*ST*03084
REF*DP*043
DTM*999*20050611
RMR*IK*308420050612*PI*30.75*30.75*0
REF*PO*0020050613
REF*ST*03084
REF*DP*043
DTM*999*20050612
RMR*IK*308420050613*PI*30.3*30.3*0
REF*PO*0020050614
REF*ST*03084
REF*DP*043
DTM*999*20050613
RMR*IK*308420050614*PI*46.65*46.65*0
REF*PO*0020050615
REF*ST*03084
REF*DP*043
DTM*999*20050614
RMR*IK*308420050615*PI*19.05*19.05*0
REF*PO*0020050616
REF*ST*03084
REF*DP*043
DTM*999*20050615
RMR*IK*310320050609*PI*16.55*16.55*0
REF*PO*0020050610
REF*ST*03103
REF*DP*043
DTM*999*20050609
RMR*IK*310320050610*PI*74.47*74.47*0
REF*PO*0020050611
REF*ST*03103
REF*DP*043
DTM*999*20050610
RMR*IK*310320050611*PI*73.36*73.36*0
REF*PO*0020050612
REF*ST*03103
REF*DP*043
DTM*999*20050611
RMR*IK*310320050612*PI*7.13*7.13*0
REF*PO*0020050613
REF*ST*03103
REF*DP*043
DTM*999*20050612
RMR*IK*310320050613*PI*16.33*16.33*0
REF*PO*0020050614
REF*ST*03103
REF*DP*043
DTM*999*20050613
RMR*IK*310320050614*PI*42.79*42.79*0
REF*PO*0020050615
REF*ST*03103
REF*DP*043
DTM*999*20050614
RMR*IK*310320050615*PI*30.53*30.53*0
REF*PO*0020050616
REF*ST*03103
REF*DP*043
DTM*999*20050615
RMR*IK*314320050609*PI*110.64*110.64*0
REF*PO*0020050610
REF*ST*03143
REF*DP*043
DTM*999*20050609
RMR*IK*314320050610*PI*417.13*417.13*0
REF*PO*0020050611
REF*ST*03143
REF*DP*043
DTM*999*20050610
RMR*IK*314320050611*PI*267.53*267.53*0
REF*PO*0020050612
REF*ST*03143
REF*DP*043
DTM*999*20050611
RMR*IK*314320050612*PI*68.24*68.24*0
REF*PO*0020050613
REF*ST*03143
REF*DP*043
DTM*999*20050612
RMR*IK*314320050613*PI*89.8*89.8*0
REF*PO*0020050614
REF*ST*03143
REF*DP*043
DTM*999*20050613
RMR*IK*314320050614*PI*111.45*111.45*0
REF*PO*0020050615
REF*ST*03143
REF*DP*043
DTM*999*20050614
RMR*IK*314320050615*PI*47.9*47.9*0
REF*PO*0020050616
REF*ST*03143
REF*DP*043
DTM*999*20050615
RMR*IK*319420050609*PI*13.75*13.75*0
REF*PO*0020050610
REF*ST*03194
REF*DP*043
DTM*999*20050609
RMR*IK*319420050610*PI*13.79*13.79*0
REF*PO*0020050611
REF*ST*03194
REF*DP*043
DTM*999*20050610
RMR*IK*319420050612*PI*.75*.75*0
REF*PO*0020050613
REF*ST*03194
REF*DP*043
DTM*999*20050612
RMR*IK*319420050613*PI*11.01*11.01*0
REF*PO*0020050614
REF*ST*03194
REF*DP*043
DTM*999*20050613
RMR*IK*319420050614*PI*6.76*6.76*0
REF*PO*0020050615
REF*ST*03194
REF*DP*043
DTM*999*20050614
RMR*IK*319420050615*PI*5.13*5.13*0
REF*PO*0020050616
REF*ST*03194
REF*DP*043
DTM*999*20050615
RMR*IK*334820050609*PI*20.78*20.78*0
REF*PO*0020050610
REF*ST*03348
REF*DP*043
DTM*999*20050609
RMR*IK*334820050610*PI*46.13*46.13*0
REF*PO*0020050611
REF*ST*03348
REF*DP*043
DTM*999*20050610
RMR*IK*334820050611*PI*5.95*5.95*0
REF*PO*0020050612
REF*ST*03348
REF*DP*043
DTM*999*20050611
RMR*IK*334820050612*PI*19.2*19.2*0
REF*PO*0020050613
REF*ST*03348
REF*DP*043
DTM*999*20050612
RMR*IK*334820050613*PI*12.75*12.75*0
REF*PO*0020050614
REF*ST*03348
REF*DP*043
DTM*999*20050613
RMR*IK*334820050614*PI*5.4*5.4*0
REF*PO*0020050615
REF*ST*03348
REF*DP*043
DTM*999*20050614
RMR*IK*334820050615*PI*19.6*19.6*0
REF*PO*0020050616
REF*ST*03348
REF*DP*043
DTM*999*20050615
RMR*IK*335920050609*PI*30.42*30.42*0
REF*PO*0020050610
REF*ST*03359
REF*DP*043
DTM*999*20050609
RMR*IK*335920050610*PI*16*16*0
REF*PO*0020050611
REF*ST*03359
REF*DP*043
DTM*999*20050610
RMR*IK*335920050611*PI*3*3*0
REF*PO*0020050612
REF*ST*03359
REF*DP*043
DTM*999*20050611
RMR*IK*335920050612*PI*30.64*30.64*0
REF*PO*0020050613
REF*ST*03359
REF*DP*043
DTM*999*20050612
RMR*IK*335920050613*PI*33.63*33.63*0
REF*PO*0020050614
REF*ST*03359
REF*DP*043
DTM*999*20050613
RMR*IK*335920050614*PI*57.5*57.5*0
REF*PO*0020050615
REF*ST*03359
REF*DP*043
DTM*999*20050614
RMR*IK*335920050615*PI*16.9*16.9*0
REF*PO*0020050616
REF*ST*03359
REF*DP*043
DTM*999*20050615
RMR*IK*340820050609*PI*33*33*0
REF*PO*0020050610
REF*ST*03408
REF*DP*043
DTM*999*20050609
RMR*IK*340820050610*PI*11.64*11.64*0
REF*PO*0020050611
REF*ST*03408
REF*DP*043
DTM*999*20050610
RMR*IK*340820050611*PI*7.13*7.13*0
REF*PO*0020050612
REF*ST*03408
REF*DP*043
DTM*999*20050611
RMR*IK*340820050612*PI*14.21*14.21*0
REF*PO*0020050613
REF*ST*03408
REF*DP*043
DTM*999*20050612
RMR*IK*340820050613*PI*1.89*1.89*0
REF*PO*0020050614
REF*ST*03408
REF*DP*043
DTM*999*20050613
RMR*IK*340820050614*PI*7.13*7.13*0
REF*PO*0020050615
REF*ST*03408
REF*DP*043
DTM*999*20050614
RMR*IK*340820050615*PI*3.13*3.13*0
REF*PO*0020050616
REF*ST*03408
REF*DP*043
DTM*999*20050615
RMR*IK*360220050609*PI*98.44*98.44*0
REF*PO*0020050610
REF*ST*03602
REF*DP*043
DTM*999*20050609
RMR*IK*360220050610*PI*89.72*89.72*0
REF*PO*0020050611
REF*ST*03602
REF*DP*043
DTM*999*20050610
RMR*IK*360220050611*PI*112.02*112.02*0
REF*PO*0020050612
REF*ST*03602
REF*DP*043
DTM*999*20050611
RMR*IK*360220050612*PI*83.62*83.62*0
REF*PO*0020050613
REF*ST*03602
REF*DP*043
DTM*999*20050612
RMR*IK*360220050613*PI*155*155*0
REF*PO*0020050614
REF*ST*03602
REF*DP*043
DTM*999*20050613
RMR*IK*360220050614*PI*106.21*106.21*0
REF*PO*0020050615
REF*ST*03602
REF*DP*043
DTM*999*20050614
RMR*IK*360220050615*PI*141.62*141.62*0
REF*PO*0020050616
REF*ST*03602
REF*DP*043
DTM*999*20050615
RMR*IK*364420050609*PI*49.08*49.08*0
REF*PO*0020050610
REF*ST*03644
REF*DP*043
DTM*999*20050609
RMR*IK*364420050610*PI*123.48*123.48*0
REF*PO*0020050611
REF*ST*03644
REF*DP*043
DTM*999*20050610
RMR*IK*364420050611*PI*85.19*85.19*0
REF*PO*0020050612
REF*ST*03644
REF*DP*043
DTM*999*20050611
RMR*IK*364420050612*PI*69.71*69.71*0
REF*PO*0020050613
REF*ST*03644
REF*DP*043
DTM*999*20050612
RMR*IK*364420050613*PI*94.23*94.23*0
REF*PO*0020050614
REF*ST*03644
REF*DP*043
DTM*999*20050613
RMR*IK*364420050614*PI*122.58*122.58*0
REF*PO*0020050615
REF*ST*03644
REF*DP*043
DTM*999*20050614
RMR*IK*364420050615*PI*95.67*95.67*0
REF*PO*0020050616
REF*ST*03644
REF*DP*043
DTM*999*20050615
RMR*IK*364620050609*PI*56.04*56.04*0
REF*PO*0020050610
REF*ST*03646
REF*DP*043
DTM*999*20050609
RMR*IK*364620050610*PI*61.91*61.91*0
REF*PO*0020050611
REF*ST*03646
REF*DP*043
DTM*999*20050610
RMR*IK*364620050611*PI*107.32*107.32*0
REF*PO*0020050612
REF*ST*03646
REF*DP*043
DTM*999*20050611
RMR*IK*364620050612*PI*32.04*32.04*0
REF*PO*0020050613
REF*ST*03646
REF*DP*043
DTM*999*20050612
RMR*IK*364620050613*PI*59.4*59.4*0
REF*PO*0020050614
REF*ST*03646
REF*DP*043
DTM*999*20050613
RMR*IK*364620050614*PI*58.26*58.26*0
REF*PO*0020050615
REF*ST*03646
REF*DP*043
DTM*999*20050614
RMR*IK*364620050615*PI*101.82*101.82*0
REF*PO*0020050616
REF*ST*03646
REF*DP*043
DTM*999*20050615
RMR*IK*366020050609*PI*6.27*6.27*0
REF*PO*0020050610
REF*ST*03660
REF*DP*043
DTM*999*20050609
RMR*IK*366020050610*PI*18.8*18.8*0
REF*PO*0020050611
REF*ST*03660
REF*DP*043
DTM*999*20050610
RMR*IK*366020050611*PI*7.13*7.13*0
REF*PO*0020050612
REF*ST*03660
REF*DP*043
DTM*999*20050611
RMR*IK*366020050612*PI*30.75*30.75*0
REF*PO*0020050613
REF*ST*03660
REF*DP*043
DTM*999*20050612
RMR*IK*366020050613*PI*14.18*14.18*0
REF*PO*0020050614
REF*ST*03660
REF*DP*043
DTM*999*20050613
RMR*IK*366020050614*PI*33*33*0
REF*PO*0020050615
REF*ST*03660
REF*DP*043
DTM*999*20050614
RMR*IK*366020050615*PI*19.5*19.5*0
REF*PO*0020050616
REF*ST*03660
REF*DP*043
DTM*999*20050615
RMR*IK*367220050609*PI*37.31*37.31*0
REF*PO*0020050610
REF*ST*03672
REF*DP*043
DTM*999*20050609
RMR*IK*367220050610*PI*25.51*25.51*0
REF*PO*0020050611
REF*ST*03672
REF*DP*043
DTM*999*20050610
RMR*IK*367220050611*PI*16.22*16.22*0
REF*PO*0020050612
REF*ST*03672
REF*DP*043
DTM*999*20050611
RMR*IK*367220050612*PI*18.82*18.82*0
REF*PO*0020050613
REF*ST*03672
REF*DP*043
DTM*999*20050612
RMR*IK*367220050613*PI*29.15*29.15*0
REF*PO*0020050614
REF*ST*03672
REF*DP*043
DTM*999*20050613
RMR*IK*367220050614*PI*32.04*32.04*0
REF*PO*0020050615
REF*ST*03672
REF*DP*043
DTM*999*20050614
RMR*IK*367220050615*PI*19.69*19.69*0
REF*PO*0020050616
REF*ST*03672
REF*DP*043
DTM*999*20050615
RMR*IK*368520050609*PI*15*15*0
REF*PO*0020050610
REF*ST*03685
REF*DP*043
DTM*999*20050609
RMR*IK*368520050610*PI*43.5*43.5*0
REF*PO*0020050611
REF*ST*03685
REF*DP*043
DTM*999*20050610
RMR*IK*368520050611*PI*31.34*31.34*0
REF*PO*0020050612
REF*ST*03685
REF*DP*043
DTM*999*20050611
RMR*IK*368520050612*PI*12.56*12.56*0
REF*PO*0020050613
REF*ST*03685
REF*DP*043
DTM*999*20050612
RMR*IK*368520050613*PI*11.02*11.02*0
REF*PO*0020050614
REF*ST*03685
REF*DP*043
DTM*999*20050613
RMR*IK*368520050614*PI*7.89*7.89*0
REF*PO*0020050615
REF*ST*03685
REF*DP*043
DTM*999*20050614
RMR*IK*368520050615*PI*10*10*0
REF*PO*0020050616
REF*ST*03685
REF*DP*043
DTM*999*20050615
RMR*IK*370320050609*PI*113.67*113.67*0
REF*PO*0020050610
REF*ST*03703
REF*DP*043
DTM*999*20050609
RMR*IK*370320050610*PI*181.33*181.33*0
REF*PO*0020050611
REF*ST*03703
REF*DP*043
DTM*999*20050610
RMR*IK*370320050611*PI*204.7*204.7*0
REF*PO*0020050612
REF*ST*03703
REF*DP*043
DTM*999*20050611
RMR*IK*370320050612*PI*38.35*38.35*0
REF*PO*0020050613
REF*ST*03703
REF*DP*043
DTM*999*20050612
RMR*IK*370320050613*PI*208.51*208.51*0
REF*PO*0020050614
REF*ST*03703
REF*DP*043
DTM*999*20050613
RMR*IK*370320050614*PI*200.68*200.68*0
REF*PO*0020050615
REF*ST*03703
REF*DP*043
DTM*999*20050614
RMR*IK*370320050615*PI*159.49*159.49*0
REF*PO*0020050616
REF*ST*03703
REF*DP*043
DTM*999*20050615
RMR*IK*371320050609*PI*33.75*33.75*0
REF*PO*0020050610
REF*ST*03713
REF*DP*043
DTM*999*20050609
RMR*IK*371320050611*PI*6.75*6.75*0
REF*PO*0020050612
REF*ST*03713
REF*DP*043
DTM*999*20050611
RMR*IK*371320050612*PI*7.5*7.5*0
REF*PO*0020050613
REF*ST*03713
REF*DP*043
DTM*999*20050612
RMR*IK*371320050613*PI*10.5*10.5*0
REF*PO*0020050614
REF*ST*03713
REF*DP*043
DTM*999*20050613
RMR*IK*371320050614*PI*4.5*4.5*0
REF*PO*0020050615
REF*ST*03713
REF*DP*043
DTM*999*20050614
RMR*IK*371320050615*PI*4*4*0
REF*PO*0020050616
REF*ST*03713
REF*DP*043
DTM*999*20050615
RMR*IK*371520050609*PI*128.07*128.07*0
REF*PO*0020050610
REF*ST*03715
REF*DP*043
DTM*999*20050609
RMR*IK*371520050610*PI*141.05*141.05*0
REF*PO*0020050611
REF*ST*03715
REF*DP*043
DTM*999*20050610
RMR*IK*371520050611*PI*176.81*176.81*0
REF*PO*0020050612
REF*ST*03715
REF*DP*043
DTM*999*20050611
RMR*IK*371520050612*PI*96.69*96.69*0
REF*PO*0020050613
REF*ST*03715
REF*DP*043
DTM*999*20050612
RMR*IK*371520050613*PI*75.11*75.11*0
REF*PO*0020050614
REF*ST*03715
REF*DP*043
DTM*999*20050613
RMR*IK*371520050614*PI*116.82*116.82*0
REF*PO*0020050615
REF*ST*03715
REF*DP*043
DTM*999*20050614
RMR*IK*371520050615*PI*203.44*203.44*0
REF*PO*0020050616
REF*ST*03715
REF*DP*043
DTM*999*20050615
RMR*IK*382220050609*PI*20.61*20.61*0
REF*PO*0020050610
REF*ST*03822
REF*DP*043
DTM*999*20050609
RMR*IK*382220050610*PI*1.52*1.52*0
REF*PO*0020050611
REF*ST*03822
REF*DP*043
DTM*999*20050610
RMR*IK*382220050611*PI*29.6*29.6*0
REF*PO*0020050612
REF*ST*03822
REF*DP*043
DTM*999*20050611
RMR*IK*382220050612*PI*9.31*9.31*0
REF*PO*0020050613
REF*ST*03822
REF*DP*043
DTM*999*20050612
RMR*IK*382220050613*PI*.76*.76*0
REF*PO*0020050614
REF*ST*03822
REF*DP*043
DTM*999*20050613
RMR*IK*382220050614*PI*23.38*23.38*0
REF*PO*0020050615
REF*ST*03822
REF*DP*043
DTM*999*20050614
RMR*IK*382220050615*PI*29.77*29.77*0
REF*PO*0020050616
REF*ST*03822
REF*DP*043
DTM*999*20050615
RMR*IK*383620050609*PI*21.76*21.76*0
REF*PO*0020050610
REF*ST*03836
REF*DP*043
DTM*999*20050609
RMR*IK*383620050610*PI*23.46*23.46*0
REF*PO*0020050611
REF*ST*03836
REF*DP*043
DTM*999*20050610
RMR*IK*383620050611*PI*21.21*21.21*0
REF*PO*0020050612
REF*ST*03836
REF*DP*043
DTM*999*20050611
RMR*IK*383620050612*PI*22.93*22.93*0
REF*PO*0020050613
REF*ST*03836
REF*DP*043
DTM*999*20050612
RMR*IK*383620050613*PI*30.57*30.57*0
REF*PO*0020050614
REF*ST*03836
REF*DP*043
DTM*999*20050613
RMR*IK*383620050614*PI*53.07*53.07*0
REF*PO*0020050615
REF*ST*03836
REF*DP*043
DTM*999*20050614
RMR*IK*383620050615*PI*55.59*55.59*0
REF*PO*0020050616
REF*ST*03836
REF*DP*043
DTM*999*20050615
RMR*IK*384820050609*PI*161.38*161.38*0
REF*PO*0020050610
REF*ST*03848
REF*DP*043
DTM*999*20050609
RMR*IK*384820050610*PI*63.33*63.33*0
REF*PO*0020050611
REF*ST*03848
REF*DP*043
DTM*999*20050610
RMR*IK*384820050611*PI*64.48*64.48*0
REF*PO*0020050612
REF*ST*03848
REF*DP*043
DTM*999*20050611
RMR*IK*384820050612*PI*11.21*11.21*0
REF*PO*0020050613
REF*ST*03848
REF*DP*043
DTM*999*20050612
RMR*IK*384820050613*PI*98.95*98.95*0
REF*PO*0020050614
REF*ST*03848
REF*DP*043
DTM*999*20050613
RMR*IK*384820050614*PI*87.28*87.28*0
REF*PO*0020050615
REF*ST*03848
REF*DP*043
DTM*999*20050614
RMR*IK*384820050615*PI*51.74*51.74*0
REF*PO*0020050616
REF*ST*03848
REF*DP*043
DTM*999*20050615
RMR*IK*387620050609*PI*6.75*6.75*0
REF*PO*0020050610
REF*ST*03876
REF*DP*043
DTM*999*20050609
RMR*IK*387620050610*PI*9.5*9.5*0
REF*PO*0020050611
REF*ST*03876
REF*DP*043
DTM*999*20050610
RMR*IK*387620050611*PI*11.25*11.25*0
REF*PO*0020050612
REF*ST*03876
REF*DP*043
DTM*999*20050611
RMR*IK*387620050612*PI*2*2*0
REF*PO*0020050613
REF*ST*03876
REF*DP*043
DTM*999*20050612
RMR*IK*387620050613*PI*5.88*5.88*0
REF*PO*0020050614
REF*ST*03876
REF*DP*043
DTM*999*20050613
RMR*IK*387620050615*PI*13.75*13.75*0
REF*PO*0020050616
REF*ST*03876
REF*DP*043
DTM*999*20050615
RMR*IK*392920050609*PI*4.92*4.92*0
REF*PO*0020050610
REF*ST*03929
REF*DP*043
DTM*999*20050609
RMR*IK*392920050610*PI*11.29*11.29*0
REF*PO*0020050611
REF*ST*03929
REF*DP*043
DTM*999*20050610
RMR*IK*392920050611*PI*7.52*7.52*0
REF*PO*0020050612
REF*ST*03929
REF*DP*043
DTM*999*20050611
RMR*IK*392920050612*PI*10.52*10.52*0
REF*PO*0020050613
REF*ST*03929
REF*DP*043
DTM*999*20050612
RMR*IK*392920050613*PI*9.77*9.77*0
REF*PO*0020050614
REF*ST*03929
REF*DP*043
DTM*999*20050613
RMR*IK*392920050614*PI*30.23*30.23*0
REF*PO*0020050615
REF*ST*03929
REF*DP*043
DTM*999*20050614
RMR*IK*392920050615*PI*3.05*3.05*0
REF*PO*0020050616
REF*ST*03929
REF*DP*043
DTM*999*20050615
RMR*IK*393120050609*PI*45.8*45.8*0
REF*PO*0020050610
REF*ST*03931
REF*DP*043
DTM*999*20050609
RMR*IK*393120050610*PI*54.69*54.69*0
REF*PO*0020050611
REF*ST*03931
REF*DP*043
DTM*999*20050610
RMR*IK*393120050611*PI*30.36*30.36*0
REF*PO*0020050612
REF*ST*03931
REF*DP*043
DTM*999*20050611
RMR*IK*393120050612*PI*30.3*30.3*0
REF*PO*0020050613
REF*ST*03931
REF*DP*043
DTM*999*20050612
RMR*IK*393120050613*PI*29.22*29.22*0
REF*PO*0020050614
REF*ST*03931
REF*DP*043
DTM*999*20050613
RMR*IK*393120050614*PI*5.26*5.26*0
REF*PO*0020050615
REF*ST*03931
REF*DP*043
DTM*999*20050614
RMR*IK*393120050615*PI*69.18*69.18*0
REF*PO*0020050616
REF*ST*03931
REF*DP*043
DTM*999*20050615
RMR*IK*394120050609*PI*64.96*64.96*0
REF*PO*0020050610
REF*ST*03941
REF*DP*043
DTM*999*20050609
RMR*IK*394120050610*PI*49.21*49.21*0
REF*PO*0020050611
REF*ST*03941
REF*DP*043
DTM*999*20050610
RMR*IK*394120050611*PI*508.22*508.22*0
REF*PO*0020050612
REF*ST*03941
REF*DP*043
DTM*999*20050611
RMR*IK*394120050612*PI*116.64*116.64*0
REF*PO*0020050613
REF*ST*03941
REF*DP*043
DTM*999*20050612
RMR*IK*394120050613*PI*163.73*163.73*0
REF*PO*0020050614
REF*ST*03941
REF*DP*043
DTM*999*20050613
RMR*IK*394120050614*PI*65.48*65.48*0
REF*PO*0020050615
REF*ST*03941
REF*DP*043
DTM*999*20050614
RMR*IK*394120050615*PI*131.58*131.58*0
REF*PO*0020050616
REF*ST*03941
REF*DP*043
DTM*999*20050615
RMR*IK*396620050609*PI*92.27*92.27*0
REF*PO*0020050610
REF*ST*03966
REF*DP*043
DTM*999*20050609
RMR*IK*396620050610*PI*83.78*83.78*0
REF*PO*0020050611
REF*ST*03966
REF*DP*043
DTM*999*20050610
RMR*IK*396620050611*PI*70.48*70.48*0
REF*PO*0020050612
REF*ST*03966
REF*DP*043
DTM*999*20050611
RMR*IK*396620050612*PI*115.38*115.38*0
REF*PO*0020050613
REF*ST*03966
REF*DP*043
DTM*999*20050612
RMR*IK*396620050613*PI*132.98*132.98*0
REF*PO*0020050614
REF*ST*03966
REF*DP*043
DTM*999*20050613
RMR*IK*396620050614*PI*53.73*53.73*0
REF*PO*0020050615
REF*ST*03966
REF*DP*043
DTM*999*20050614
RMR*IK*396620050615*PI*55.75*55.75*0
REF*PO*0020050616
REF*ST*03966
REF*DP*043
DTM*999*20050615
RMR*IK*397820050609*PI*49.95*49.95*0
REF*PO*0020050610
REF*ST*03978
REF*DP*043
DTM*999*20050609
RMR*IK*397820050610*PI*108.41*108.41*0
REF*PO*0020050611
REF*ST*03978
REF*DP*043
DTM*999*20050610
RMR*IK*397820050611*PI*43.08*43.08*0
REF*PO*0020050612
REF*ST*03978
REF*DP*043
DTM*999*20050611
RMR*IK*397820050612*PI*26.86*26.86*0
REF*PO*0020050613
REF*ST*03978
REF*DP*043
DTM*999*20050612
RMR*IK*397820050613*PI*42.94*42.94*0
REF*PO*0020050614
REF*ST*03978
REF*DP*043
DTM*999*20050613
RMR*IK*397820050614*PI*49.49*49.49*0
REF*PO*0020050615
REF*ST*03978
REF*DP*043
DTM*999*20050614
RMR*IK*397820050615*PI*52.22*52.22*0
REF*PO*0020050616
REF*ST*03978
REF*DP*043
DTM*999*20050615
RMR*IK*399620050609*PI*88.64*88.64*0
REF*PO*0020050610
REF*ST*03996
REF*DP*043
DTM*999*20050609
RMR*IK*399620050610*PI*168.29*168.29*0
REF*PO*0020050611
REF*ST*03996
REF*DP*043
DTM*999*20050610
RMR*IK*399620050611*PI*186.5*186.5*0
REF*PO*0020050612
REF*ST*03996
REF*DP*043
DTM*999*20050611
RMR*IK*399620050612*PI*76.18*76.18*0
REF*PO*0020050613
REF*ST*03996
REF*DP*043
DTM*999*20050612
RMR*IK*399620050613*PI*43.84*43.84*0
REF*PO*0020050614
REF*ST*03996
REF*DP*043
DTM*999*20050613
RMR*IK*399620050614*PI*42.44*42.44*0
REF*PO*0020050615
REF*ST*03996
REF*DP*043
DTM*999*20050614
RMR*IK*399620050615*PI*44.94*44.94*0
REF*PO*0020050616
REF*ST*03996
REF*DP*043
DTM*999*20050615
RMR*IK*399620050706*PI*-6*-6*0
REF*PO*0020050707
REF*ST*03996
REF*DP*043
DTM*999*20050706
RMR*IK*403320050610*PI*7.89*7.89*0
REF*PO*0020050611
REF*ST*04033
REF*DP*043
DTM*999*20050610
RMR*IK*403320050611*PI*10.66*10.66*0
REF*PO*0020050612
REF*ST*04033
REF*DP*043
DTM*999*20050611
RMR*IK*403320050612*PI*14*14*0
REF*PO*0020050613
REF*ST*04033
REF*DP*043
DTM*999*20050612
RMR*IK*403320050615*PI*.75*.75*0
REF*PO*0020050616
REF*ST*04033
REF*DP*043
DTM*999*20050615
RMR*IK*407120050609*PI*100.87*100.87*0
REF*PO*0020050610
REF*ST*04071
REF*DP*043
DTM*999*20050609
RMR*IK*407120050610*PI*113.96*113.96*0
REF*PO*0020050611
REF*ST*04071
REF*DP*043
DTM*999*20050610
RMR*IK*407120050611*PI*157.75*157.75*0
REF*PO*0020050612
REF*ST*04071
REF*DP*043
DTM*999*20050611
RMR*IK*407120050612*PI*118.22*118.22*0
REF*PO*0020050613
REF*ST*04071
REF*DP*043
DTM*999*20050612
RMR*IK*407120050613*PI*114.11*114.11*0
REF*PO*0020050614
REF*ST*04071
REF*DP*043
DTM*999*20050613
RMR*IK*407120050614*PI*114.32*114.32*0
REF*PO*0020050615
REF*ST*04071
REF*DP*043
DTM*999*20050614
RMR*IK*407120050615*PI*83.88*83.88*0
REF*PO*0020050616
REF*ST*04071
REF*DP*043
DTM*999*20050615
RMR*IK*409320050609*PI*378.9*378.9*0
REF*PO*0020050610
REF*ST*04093
REF*DP*043
DTM*999*20050609
RMR*IK*409320050610*PI*396.8*396.8*0
REF*PO*0020050611
REF*ST*04093
REF*DP*043
DTM*999*20050610
RMR*IK*409320050611*PI*297.14*297.14*0
REF*PO*0020050612
REF*ST*04093
REF*DP*043
DTM*999*20050611
RMR*IK*409320050612*PI*206.75*206.75*0
REF*PO*0020050613
REF*ST*04093
REF*DP*043
DTM*999*20050612
RMR*IK*409320050613*PI*305.32*305.32*0
REF*PO*0020050614
REF*ST*04093
REF*DP*043
DTM*999*20050613
RMR*IK*409320050614*PI*218.59*218.59*0
REF*PO*0020050615
REF*ST*04093
REF*DP*043
DTM*999*20050614
RMR*IK*409320050615*PI*338.64*338.64*0
REF*PO*0020050616
REF*ST*04093
REF*DP*043
DTM*999*20050615
RMR*IK*410320050609*PI*318.89*318.89*0
REF*PO*0020050610
REF*ST*04103
REF*DP*043
DTM*999*20050609
RMR*IK*410320050610*PI*462.61*462.61*0
REF*PO*0020050611
REF*ST*04103
REF*DP*043
DTM*999*20050610
RMR*IK*410320050611*PI*472.7*472.7*0
REF*PO*0020050612
REF*ST*04103
REF*DP*043
DTM*999*20050611
RMR*IK*410320050612*PI*315.14*315.14*0
REF*PO*0020050613
REF*ST*04103
REF*DP*043
DTM*999*20050612
RMR*IK*410320050613*PI*281.39*281.39*0
REF*PO*0020050614
REF*ST*04103
REF*DP*043
DTM*999*20050613
RMR*IK*410320050614*PI*231.11*231.11*0
REF*PO*0020050615
REF*ST*04103
REF*DP*043
DTM*999*20050614
RMR*IK*410320050615*PI*268.81*268.81*0
REF*PO*0020050616
REF*ST*04103
REF*DP*043
DTM*999*20050615
RMR*IK*421320050609*PI*120.27*120.27*0
REF*PO*0020050610
REF*ST*04213
REF*DP*043
DTM*999*20050609
RMR*IK*421320050610*PI*106.49*106.49*0
REF*PO*0020050611
REF*ST*04213
REF*DP*043
DTM*999*20050610
RMR*IK*421320050611*PI*53.83*53.83*0
REF*PO*0020050612
REF*ST*04213
REF*DP*043
DTM*999*20050611
RMR*IK*421320050612*PI*86.61*86.61*0
REF*PO*0020050613
REF*ST*04213
REF*DP*043
DTM*999*20050612
RMR*IK*421320050613*PI*65.62*65.62*0
REF*PO*0020050614
REF*ST*04213
REF*DP*043
DTM*999*20050613
RMR*IK*421320050614*PI*71.94*71.94*0
REF*PO*0020050615
REF*ST*04213
REF*DP*043
DTM*999*20050614
RMR*IK*421320050615*PI*54.88*54.88*0
REF*PO*0020050616
REF*ST*04213
REF*DP*043
DTM*999*20050615
RMR*IK*424420050609*PI*278.81*278.81*0
REF*PO*0020050610
REF*ST*04244
REF*DP*043
DTM*999*20050609
RMR*IK*424420050610*PI*420.54*420.54*0
REF*PO*0020050611
REF*ST*04244
REF*DP*043
DTM*999*20050610
RMR*IK*424420050611*PI*372.42*372.42*0
REF*PO*0020050612
REF*ST*04244
REF*DP*043
DTM*999*20050611
RMR*IK*424420050612*PI*330.05*330.05*0
REF*PO*0020050613
REF*ST*04244
REF*DP*043
DTM*999*20050612
RMR*IK*424420050613*PI*433.25*433.25*0
REF*PO*0020050614
REF*ST*04244
REF*DP*043
DTM*999*20050613
RMR*IK*424420050614*PI*308.01*308.01*0
REF*PO*0020050615
REF*ST*04244
REF*DP*043
DTM*999*20050614
RMR*IK*424420050615*PI*199.59*199.59*0
REF*PO*0020050616
REF*ST*04244
REF*DP*043
DTM*999*20050615
RMR*IK*430820050609*PI*43.6*43.6*0
REF*PO*0020050610
REF*ST*04308
REF*DP*043
DTM*999*20050609
RMR*IK*430820050610*PI*39.2*39.2*0
REF*PO*0020050611
REF*ST*04308
REF*DP*043
DTM*999*20050610
RMR*IK*430820050611*PI*9.08*9.08*0
REF*PO*0020050612
REF*ST*04308
REF*DP*043
DTM*999*20050611
RMR*IK*430820050612*PI*16.51*16.51*0
REF*PO*0020050613
REF*ST*04308
REF*DP*043
DTM*999*20050612
RMR*IK*430820050613*PI*34.39*34.39*0
REF*PO*0020050614
REF*ST*04308
REF*DP*043
DTM*999*20050613
RMR*IK*430820050614*PI*28.53*28.53*0
REF*PO*0020050615
REF*ST*04308
REF*DP*043
DTM*999*20050614
RMR*IK*430820050615*PI*24.34*24.34*0
REF*PO*0020050616
REF*ST*04308
REF*DP*043
DTM*999*20050615
RMR*IK*431220050609*PI*31.56*31.56*0
REF*PO*0020050610
REF*ST*04312
REF*DP*043
DTM*999*20050609
RMR*IK*431220050610*PI*20.45*20.45*0
REF*PO*0020050611
REF*ST*04312
REF*DP*043
DTM*999*20050610
RMR*IK*431220050611*PI*54.69*54.69*0
REF*PO*0020050612
REF*ST*04312
REF*DP*043
DTM*999*20050611
RMR*IK*431220050612*PI*10.23*10.23*0
REF*PO*0020050613
REF*ST*04312
REF*DP*043
DTM*999*20050612
RMR*IK*431220050613*PI*12.02*12.02*0
REF*PO*0020050614
REF*ST*04312
REF*DP*043
DTM*999*20050613
RMR*IK*431220050614*PI*34.74*34.74*0
REF*PO*0020050615
REF*ST*04312
REF*DP*043
DTM*999*20050614
RMR*IK*431220050615*PI*8.26*8.26*0
REF*PO*0020050616
REF*ST*04312
REF*DP*043
DTM*999*20050615
RMR*IK*447520050609*PI*17.7*17.7*0
REF*PO*0020050610
REF*ST*04475
REF*DP*043
DTM*999*20050609
RMR*IK*447520050610*PI*31.01*31.01*0
REF*PO*0020050611
REF*ST*04475
REF*DP*043
DTM*999*20050610
RMR*IK*447520050611*PI*56.25*56.25*0
REF*PO*0020050612
REF*ST*04475
REF*DP*043
DTM*999*20050611
RMR*IK*447520050612*PI*23.63*23.63*0
REF*PO*0020050613
REF*ST*04475
REF*DP*043
DTM*999*20050612
RMR*IK*447520050613*PI*60.53*60.53*0
REF*PO*0020050614
REF*ST*04475
REF*DP*043
DTM*999*20050613
RMR*IK*447520050614*PI*42.9*42.9*0
REF*PO*0020050615
REF*ST*04475
REF*DP*043
DTM*999*20050614
RMR*IK*447520050615*PI*37.5*37.5*0
REF*PO*0020050616
REF*ST*04475
REF*DP*043
DTM*999*20050615
RMR*IK*471720050609*PI*212.93*212.93*0
REF*PO*0020050610
REF*ST*04717
REF*DP*043
DTM*999*20050609
RMR*IK*471720050610*PI*229.59*229.59*0
REF*PO*0020050611
REF*ST*04717
REF*DP*043
DTM*999*20050610
RMR*IK*471720050611*PI*494.76*494.76*0
REF*PO*0020050612
REF*ST*04717
REF*DP*043
DTM*999*20050611
RMR*IK*471720050612*PI*256.7*256.7*0
REF*PO*0020050613
REF*ST*04717
REF*DP*043
DTM*999*20050612
RMR*IK*471720050613*PI*220.69*220.69*0
REF*PO*0020050614
REF*ST*04717
REF*DP*043
DTM*999*20050613
RMR*IK*471720050614*PI*132.09*132.09*0
REF*PO*0020050615
REF*ST*04717
REF*DP*043
DTM*999*20050614
RMR*IK*471720050615*PI*69.91*69.91*0
REF*PO*0020050616
REF*ST*04717
REF*DP*043
DTM*999*20050615
RMR*IK*471920050609*PI*3.38*3.38*0
REF*PO*0020050610
REF*ST*04719
REF*DP*043
DTM*999*20050609
RMR*IK*471920050610*PI*4.75*4.75*0
REF*PO*0020050611
REF*ST*04719
REF*DP*043
DTM*999*20050610
RMR*IK*471920050611*PI*.58*.58*0
REF*PO*0020050612
REF*ST*04719
REF*DP*043
DTM*999*20050611
RMR*IK*471920050612*PI*47.9*47.9*0
REF*PO*0020050613
REF*ST*04719
REF*DP*043
DTM*999*20050612
RMR*IK*471920050613*PI*56.2*56.2*0
REF*PO*0020050614
REF*ST*04719
REF*DP*043
DTM*999*20050613
RMR*IK*471920050614*PI*70*70*0
REF*PO*0020050615
REF*ST*04719
REF*DP*043
DTM*999*20050614
RMR*IK*471920050615*PI*63.5*63.5*0
REF*PO*0020050616
REF*ST*04719
REF*DP*043
DTM*999*20050615
RMR*IK*471920050704*PI*-18*-18*0
REF*PO*0020050705
REF*ST*04719
REF*DP*043
DTM*999*20050704
RMR*IK*471920050705*PI*-15*-15*0
REF*PO*0020050706
REF*ST*04719
REF*DP*043
DTM*999*20050705
RMR*IK*473920050609*PI*49.24*49.24*0
REF*PO*0020050610
REF*ST*04739
REF*DP*043
DTM*999*20050609
RMR*IK*473920050610*PI*42.52*42.52*0
REF*PO*0020050611
REF*ST*04739
REF*DP*043
DTM*999*20050610
RMR*IK*473920050611*PI*108.53*108.53*0
REF*PO*0020050612
REF*ST*04739
REF*DP*043
DTM*999*20050611
RMR*IK*473920050612*PI*12.76*12.76*0
REF*PO*0020050613
REF*ST*04739
REF*DP*043
DTM*999*20050612
RMR*IK*473920050613*PI*42.54*42.54*0
REF*PO*0020050614
REF*ST*04739
REF*DP*043
DTM*999*20050613
RMR*IK*473920050614*PI*23.67*23.67*0
REF*PO*0020050615
REF*ST*04739
REF*DP*043
DTM*999*20050614
RMR*IK*473920050615*PI*50.99*50.99*0
REF*PO*0020050616
REF*ST*04739
REF*DP*043
DTM*999*20050615
RMR*IK*475320050609*PI*91.68*91.68*0
REF*PO*0020050610
REF*ST*04753
REF*DP*043
DTM*999*20050609
RMR*IK*475320050610*PI*97.26*97.26*0
REF*PO*0020050611
REF*ST*04753
REF*DP*043
DTM*999*20050610
RMR*IK*475320050611*PI*83.12*83.12*0
REF*PO*0020050612
REF*ST*04753
REF*DP*043
DTM*999*20050611
RMR*IK*475320050612*PI*39.88*39.88*0
REF*PO*0020050613
REF*ST*04753
REF*DP*043
DTM*999*20050612
RMR*IK*475320050613*PI*33.18*33.18*0
REF*PO*0020050614
REF*ST*04753
REF*DP*043
DTM*999*20050613
RMR*IK*475320050614*PI*69.7*69.7*0
REF*PO*0020050615
REF*ST*04753
REF*DP*043
DTM*999*20050614
RMR*IK*475320050615*PI*54.6*54.6*0
REF*PO*0020050616
REF*ST*04753
REF*DP*043
DTM*999*20050615
RMR*IK*476020050609*PI*79.43*79.43*0
REF*PO*0020050610
REF*ST*04760
REF*DP*043
DTM*999*20050609
RMR*IK*476020050610*PI*51.41*51.41*0
REF*PO*0020050611
REF*ST*04760
REF*DP*043
DTM*999*20050610
RMR*IK*476020050611*PI*15.93*15.93*0
REF*PO*0020050612
REF*ST*04760
REF*DP*043
DTM*999*20050611
RMR*IK*476020050612*PI*76.02*76.02*0
REF*PO*0020050613
REF*ST*04760
REF*DP*043
DTM*999*20050612
RMR*IK*476020050613*PI*47.13*47.13*0
REF*PO*0020050614
REF*ST*04760
REF*DP*043
DTM*999*20050613
RMR*IK*476020050614*PI*93.65*93.65*0
REF*PO*0020050615
REF*ST*04760
REF*DP*043
DTM*999*20050614
RMR*IK*476020050615*PI*17.77*17.77*0
REF*PO*0020050616
REF*ST*04760
REF*DP*043
DTM*999*20050615
RMR*IK*476920050609*PI*46.96*46.96*0
REF*PO*0020050610
REF*ST*04769
REF*DP*043
DTM*999*20050609
RMR*IK*476920050610*PI*26.56*26.56*0
REF*PO*0020050611
REF*ST*04769
REF*DP*043
DTM*999*20050610
RMR*IK*476920050611*PI*28.79*28.79*0
REF*PO*0020050612
REF*ST*04769
REF*DP*043
DTM*999*20050611
RMR*IK*476920050612*PI*15.54*15.54*0
REF*PO*0020050613
REF*ST*04769
REF*DP*043
DTM*999*20050612
RMR*IK*476920050613*PI*37.44*37.44*0
REF*PO*0020050614
REF*ST*04769
REF*DP*043
DTM*999*20050613
RMR*IK*476920050614*PI*14.62*14.62*0
REF*PO*0020050615
REF*ST*04769
REF*DP*043
DTM*999*20050614
RMR*IK*476920050615*PI*28.52*28.52*0
REF*PO*0020050616
REF*ST*04769
REF*DP*043
DTM*999*20050615
RMR*IK*481720050609*PI*4.64*4.64*0
REF*PO*0020050610
REF*ST*04817
REF*DP*043
DTM*999*20050609
RMR*IK*481720050610*PI*22.8*22.8*0
REF*PO*0020050611
REF*ST*04817
REF*DP*043
DTM*999*20050610
RMR*IK*481720050612*PI*.75*.75*0
REF*PO*0020050613
REF*ST*04817
REF*DP*043
DTM*999*20050612
RMR*IK*481720050613*PI*24.69*24.69*0
REF*PO*0020050614
REF*ST*04817
REF*DP*043
DTM*999*20050613
RMR*IK*481720050614*PI*2.75*2.75*0
REF*PO*0020050615
REF*ST*04817
REF*DP*043
DTM*999*20050614
RMR*IK*481720050615*PI*16.56*16.56*0
REF*PO*0020050616
REF*ST*04817
REF*DP*043
DTM*999*20050615
RMR*IK*483520050609*PI*3.76*3.76*0
REF*PO*0020050610
REF*ST*04835
REF*DP*043
DTM*999*20050609
RMR*IK*483520050610*PI*18.9*18.9*0
REF*PO*0020050611
REF*ST*04835
REF*DP*043
DTM*999*20050610
RMR*IK*483520050611*PI*27.69*27.69*0
REF*PO*0020050612
REF*ST*04835
REF*DP*043
DTM*999*20050611
RMR*IK*483520050612*PI*8.25*8.25*0
REF*PO*0020050613
REF*ST*04835
REF*DP*043
DTM*999*20050612
RMR*IK*483520050613*PI*24.13*24.13*0
REF*PO*0020050614
REF*ST*04835
REF*DP*043
DTM*999*20050613
RMR*IK*483520050614*PI*17*17*0
REF*PO*0020050615
REF*ST*04835
REF*DP*043
DTM*999*20050614
RMR*IK*483520050615*PI*46.8*46.8*0
REF*PO*0020050616
REF*ST*04835
REF*DP*043
DTM*999*20050615
RMR*IK*488320050609*PI*73.27*73.27*0
REF*PO*0020050610
REF*ST*04883
REF*DP*043
DTM*999*20050609
RMR*IK*488320050610*PI*89.53*89.53*0
REF*PO*0020050611
REF*ST*04883
REF*DP*043
DTM*999*20050610
RMR*IK*488320050611*PI*131.47*131.47*0
REF*PO*0020050612
REF*ST*04883
REF*DP*043
DTM*999*20050611
RMR*IK*488320050612*PI*70.42*70.42*0
REF*PO*0020050613
REF*ST*04883
REF*DP*043
DTM*999*20050612
RMR*IK*488320050613*PI*114.07*114.07*0
REF*PO*0020050614
REF*ST*04883
REF*DP*043
DTM*999*20050613
RMR*IK*488320050614*PI*83.41*83.41*0
REF*PO*0020050615
REF*ST*04883
REF*DP*043
DTM*999*20050614
RMR*IK*488320050615*PI*105.7*105.7*0
REF*PO*0020050616
REF*ST*04883
REF*DP*043
DTM*999*20050615
RMR*IK*488320050705*PI*-2.28*-2.28*0
REF*PO*0020050706
REF*ST*04883
REF*DP*043
DTM*999*20050705
RMR*IK*489820050609*PI*44.42*44.42*0
REF*PO*0020050610
REF*ST*04898
REF*DP*043
DTM*999*20050609
RMR*IK*489820050610*PI*.75*.75*0
REF*PO*0020050612
REF*ST*04898
REF*DP*043
DTM*999*20050610
RMR*IK*489820050610*PI*92.48*92.48*0
REF*PO*0020050611
REF*ST*04898
REF*DP*043
DTM*999*20050610
RMR*IK*489820050611*PI*104.93*104.93*0
REF*PO*0020050612
REF*ST*04898
REF*DP*043
DTM*999*20050611
RMR*IK*489820050612*PI*69.91*69.91*0
REF*PO*0020050613
REF*ST*04898
REF*DP*043
DTM*999*20050612
RMR*IK*489820050613*PI*17.83*17.83*0
REF*PO*0020050614
REF*ST*04898
REF*DP*043
DTM*999*20050613
RMR*IK*489820050614*PI*10.5*10.5*0
REF*PO*0020050615
REF*ST*04898
REF*DP*043
DTM*999*20050614
RMR*IK*489820050615*PI*15*15*0
REF*PO*0020050616
REF*ST*04898
REF*DP*043
DTM*999*20050615
RMR*IK*496820050609*PI*31*31*0
REF*PO*0020050610
REF*ST*04968
REF*DP*043
DTM*999*20050609
RMR*IK*496820050610*PI*11.75*11.75*0
REF*PO*0020050611
REF*ST*04968
REF*DP*043
DTM*999*20050610
RMR*IK*496820050611*PI*57*57*0
REF*PO*0020050612
REF*ST*04968
REF*DP*043
DTM*999*20050611
RMR*IK*496820050612*PI*31*31*0
REF*PO*0020050613
REF*ST*04968
REF*DP*043
DTM*999*20050612
RMR*IK*496820050613*PI*43.27*43.27*0
REF*PO*0020050614
REF*ST*04968
REF*DP*043
DTM*999*20050613
RMR*IK*496820050614*PI*35.75*35.75*0
REF*PO*0020050615
REF*ST*04968
REF*DP*043
DTM*999*20050614
RMR*IK*496820050615*PI*9.75*9.75*0
REF*PO*0020050616
REF*ST*04968
REF*DP*043
DTM*999*20050615
RMR*IK*496920050609*PI*21.75*21.75*0
REF*PO*0020050610
REF*ST*04969
REF*DP*043
DTM*999*20050609
RMR*IK*496920050610*PI*4.5*4.5*0
REF*PO*0020050611
REF*ST*04969
REF*DP*043
DTM*999*20050610
RMR*IK*496920050611*PI*27*27*0
REF*PO*0020050612
REF*ST*04969
REF*DP*043
DTM*999*20050611
RMR*IK*496920050612*PI*3*3*0
REF*PO*0020050613
REF*ST*04969
REF*DP*043
DTM*999*20050612
RMR*IK*496920050613*PI*12*12*0
REF*PO*0020050614
REF*ST*04969
REF*DP*043
DTM*999*20050613
RMR*IK*496920050614*PI*21.75*21.75*0
REF*PO*0020050615
REF*ST*04969
REF*DP*043
DTM*999*20050614
RMR*IK*496920050615*PI*8.25*8.25*0
REF*PO*0020050616
REF*ST*04969
REF*DP*043
DTM*999*20050615
RMR*IK*497020050609*PI*42*42*0
REF*PO*0020050610
REF*ST*04970
REF*DP*043
DTM*999*20050609
RMR*IK*497020050610*PI*95.39*95.39*0
REF*PO*0020050611
REF*ST*04970
REF*DP*043
DTM*999*20050610
RMR*IK*497020050611*PI*88.88*88.88*0
REF*PO*0020050612
REF*ST*04970
REF*DP*043
DTM*999*20050611
RMR*IK*497020050612*PI*49*49*0
REF*PO*0020050613
REF*ST*04970
REF*DP*043
DTM*999*20050612
RMR*IK*497020050613*PI*54.5*54.5*0
REF*PO*0020050614
REF*ST*04970
REF*DP*043
DTM*999*20050613
RMR*IK*497020050614*PI*18.5*18.5*0
REF*PO*0020050615
REF*ST*04970
REF*DP*043
DTM*999*20050614
RMR*IK*497020050615*PI*26.05*26.05*0
REF*PO*0020050616
REF*ST*04970
REF*DP*043
DTM*999*20050615
RMR*IK*704520050609*PI*9.59*9.59*0
REF*PO*0020050610
REF*ST*07045
REF*DP*043
DTM*999*20050609
RMR*IK*704520050610*PI*1.71*1.71*0
REF*PO*0020050611
REF*ST*07045
REF*DP*043
DTM*999*20050610
RMR*IK*704520050611*PI*14.98*14.98*0
REF*PO*0020050612
REF*ST*07045
REF*DP*043
DTM*999*20050611
RMR*IK*704520050612*PI*4*4*0
REF*PO*0020050613
REF*ST*07045
REF*DP*043
DTM*999*20050612
RMR*IK*704520050613*PI*4.14*4.14*0
REF*PO*0020050614
REF*ST*07045
REF*DP*043
DTM*999*20050613
RMR*IK*704520050614*PI*5.25*5.25*0
REF*PO*0020050615
REF*ST*07045
REF*DP*043
DTM*999*20050614
RMR*IK*704520050615*PI*7.43*7.43*0
REF*PO*0020050616
REF*ST*07045
REF*DP*043
DTM*999*20050615
RMR*IK*705920050609*PI*27.06*27.06*0
REF*PO*0020050610
REF*ST*07059
REF*DP*043
DTM*999*20050609
RMR*IK*705920050610*PI*64.65*64.65*0
REF*PO*0020050611
REF*ST*07059
REF*DP*043
DTM*999*20050610
RMR*IK*705920050611*PI*9.79*9.79*0
REF*PO*0020050612
REF*ST*07059
REF*DP*043
DTM*999*20050611
RMR*IK*705920050612*PI*4.25*4.25*0
REF*PO*0020050613
REF*ST*07059
REF*DP*043
DTM*999*20050612
RMR*IK*705920050613*PI*16.14*16.14*0
REF*PO*0020050614
REF*ST*07059
REF*DP*043
DTM*999*20050613
RMR*IK*705920050614*PI*39*39*0
REF*PO*0020050615
REF*ST*07059
REF*DP*043
DTM*999*20050614
RMR*IK*705920050615*PI*22.38*22.38*0
REF*PO*0020050616
REF*ST*07059
REF*DP*043
DTM*999*20050615
RMR*IK*706420050609*PI*33.08*33.08*0
REF*PO*0020050610
REF*ST*07064
REF*DP*043
DTM*999*20050609
RMR*IK*706420050610*PI*.38*.38*0
REF*PO*0020050611
REF*ST*07064
REF*DP*043
DTM*999*20050610
RMR*IK*706420050611*PI*4.88*4.88*0
REF*PO*0020050612
REF*ST*07064
REF*DP*043
DTM*999*20050611
RMR*IK*706420050612*PI*7.68*7.68*0
REF*PO*0020050613
REF*ST*07064
REF*DP*043
DTM*999*20050612
RMR*IK*706420050613*PI*13.58*13.58*0
REF*PO*0020050614
REF*ST*07064
REF*DP*043
DTM*999*20050613
RMR*IK*706420050614*PI*13.65*13.65*0
REF*PO*0020050615
REF*ST*07064
REF*DP*043
DTM*999*20050614
RMR*IK*706420050615*PI*1.88*1.88*0
REF*PO*0020050616
REF*ST*07064
REF*DP*043
DTM*999*20050615
RMR*IK*706620050609*PI*79.54*79.54*0
REF*PO*0020050610
REF*ST*07066
REF*DP*043
DTM*999*20050609
RMR*IK*706620050610*PI*93.79*93.79*0
REF*PO*0020050611
REF*ST*07066
REF*DP*043
DTM*999*20050610
RMR*IK*706620050611*PI*66.82*66.82*0
REF*PO*0020050612
REF*ST*07066
REF*DP*043
DTM*999*20050611
RMR*IK*706620050612*PI*36.56*36.56*0
REF*PO*0020050613
REF*ST*07066
REF*DP*043
DTM*999*20050612
RMR*IK*706620050613*PI*82.97*82.97*0
REF*PO*0020050614
REF*ST*07066
REF*DP*043
DTM*999*20050613
RMR*IK*706620050614*PI*73.09*73.09*0
REF*PO*0020050615
REF*ST*07066
REF*DP*043
DTM*999*20050614
RMR*IK*706620050615*PI*153.42*153.42*0
REF*PO*0020050616
REF*ST*07066
REF*DP*043
DTM*999*20050615
RMR*IK*706920050609*PI*242.17*242.17*0
REF*PO*0020050610
REF*ST*07069
REF*DP*043
DTM*999*20050609
RMR*IK*706920050610*PI*238.01*238.01*0
REF*PO*0020050611
REF*ST*07069
REF*DP*043
DTM*999*20050610
RMR*IK*706920050611*PI*280.59*280.59*0
REF*PO*0020050612
REF*ST*07069
REF*DP*043
DTM*999*20050611
RMR*IK*706920050612*PI*152.24*152.24*0
REF*PO*0020050613
REF*ST*07069
REF*DP*043
DTM*999*20050612
RMR*IK*706920050613*PI*191.55*191.55*0
REF*PO*0020050614
REF*ST*07069
REF*DP*043
DTM*999*20050613
RMR*IK*706920050614*PI*96.44*96.44*0
REF*PO*0020050615
REF*ST*07069
REF*DP*043
DTM*999*20050614
RMR*IK*706920050615*PI*99.53*99.53*0
REF*PO*0020050616
REF*ST*07069
REF*DP*043
DTM*999*20050615
RMR*IK*707620050609*PI*165.55*165.55*0
REF*PO*0020050610
REF*ST*07076
REF*DP*043
DTM*999*20050609
RMR*IK*707620050610*PI*215.11*215.11*0
REF*PO*0020050611
REF*ST*07076
REF*DP*043
DTM*999*20050610
RMR*IK*707620050611*PI*156.71*156.71*0
REF*PO*0020050612
REF*ST*07076
REF*DP*043
DTM*999*20050611
RMR*IK*707620050612*PI*124.69*124.69*0
REF*PO*0020050613
REF*ST*07076
REF*DP*043
DTM*999*20050612
RMR*IK*707620050613*PI*193.23*193.23*0
REF*PO*0020050614
REF*ST*07076
REF*DP*043
DTM*999*20050613
RMR*IK*707620050614*PI*134.21*134.21*0
REF*PO*0020050615
REF*ST*07076
REF*DP*043
DTM*999*20050614
RMR*IK*707620050615*PI*210.55*210.55*0
REF*PO*0020050616
REF*ST*07076
REF*DP*043
DTM*999*20050615
RMR*IK*713220050609*PI*113.82*113.82*0
REF*PO*0020050610
REF*ST*07132
REF*DP*043
DTM*999*20050609
RMR*IK*713220050610*PI*172.13*172.13*0
REF*PO*0020050611
REF*ST*07132
REF*DP*043
DTM*999*20050610
RMR*IK*713220050611*PI*346.88*346.88*0
REF*PO*0020050612
REF*ST*07132
REF*DP*043
DTM*999*20050611
RMR*IK*713220050612*PI*105.63*105.63*0
REF*PO*0020050613
REF*ST*07132
REF*DP*043
DTM*999*20050612
RMR*IK*713220050613*PI*237.46*237.46*0
REF*PO*0020050614
REF*ST*07132
REF*DP*043
DTM*999*20050613
RMR*IK*713220050614*PI*165.36*165.36*0
REF*PO*0020050615
REF*ST*07132
REF*DP*043
DTM*999*20050614
RMR*IK*713220050615*PI*140.18*140.18*0
REF*PO*0020050616
REF*ST*07132
REF*DP*043
DTM*999*20050615
RMR*IK*714620050609*PI*115.61*115.61*0
REF*PO*0020050610
REF*ST*07146
REF*DP*043
DTM*999*20050609
RMR*IK*714620050610*PI*81.96*81.96*0
REF*PO*0020050611
REF*ST*07146
REF*DP*043
DTM*999*20050610
RMR*IK*714620050611*PI*175.75*175.75*0
REF*PO*0020050612
REF*ST*07146
REF*DP*043
DTM*999*20050611
RMR*IK*714620050612*PI*196.35*196.35*0
REF*PO*0020050613
REF*ST*07146
REF*DP*043
DTM*999*20050612
RMR*IK*714620050613*PI*137.26*137.26*0
REF*PO*0020050614
REF*ST*07146
REF*DP*043
DTM*999*20050613
RMR*IK*714620050614*PI*182.26*182.26*0
REF*PO*0020050615
REF*ST*07146
REF*DP*043
DTM*999*20050614
RMR*IK*714620050615*PI*73.91*73.91*0
REF*PO*0020050616
REF*ST*07146
REF*DP*043
DTM*999*20050615
RMR*IK*715420050609*PI*61.1*61.1*0
REF*PO*0020050610
REF*ST*07154
REF*DP*043
DTM*999*20050609
RMR*IK*715420050610*PI*26.26*26.26*0
REF*PO*0020050611
REF*ST*07154
REF*DP*043
DTM*999*20050610
RMR*IK*715420050611*PI*55*55*0
REF*PO*0020050612
REF*ST*07154
REF*DP*043
DTM*999*20050611
RMR*IK*715420050612*PI*33*33*0
REF*PO*0020050613
REF*ST*07154
REF*DP*043
DTM*999*20050612
RMR*IK*715420050613*PI*17.25*17.25*0
REF*PO*0020050614
REF*ST*07154
REF*DP*043
DTM*999*20050613
RMR*IK*715420050614*PI*9.75*9.75*0
REF*PO*0020050615
REF*ST*07154
REF*DP*043
DTM*999*20050614
RMR*IK*715420050615*PI*18*18*0
REF*PO*0020050616
REF*ST*07154
REF*DP*043
DTM*999*20050615
RMR*IK*718420050609*PI*192.13*192.13*0
REF*PO*0020050610
REF*ST*07184
REF*DP*043
DTM*999*20050609
RMR*IK*718420050610*PI*399.81*399.81*0
REF*PO*0020050611
REF*ST*07184
REF*DP*043
DTM*999*20050610
RMR*IK*718420050611*PI*414.43*414.43*0
REF*PO*0020050612
REF*ST*07184
REF*DP*043
DTM*999*20050611
RMR*IK*718420050612*PI*360.53*360.53*0
REF*PO*0020050613
REF*ST*07184
REF*DP*043
DTM*999*20050612
RMR*IK*718420050613*PI*309.01*309.01*0
REF*PO*0020050614
REF*ST*07184
REF*DP*043
DTM*999*20050613
RMR*IK*718420050614*PI*236.87*236.87*0
REF*PO*0020050615
REF*ST*07184
REF*DP*043
DTM*999*20050614
RMR*IK*718420050615*PI*252.63*252.63*0
REF*PO*0020050616
REF*ST*07184
REF*DP*043
DTM*999*20050615
RMR*IK*725520050609*PI*523.1*523.1*0
REF*PO*0020050610
REF*ST*07255
REF*DP*043
DTM*999*20050609
RMR*IK*725520050610*PI*388.24*388.24*0
REF*PO*0020050611
REF*ST*07255
REF*DP*043
DTM*999*20050610
RMR*IK*725520050611*PI*329.19*329.19*0
REF*PO*0020050612
REF*ST*07255
REF*DP*043
DTM*999*20050611
RMR*IK*725520050612*PI*374.64*374.64*0
REF*PO*0020050613
REF*ST*07255
REF*DP*043
DTM*999*20050612
RMR*IK*725520050613*PI*276.26*276.26*0
REF*PO*0020050614
REF*ST*07255
REF*DP*043
DTM*999*20050613
RMR*IK*725520050614*PI*159.18*159.18*0
REF*PO*0020050615
REF*ST*07255
REF*DP*043
DTM*999*20050614
RMR*IK*725520050615*PI*216.92*216.92*0
REF*PO*0020050616
REF*ST*07255
REF*DP*043
DTM*999*20050615
RMR*IK*735820050609*PI*129.56*129.56*0
REF*PO*0020050610
REF*ST*07358
REF*DP*043
DTM*999*20050609
RMR*IK*735820050610*PI*293.13*293.13*0
REF*PO*0020050611
REF*ST*07358
REF*DP*043
DTM*999*20050610
RMR*IK*735820050611*PI*199.58*199.58*0
REF*PO*0020050612
REF*ST*07358
REF*DP*043
DTM*999*20050611
RMR*IK*735820050612*PI*103.8*103.8*0
REF*PO*0020050613
REF*ST*07358
REF*DP*043
DTM*999*20050612
RMR*IK*735820050613*PI*168.45*168.45*0
REF*PO*0020050614
REF*ST*07358
REF*DP*043
DTM*999*20050613
RMR*IK*735820050614*PI*185.43*185.43*0
REF*PO*0020050615
REF*ST*07358
REF*DP*043
DTM*999*20050614
RMR*IK*735820050615*PI*224.66*224.66*0
REF*PO*0020050616
REF*ST*07358
REF*DP*043
DTM*999*20050615
RMR*IK*736220050609*PI*41.77*41.77*0
REF*PO*0020050610
REF*ST*07362
REF*DP*043
DTM*999*20050609
RMR*IK*736220050610*PI*38.85*38.85*0
REF*PO*0020050611
REF*ST*07362
REF*DP*043
DTM*999*20050610
RMR*IK*736220050611*PI*28.04*28.04*0
REF*PO*0020050612
REF*ST*07362
REF*DP*043
DTM*999*20050611
RMR*IK*736220050612*PI*35.22*35.22*0
REF*PO*0020050613
REF*ST*07362
REF*DP*043
DTM*999*20050612
RMR*IK*736220050613*PI*37.81*37.81*0
REF*PO*0020050614
REF*ST*07362
REF*DP*043
DTM*999*20050613
RMR*IK*736220050614*PI*28.22*28.22*0
REF*PO*0020050615
REF*ST*07362
REF*DP*043
DTM*999*20050614
RMR*IK*736220050615*PI*18.43*18.43*0
REF*PO*0020050616
REF*ST*07362
REF*DP*043
DTM*999*20050615
RMR*IK*743720050609*PI*16.91*16.91*0
REF*PO*0020050610
REF*ST*07437
REF*DP*043
DTM*999*20050609
RMR*IK*743720050610*PI*18.2*18.2*0
REF*PO*0020050611
REF*ST*07437
REF*DP*043
DTM*999*20050610
RMR*IK*743720050611*PI*32.73*32.73*0
REF*PO*0020050612
REF*ST*07437
REF*DP*043
DTM*999*20050611
RMR*IK*743720050612*PI*.76*.76*0
REF*PO*0020050613
REF*ST*07437
REF*DP*043
DTM*999*20050612
RMR*IK*743720050613*PI*25.16*25.16*0
REF*PO*0020050614
REF*ST*07437
REF*DP*043
DTM*999*20050613
RMR*IK*743720050614*PI*.96*.96*0
REF*PO*0020050615
REF*ST*07437
REF*DP*043
DTM*999*20050614
RMR*IK*743720050615*PI*4.95*4.95*0
REF*PO*0020050616
REF*ST*07437
REF*DP*043
DTM*999*20050615
RMR*IK*745520050615*PI*2*2*0
REF*PO*0020050616
REF*ST*07455
REF*DP*043
DTM*999*20050615
RMR*IK*746020050609*PI*100.05*100.05*0
REF*PO*0020050610
REF*ST*07460
REF*DP*043
DTM*999*20050609
RMR*IK*746020050610*PI*140.47*140.47*0
REF*PO*0020050611
REF*ST*07460
REF*DP*043
DTM*999*20050610
RMR*IK*746020050611*PI*133.54*133.54*0
REF*PO*0020050612
REF*ST*07460
REF*DP*043
DTM*999*20050611
RMR*IK*746020050612*PI*45.03*45.03*0
REF*PO*0020050613
REF*ST*07460
REF*DP*043
DTM*999*20050612
RMR*IK*746020050613*PI*32.9*32.9*0
REF*PO*0020050614
REF*ST*07460
REF*DP*043
DTM*999*20050613
RMR*IK*746020050614*PI*40.32*40.32*0
REF*PO*0020050615
REF*ST*07460
REF*DP*043
DTM*999*20050614
RMR*IK*746020050615*PI*20.93*20.93*0
REF*PO*0020050616
REF*ST*07460
REF*DP*043
DTM*999*20050615
RMR*IK*746120050609*PI*34.88*34.88*0
REF*PO*0020050610
REF*ST*07461
REF*DP*043
DTM*999*20050609
RMR*IK*746120050610*PI*32.88*32.88*0
REF*PO*0020050611
REF*ST*07461
REF*DP*043
DTM*999*20050610
RMR*IK*746120050611*PI*50.34*50.34*0
REF*PO*0020050612
REF*ST*07461
REF*DP*043
DTM*999*20050611
RMR*IK*746120050612*PI*25.28*25.28*0
REF*PO*0020050613
REF*ST*07461
REF*DP*043
DTM*999*20050612
RMR*IK*746120050613*PI*20.44*20.44*0
REF*PO*0020050614
REF*ST*07461
REF*DP*043
DTM*999*20050613
RMR*IK*746120050614*PI*37.86*37.86*0
REF*PO*0020050615
REF*ST*07461
REF*DP*043
DTM*999*20050614
RMR*IK*746120050615*PI*25.42*25.42*0
REF*PO*0020050616
REF*ST*07461
REF*DP*043
DTM*999*20050615
RMR*IK*760720050609*PI*131.13*131.13*0
REF*PO*0020050610
REF*ST*07607
REF*DP*043
DTM*999*20050609
RMR*IK*760720050610*PI*101.81*101.81*0
REF*PO*0020050611
REF*ST*07607
REF*DP*043
DTM*999*20050610
RMR*IK*760720050611*PI*124.83*124.83*0
REF*PO*0020050612
REF*ST*07607
REF*DP*043
DTM*999*20050611
RMR*IK*760720050612*PI*19.17*19.17*0
REF*PO*0020050613
REF*ST*07607
REF*DP*043
DTM*999*20050612
RMR*IK*760720050613*PI*108.46*108.46*0
REF*PO*0020050614
REF*ST*07607
REF*DP*043
DTM*999*20050613
RMR*IK*760720050614*PI*126.67*126.67*0
REF*PO*0020050615
REF*ST*07607
REF*DP*043
DTM*999*20050614
RMR*IK*760720050615*PI*104.87*104.87*0
REF*PO*0020050616
REF*ST*07607
REF*DP*043
DTM*999*20050615
RMR*IK*761020050609*PI*18.25*18.25*0
REF*PO*0020050610
REF*ST*07610
REF*DP*043
DTM*999*20050609
RMR*IK*761020050610*PI*24.14*24.14*0
REF*PO*0020050611
REF*ST*07610
REF*DP*043
DTM*999*20050610
RMR*IK*761020050611*PI*26.71*26.71*0
REF*PO*0020050612
REF*ST*07610
REF*DP*043
DTM*999*20050611
RMR*IK*761020050612*PI*4.88*4.88*0
REF*PO*0020050613
REF*ST*07610
REF*DP*043
DTM*999*20050612
RMR*IK*761020050613*PI*12.25*12.25*0
REF*PO*0020050614
REF*ST*07610
REF*DP*043
DTM*999*20050613
RMR*IK*761020050614*PI*5.63*5.63*0
REF*PO*0020050615
REF*ST*07610
REF*DP*043
DTM*999*20050614
RMR*IK*761020050615*PI*1.5*1.5*0
REF*PO*0020050616
REF*ST*07610
REF*DP*043
DTM*999*20050615
RMR*IK*762920050609*PI*43.51*43.51*0
REF*PO*0020050610
REF*ST*07629
REF*DP*043
DTM*999*20050609
RMR*IK*762920050610*PI*60.93*60.93*0
REF*PO*0020050611
REF*ST*07629
REF*DP*043
DTM*999*20050610
RMR*IK*762920050611*PI*35.3*35.3*0
REF*PO*0020050612
REF*ST*07629
REF*DP*043
DTM*999*20050611
RMR*IK*762920050612*PI*10.76*10.76*0
REF*PO*0020050613
REF*ST*07629
REF*DP*043
DTM*999*20050612
RMR*IK*762920050613*PI*57.47*57.47*0
REF*PO*0020050614
REF*ST*07629
REF*DP*043
DTM*999*20050613
RMR*IK*762920050614*PI*13.75*13.75*0
REF*PO*0020050615
REF*ST*07629
REF*DP*043
DTM*999*20050614
RMR*IK*762920050615*PI*17.45*17.45*0
REF*PO*0020050616
REF*ST*07629
REF*DP*043
DTM*999*20050615
RMR*IK*763720050609*PI*61.21*61.21*0
REF*PO*0020050610
REF*ST*07637
REF*DP*043
DTM*999*20050609
RMR*IK*763720050610*PI*95.94*95.94*0
REF*PO*0020050611
REF*ST*07637
REF*DP*043
DTM*999*20050610
RMR*IK*763720050611*PI*113.18*113.18*0
REF*PO*0020050612
REF*ST*07637
REF*DP*043
DTM*999*20050611
RMR*IK*763720050612*PI*64.1*64.1*0
REF*PO*0020050613
REF*ST*07637
REF*DP*043
DTM*999*20050612
RMR*IK*763720050613*PI*79*79*0
REF*PO*0020050614
REF*ST*07637
REF*DP*043
DTM*999*20050613
RMR*IK*763720050614*PI*65.85*65.85*0
REF*PO*0020050615
REF*ST*07637
REF*DP*043
DTM*999*20050614
RMR*IK*763720050615*PI*23.75*23.75*0
REF*PO*0020050616
REF*ST*07637
REF*DP*043
DTM*999*20050615
RMR*IK*771820050609*PI*297.88*297.88*0
REF*PO*0020050610
REF*ST*07718
REF*DP*043
DTM*999*20050609
RMR*IK*771820050610*PI*295.17*295.17*0
REF*PO*0020050611
REF*ST*07718
REF*DP*043
DTM*999*20050610
RMR*IK*771820050611*PI*246.33*246.33*0
REF*PO*0020050612
REF*ST*07718
REF*DP*043
DTM*999*20050611
RMR*IK*771820050612*PI*165.28*165.28*0
REF*PO*0020050613
REF*ST*07718
REF*DP*043
DTM*999*20050612
RMR*IK*771820050613*PI*174.68*174.68*0
REF*PO*0020050614
REF*ST*07718
REF*DP*043
DTM*999*20050613
RMR*IK*771820050614*PI*124.27*124.27*0
REF*PO*0020050615
REF*ST*07718
REF*DP*043
DTM*999*20050614
RMR*IK*771820050615*PI*119.63*119.63*0
REF*PO*0020050616
REF*ST*07718
REF*DP*043
DTM*999*20050615
RMR*IK*771920050609*PI*96*96*0
REF*PO*0020050610
REF*ST*07719
REF*DP*043
DTM*999*20050609
RMR*IK*771920050610*PI*63.4*63.4*0
REF*PO*0020050611
REF*ST*07719
REF*DP*043
DTM*999*20050610
RMR*IK*771920050611*PI*9.51*9.51*0
REF*PO*0020050612
REF*ST*07719
REF*DP*043
DTM*999*20050611
RMR*IK*771920050612*PI*9.76*9.76*0
REF*PO*0020050613
REF*ST*07719
REF*DP*043
DTM*999*20050612
RMR*IK*771920050613*PI*23.39*23.39*0
REF*PO*0020050614
REF*ST*07719
REF*DP*043
DTM*999*20050613
RMR*IK*771920050614*PI*13.57*13.57*0
REF*PO*0020050615
REF*ST*07719
REF*DP*043
DTM*999*20050614
RMR*IK*771920050615*PI*15.09*15.09*0
REF*PO*0020050616
REF*ST*07719
REF*DP*043
DTM*999*20050615
RMR*IK*915420050613*PI*.76*.76*0
REF*PO*0020050614
REF*ST*09154
REF*DP*043
DTM*999*20050613
RMR*IK*956020050609*PI*65.17*65.17*0
REF*PO*0020050610
REF*ST*09560
REF*DP*043
DTM*999*20050609
RMR*IK*956020050610*PI*109.12*109.12*0
REF*PO*0020050611
REF*ST*09560
REF*DP*043
DTM*999*20050610
RMR*IK*956020050611*PI*131.11*131.11*0
REF*PO*0020050612
REF*ST*09560
REF*DP*043
DTM*999*20050611
RMR*IK*956020050612*PI*104.11*104.11*0
REF*PO*0020050613
REF*ST*09560
REF*DP*043
DTM*999*20050612
RMR*IK*956020050613*PI*120.72*120.72*0
REF*PO*0020050614
REF*ST*09560
REF*DP*043
DTM*999*20050613
RMR*IK*956020050614*PI*53.39*53.39*0
REF*PO*0020050615
REF*ST*09560
REF*DP*043
DTM*999*20050614
RMR*IK*956020050615*PI*61.96*61.96*0
REF*PO*0020050616
REF*ST*09560
REF*DP*043
DTM*999*20050615
RMR*IK*957120050609*PI*60.22*60.22*0
REF*PO*0020050610
REF*ST*09571
REF*DP*043
DTM*999*20050609
RMR*IK*957120050610*PI*16.51*16.51*0
REF*PO*0020050611
REF*ST*09571
REF*DP*043
DTM*999*20050610
RMR*IK*957120050611*PI*3*3*0
REF*PO*0020050612
REF*ST*09571
REF*DP*043
DTM*999*20050611
RMR*IK*957120050612*PI*10.88*10.88*0
REF*PO*0020050613
REF*ST*09571
REF*DP*043
DTM*999*20050612
RMR*IK*957120050613*PI*12.75*12.75*0
REF*PO*0020050614
REF*ST*09571
REF*DP*043
DTM*999*20050613
RMR*IK*957120050614*PI*7.14*7.14*0
REF*PO*0020050615
REF*ST*09571
REF*DP*043
DTM*999*20050614
RMR*IK*957120050615*PI*1.5*1.5*0
REF*PO*0020050616
REF*ST*09571
REF*DP*043
DTM*999*20050615
RMR*IK*962020050609*PI*29.73*29.73*0
REF*PO*0020050610
REF*ST*09620
REF*DP*043
DTM*999*20050609
RMR*IK*962020050610*PI*30.55*30.55*0
REF*PO*0020050611
REF*ST*09620
REF*DP*043
DTM*999*20050610
RMR*IK*962020050611*PI*23.95*23.95*0
REF*PO*0020050612
REF*ST*09620
REF*DP*043
DTM*999*20050611
RMR*IK*962020050612*PI*30.56*30.56*0
REF*PO*0020050613
REF*ST*09620
REF*DP*043
DTM*999*20050612
RMR*IK*962020050613*PI*32.48*32.48*0
REF*PO*0020050614
REF*ST*09620
REF*DP*043
DTM*999*20050613
RMR*IK*962020050614*PI*87.26*87.26*0
REF*PO*0020050615
REF*ST*09620
REF*DP*043
DTM*999*20050614
RMR*IK*962020050615*PI*53.64*53.64*0
REF*PO*0020050616
REF*ST*09620
REF*DP*043
DTM*999*20050615
RMR*IK*962120050609*PI*106.17*106.17*0
REF*PO*0020050610
REF*ST*09621
REF*DP*043
DTM*999*20050609
RMR*IK*962120050610*PI*282.56*282.56*0
REF*PO*0020050611
REF*ST*09621
REF*DP*043
DTM*999*20050610
RMR*IK*962120050611*PI*290.05*290.05*0
REF*PO*0020050612
REF*ST*09621
REF*DP*043
DTM*999*20050611
RMR*IK*962120050612*PI*105.18*105.18*0
REF*PO*0020050613
REF*ST*09621
REF*DP*043
DTM*999*20050612
RMR*IK*962120050613*PI*257.23*257.23*0
REF*PO*0020050614
REF*ST*09621
REF*DP*043
DTM*999*20050613
RMR*IK*962120050614*PI*179.24*179.24*0
REF*PO*0020050615
REF*ST*09621
REF*DP*043
DTM*999*20050614
RMR*IK*962120050615*PI*230.09*230.09*0
REF*PO*0020050616
REF*ST*09621
REF*DP*043
DTM*999*20050615
RMR*IK*962220050610*PI*.76*.76*0
REF*PO*0020050611
REF*ST*09622
REF*DP*043
DTM*999*20050610
RMR*IK*962220050611*PI*.38*.38*0
REF*PO*0020050612
REF*ST*09622
REF*DP*043
DTM*999*20050611
RMR*IK*962220050612*PI*.76*.76*0
REF*PO*0020050613
REF*ST*09622
REF*DP*043
DTM*999*20050612
RMR*IK*962220050613*PI*6.42*6.42*0
REF*PO*0020050614
REF*ST*09622
REF*DP*043
DTM*999*20050613
RMR*IK*962220050614*PI*.38*.38*0
REF*PO*0020050615
REF*ST*09622
REF*DP*043
DTM*999*20050614
RMR*IK*962220050615*PI*6.14*6.14*0
REF*PO*0020050616
REF*ST*09622
REF*DP*043
DTM*999*20050615
RMR*IK*962520050609*PI*26.5*26.5*0
REF*PO*0020050610
REF*ST*09625
REF*DP*043
DTM*999*20050609
RMR*IK*962520050610*PI*32.63*32.63*0
REF*PO*0020050611
REF*ST*09625
REF*DP*043
DTM*999*20050610
RMR*IK*962520050611*PI*55.12*55.12*0
REF*PO*0020050612
REF*ST*09625
REF*DP*043
DTM*999*20050611
RMR*IK*962520050612*PI*34.97*34.97*0
REF*PO*0020050613
REF*ST*09625
REF*DP*043
DTM*999*20050612
RMR*IK*962520050613*PI*45.99*45.99*0
REF*PO*0020050614
REF*ST*09625
REF*DP*043
DTM*999*20050613
RMR*IK*962520050614*PI*18.8*18.8*0
REF*PO*0020050615
REF*ST*09625
REF*DP*043
DTM*999*20050614
RMR*IK*962520050615*PI*29.48*29.48*0
REF*PO*0020050616
REF*ST*09625
REF*DP*043
DTM*999*20050615
RMR*IK*962920050609*PI*126.66*126.66*0
REF*PO*0020050610
REF*ST*09629
REF*DP*043
DTM*999*20050609
RMR*IK*962920050610*PI*61.52*61.52*0
REF*PO*0020050611
REF*ST*09629
REF*DP*043
DTM*999*20050610
RMR*IK*962920050611*PI*37.64*37.64*0
REF*PO*0020050612
REF*ST*09629
REF*DP*043
DTM*999*20050611
RMR*IK*962920050612*PI*33.14*33.14*0
REF*PO*0020050613
REF*ST*09629
REF*DP*043
DTM*999*20050612
RMR*IK*962920050613*PI*49.53*49.53*0
REF*PO*0020050614
REF*ST*09629
REF*DP*043
DTM*999*20050613
RMR*IK*962920050614*PI*72.88*72.88*0
REF*PO*0020050615
REF*ST*09629
REF*DP*043
DTM*999*20050614
RMR*IK*962920050615*PI*88*88*0
REF*PO*0020050616
REF*ST*09629
REF*DP*043
DTM*999*20050615
RMR*IK*963320050609*PI*145.46*145.46*0
REF*PO*0020050610
REF*ST*09633
REF*DP*043
DTM*999*20050609
RMR*IK*963320050610*PI*303.28*303.28*0
REF*PO*0020050611
REF*ST*09633
REF*DP*043
DTM*999*20050610
RMR*IK*963320050611*PI*414.09*414.09*0
REF*PO*0020050612
REF*ST*09633
REF*DP*043
DTM*999*20050611
RMR*IK*963320050612*PI*107.11*107.11*0
REF*PO*0020050613
REF*ST*09633
REF*DP*043
DTM*999*20050612
RMR*IK*963320050613*PI*226.94*226.94*0
REF*PO*0020050614
REF*ST*09633
REF*DP*043
DTM*999*20050613
RMR*IK*963320050614*PI*217.73*217.73*0
REF*PO*0020050615
REF*ST*09633
REF*DP*043
DTM*999*20050614
RMR*IK*963320050615*PI*197.52*197.52*0
REF*PO*0020050616
REF*ST*09633
REF*DP*043
DTM*999*20050615
RMR*IK*963920050609*PI*10.25*10.25*0
REF*PO*0020050610
REF*ST*09639
REF*DP*043
DTM*999*20050609
RMR*IK*963920050610*PI*43.85*43.85*0
REF*PO*0020050611
REF*ST*09639
REF*DP*043
DTM*999*20050610
RMR*IK*963920050611*PI*25.16*25.16*0
REF*PO*0020050612
REF*ST*09639
REF*DP*043
DTM*999*20050611
RMR*IK*963920050612*PI*29.2*29.2*0
REF*PO*0020050613
REF*ST*09639
REF*DP*043
DTM*999*20050612
RMR*IK*963920050613*PI*13.08*13.08*0
REF*PO*0020050614
REF*ST*09639
REF*DP*043
DTM*999*20050613
RMR*IK*963920050614*PI*9.78*9.78*0
REF*PO*0020050615
REF*ST*09639
REF*DP*043
DTM*999*20050614
RMR*IK*963920050615*PI*7.13*7.13*0
REF*PO*0020050616
REF*ST*09639
REF*DP*043
DTM*999*20050615
RMR*IK*964820050609*PI*235.15*235.15*0
REF*PO*0020050610
REF*ST*09648
REF*DP*043
DTM*999*20050609
RMR*IK*964820050610*PI*295.95*295.95*0
REF*PO*0020050611
REF*ST*09648
REF*DP*043
DTM*999*20050610
RMR*IK*964820050611*PI*173.43*173.43*0
REF*PO*0020050612
REF*ST*09648
REF*DP*043
DTM*999*20050611
RMR*IK*964820050612*PI*102.65*102.65*0
REF*PO*0020050613
REF*ST*09648
REF*DP*043
DTM*999*20050612
RMR*IK*964820050613*PI*217.36*217.36*0
REF*PO*0020050614
REF*ST*09648
REF*DP*043
DTM*999*20050613
RMR*IK*964820050614*PI*148.4*148.4*0
REF*PO*0020050615
REF*ST*09648
REF*DP*043
DTM*999*20050614
RMR*IK*964820050615*PI*164.04*164.04*0
REF*PO*0020050616
REF*ST*09648
REF*DP*043
DTM*999*20050615
RMR*IK*967420050609*PI*74.6*74.6*0
REF*PO*0020050610
REF*ST*09674
REF*DP*043
DTM*999*20050609
RMR*IK*967420050610*PI*75.85*75.85*0
REF*PO*0020050611
REF*ST*09674
REF*DP*043
DTM*999*20050610
RMR*IK*967420050611*PI*101.37*101.37*0
REF*PO*0020050612
REF*ST*09674
REF*DP*043
DTM*999*20050611
RMR*IK*967420050612*PI*67.02*67.02*0
REF*PO*0020050613
REF*ST*09674
REF*DP*043
DTM*999*20050612
RMR*IK*967420050613*PI*76.53*76.53*0
REF*PO*0020050614
REF*ST*09674
REF*DP*043
DTM*999*20050613
RMR*IK*967420050614*PI*141.04*141.04*0
REF*PO*0020050615
REF*ST*09674
REF*DP*043
DTM*999*20050614
RMR*IK*967420050615*PI*183.24*183.24*0
REF*PO*0020050616
REF*ST*09674
REF*DP*043
DTM*999*20050615
RMR*IK*972820050609*PI*107.8*107.8*0
REF*PO*0020050610
REF*ST*09728
REF*DP*043
DTM*999*20050609
RMR*IK*972820050610*PI*144.54*144.54*0
REF*PO*0020050611
REF*ST*09728
REF*DP*043
DTM*999*20050610
RMR*IK*972820050611*PI*104.16*104.16*0
REF*PO*0020050612
REF*ST*09728
REF*DP*043
DTM*999*20050611
RMR*IK*972820050612*PI*76.5*76.5*0
REF*PO*0020050613
REF*ST*09728
REF*DP*043
DTM*999*20050612
RMR*IK*972820050613*PI*115.57*115.57*0
REF*PO*0020050614
REF*ST*09728
REF*DP*043
DTM*999*20050613
RMR*IK*972820050614*PI*109.95*109.95*0
REF*PO*0020050615
REF*ST*09728
REF*DP*043
DTM*999*20050614
RMR*IK*972820050615*PI*2.4*2.4*0
REF*PO*0020050617
REF*ST*09728
REF*DP*043
DTM*999*20050615
RMR*IK*972820050615*PI*149.44*149.44*0
REF*PO*0020050616
REF*ST*09728
REF*DP*043
DTM*999*20050615
RMR*IK*973520050609*PI*80.18*80.18*0
REF*PO*0020050610
REF*ST*09735
REF*DP*043
DTM*999*20050609
RMR*IK*973520050610*PI*112.35*112.35*0
REF*PO*0020050611
REF*ST*09735
REF*DP*043
DTM*999*20050610
RMR*IK*973520050611*PI*235.58*235.58*0
REF*PO*0020050612
REF*ST*09735
REF*DP*043
DTM*999*20050611
RMR*IK*973520050612*PI*65.82*65.82*0
REF*PO*0020050613
REF*ST*09735
REF*DP*043
DTM*999*20050612
RMR*IK*973520050613*PI*144.66*144.66*0
REF*PO*0020050614
REF*ST*09735
REF*DP*043
DTM*999*20050613
RMR*IK*973520050614*PI*226.06*226.06*0
REF*PO*0020050615
REF*ST*09735
REF*DP*043
DTM*999*20050614
RMR*IK*973520050615*PI*28.37*28.37*0
REF*PO*0020050616
REF*ST*09735
REF*DP*043
DTM*999*20050615
RMR*IK*975820050609*PI*67.55*67.55*0
REF*PO*0020050610
REF*ST*09758
REF*DP*043
DTM*999*20050609
RMR*IK*975820050610*PI*83.66*83.66*0
REF*PO*0020050611
REF*ST*09758
REF*DP*043
DTM*999*20050610
RMR*IK*975820050611*PI*80.07*80.07*0
REF*PO*0020050612
REF*ST*09758
REF*DP*043
DTM*999*20050611
RMR*IK*975820050612*PI*84.72*84.72*0
REF*PO*0020050613
REF*ST*09758
REF*DP*043
DTM*999*20050612
RMR*IK*975820050613*PI*69.32*69.32*0
REF*PO*0020050614
REF*ST*09758
REF*DP*043
DTM*999*20050613
RMR*IK*975820050614*PI*58.89*58.89*0
REF*PO*0020050615
REF*ST*09758
REF*DP*043
DTM*999*20050614
RMR*IK*975820050615*PI*25.64*25.64*0
REF*PO*0020050616
REF*ST*09758
REF*DP*043
DTM*999*20050615
RMR*IK*981820050609*PI*17.92*17.92*0
REF*PO*0020050610
REF*ST*09818
REF*DP*043
DTM*999*20050609
RMR*IK*981820050610*PI*14.75*14.75*0
REF*PO*0020050611
REF*ST*09818
REF*DP*043
DTM*999*20050610
RMR*IK*981820050611*PI*9.17*9.17*0
REF*PO*0020050612
REF*ST*09818
REF*DP*043
DTM*999*20050611
RMR*IK*981820050612*PI*10.71*10.71*0
REF*PO*0020050613
REF*ST*09818
REF*DP*043
DTM*999*20050612
RMR*IK*981820050613*PI*10.14*10.14*0
REF*PO*0020050614
REF*ST*09818
REF*DP*043
DTM*999*20050613
RMR*IK*981820050614*PI*34*34*0
REF*PO*0020050615
REF*ST*09818
REF*DP*043
DTM*999*20050614
RMR*IK*981820050615*PI*9*9*0
REF*PO*0020050616
REF*ST*09818
REF*DP*043
DTM*999*20050615
SE*3054*000000001
GE*1*100198
IEA*1*000100289
ISA*00*          *00*          *09*006985290AC    *12*6154525825     *050712*0420*U*00400*000000780*0*P*>
GS*PD*006985290AC*6154525825*20050712*04201951*157*X*004010
ST*852*000000001
XQ*H*20050712
N9*AD*T00000040
LIN**CB*970657110*ZZ*43*UP*831664000842*****DG*1*VS*00000
ZA*QS***006*20050711
CTP**UCP*3
SDQ*EA*ZZ*4898*2
CTT*1
SE*9*000000001
ST*852*000000002
XQ*H*20050712
N9*AD*T00000040
LIN**CB*970956116*ZZ*43*UP*831664000019*****DG*1*VS*00000
ZA*QS***006*20050711
CTP**UCP*.38
SDQ*EA*ZZ*3703*9*4244*37*7132*37*7184*1*7255*5*7358*18*9674*7
LIN**CB*970956116*ZZ*43*UP*831664000019*****DG*3*VS*00000
ZA*QS***006*20050711
CTP**UCP*.38
SDQ*EA*ZZ*7637*6
CTT*2
SE*13*000000002
ST*852*000000003
XQ*H*20050712
N9*AD*T00000040
LIN**CB*970957114*ZZ*43*UP*831664000255*****DG*1*VS*00000
ZA*QS***006*20050711
CTP**UCP*.58
SDQ*EA*ZZ*7045*4*7358*6*9674*7
CTT*1
SE*9*000000003
ST*852*000000004
XQ*H*20050712
N9*AD*T00000040
LIN**CB*970959110*ZZ*43*UP*831664000675*****DG*1*VS*00000
ZA*QS***006*20050711
CTP**UCP*.75
SDQ*EA*ZZ*7607*2*9625*1
CTT*1
SE*9*000000004
ST*852*000000005
XQ*H*20050712
N9*AD*T00000040
LIN**CB*970960118*ZZ*43*UP*831664000682*****DG*1*VS*00000
ZA*QS***006*20050711
CTP**UCP*.75
SDQ*EA*ZZ*4244*15*4717*2*7069*1*9674*3
ZA*QS***006*20050711
CTP**UCP*1.25
SDQ*EA*ZZ*3941*1
CTT*1
SE*12*000000005
ST*852*000000006
XQ*H*20050712
N9*AD*T00000040
LIN**CB*970961116*ZZ*43*UP*831664000330*****DG*1*VS*00000
ZA*QS***006*20050711
CTP**UCP*.75
SDQ*EA*ZZ*3685*1*3929*2*3978*4*4071*2*4717*5*9674*1
CTT*1
SE*9*000000006
ST*852*000000007
XQ*H*20050712
N9*AD*T00000040
LIN**CB*970962114*ZZ*43*UP*831664000941*****DG*1*VS*00000
ZA*QS***006*20050711
CTP**UCP*1.25
SDQ*EA*ZZ*7255*2
CTT*1
SE*9*000000007
ST*852*000000008
XQ*H*20050712
N9*AD*T00000040
LIN**CB*970964110*ZZ*43*UP*831664000453*****DG*5*VS*00000
ZA*QS***006*20050711
CTP**UCP*3
SDQ*EA*ZZ*7461*2
CTT*1
SE*9*000000008
ST*852*000000009
XQ*H*20050712
N9*AD*T00000040
LIN**CB*970965117*ZZ*43*UP*831664000460*****DG*1*VS*00000
ZA*QS***006*20050711
CTP**UCP*3
SDQ*EA*ZZ*3978*1*4883*1*7184*1
CTT*1
SE*9*000000009
ST*852*000000010
XQ*H*20050712
N9*AD*T00000040
LIN**CB*970967113*ZZ*43*UP*831664000484*****DG*1*VS*00000
ZA*QS***006*20050711
CTP**UCP*4
SDQ*EA*ZZ*4719*1*9629*1
CTT*1
SE*9*000000010
ST*852*000000011
XQ*H*20050712
N9*AD*T00000040
LIN**CB*970970117*ZZ*43*UP*831664000859*****DG*1*VS*00000
ZA*QS***006*20050711
CTP**UCP*2.4
SDQ*EA*ZZ*3602*3*3715*1*3996*2*4719*11*7460*5
LIN**CB*970970117*ZZ*43*UP*831664000859*****DG*4*VS*00000
ZA*QS***006*20050711
CTP**UCP*2.4
SDQ*EA*ZZ*3822*1*7637*1
LIN**CB*970970117*ZZ*43*UP*831664000859*****DG*5*VS*00000
ZA*QS***006*20050711
CTP**UCP*2.4
SDQ*EA*ZZ*4739*7
CTT*3
SE*17*000000011
ST*852*000000012
XQ*H*20050712
N9*AD*T00000040
LIN**CB*970975116*ZZ*43*UP*831664000910*****DG*1*VS*00000
ZA*QS***006*20050711
CTP**UCP*4.5
SDQ*EA*ZZ*7132*3
CTT*1
SE*9*000000012
ST*852*000000013
XQ*H*20050712
N9*AD*T00000040
LIN**CB*970981114*ZZ*43*UP*831664000972*****DG*1*VS*00000
ZA*QS***006*20050711
CTP**UCP*.65
SDQ*EA*ZZ*7255*11
CTT*1
SE*9*000000013
ST*852*000000014
XQ*H*20050712
N9*AD*T00000040
LIN**CB*970984118*ZZ*43*UP*831664001009*****DG*1*VS*00000
ZA*QS***006*20050711
CTP**UCP*1.65
SDQ*EA*ZZ*7255*21
CTT*1
SE*9*000000014
ST*852*000000015
XQ*H*20050712
N9*AD*T00000040
LIN**CB*970988119*ZZ*43*UP*831664001047*****DG*1*VS*00000
ZA*QS***006*20050711
CTP**UCP*.5
SDQ*EA*ZZ*4093*11*7132*34*7358*20
CTT*1
SE*9*000000015
ST*852*000000016
XQ*H*20050712
N9*AD*T00000040
LIN**CB*974551111*ZZ*43*UP*831664001061*****DG*1*VS*00000
ZA*QS***006*20050711
CTP**UCP*2
SDQ*EA*ZZ*3715*4*4244*1*7358*1
CTT*1
SE*9*000000016
GE*16*157
IEA*1*000000780
*** SUPERTRACS READY FOR INPUT
