ISA*00*          *00*          *09*006985290EFT   *12*6154525825     *080118*2231*U*00400*001000104*0*P*>
GS*RA*006985290EFT*6154525825*20080118*2231*1000104*X*004010
ST*820*0001
BPR*I*9696.75*C*ACH*CCP*01*021000018*DA*0300955622*9008965873**01*064102601*DA*3000289*20080122*VEN
TRN*3*770267407*9008965873
DTM*097*20080118
N1*PR*KMART CORPORATION*1*008965873
N1*PE*YOUNGS FARMS*92*00069099588
N1*SE*YOUNGS FARMS*92*00069099588
ENT*1
RMR*IK*302220071220*PI*38.1*38.1*0
REF*PO*0020071221
REF*ST*03022
REF*DP*043
DTM*999*20071220
RMR*IK*302220071221*PI*31.75*31.75*0
REF*PO*0020071222
REF*ST*03022
REF*DP*043
DTM*999*20071221
RMR*IK*302220071222*PI*43.1*43.1*0
REF*PO*0020071223
REF*ST*03022
REF*DP*043
DTM*999*20071222
RMR*IK*302220071223*PI*17.45*17.45*0
REF*PO*0020071224
REF*ST*03022
REF*DP*043
DTM*999*20071223
RMR*IK*302220071224*PI*21.5*21.5*0
REF*PO*0020071225
REF*ST*03022
REF*DP*043
DTM*999*20071224
RMR*IK*302220071226*PI*3.1*3.1*0
REF*PO*0020071227
REF*ST*03022
REF*DP*043
DTM*999*20071226
RMR*IK*308220071220*PI*4.65*4.65*0
REF*PO*0020071221
REF*ST*03082
REF*DP*043
DTM*999*20071220
RMR*IK*308220071221*PI*21.3*21.3*0
REF*PO*0020071222
REF*ST*03082
REF*DP*043
DTM*999*20071221
RMR*IK*308220071222*PI*12.3*12.3*0
REF*PO*0020071223
REF*ST*03082
REF*DP*043
DTM*999*20071222
RMR*IK*308220071223*PI*15*15*0
REF*PO*0020071224
REF*ST*03082
REF*DP*043
DTM*999*20071223
RMR*IK*308320071220*PI*12.3*12.3*0
REF*PO*0020071221
REF*ST*03083
REF*DP*043
DTM*999*20071220
RMR*IK*308320071221*PI*31*31*0
REF*PO*0020071222
REF*ST*03083
REF*DP*043
DTM*999*20071221
RMR*IK*308320071222*PI*19.1*19.1*0
REF*PO*0020071223
REF*ST*03083
REF*DP*043
DTM*999*20071222
RMR*IK*308320071224*PI*1.55*1.55*0
REF*PO*0020071225
REF*ST*03083
REF*DP*043
DTM*999*20071224
RMR*IK*308420071220*PI*52.25*52.25*0
REF*PO*0020071221
REF*ST*03084
REF*DP*043
DTM*999*20071220
RMR*IK*308420071221*PI*129.7*129.7*0
REF*PO*0020071222
REF*ST*03084
REF*DP*043
DTM*999*20071221
RMR*IK*308420071222*PI*104.3*104.3*0
REF*PO*0020071223
REF*ST*03084
REF*DP*043
DTM*999*20071222
RMR*IK*308420071223*PI*54.9*54.9*0
REF*PO*0020071224
REF*ST*03084
REF*DP*043
DTM*999*20071223
RMR*IK*308420071224*PI*82.95*82.95*0
REF*PO*0020071225
REF*ST*03084
REF*DP*043
DTM*999*20071224
RMR*IK*308420071226*PI*7.2*7.2*0
REF*PO*0020071227
REF*ST*03084
REF*DP*043
DTM*999*20071226
RMR*IK*314320071221*PI*3.1*3.1*0
REF*PO*0020071222
REF*ST*03143
REF*DP*043
DTM*999*20071221
RMR*IK*319420071220*PI*15.5*15.5*0
REF*PO*0020071221
REF*ST*03194
REF*DP*043
DTM*999*20071220
RMR*IK*319420071221*PI*27.9*27.9*0
REF*PO*0020071222
REF*ST*03194
REF*DP*043
DTM*999*20071221
RMR*IK*319420071223*PI*5.15*5.15*0
REF*PO*0020071224
REF*ST*03194
REF*DP*043
DTM*999*20071223
RMR*IK*321920071220*PI*44.95*44.95*0
REF*PO*0020071221
REF*ST*03219
REF*DP*043
DTM*999*20071220
RMR*IK*321920071221*PI*32.55*32.55*0
REF*PO*0020071222
REF*ST*03219
REF*DP*043
DTM*999*20071221
RMR*IK*321920071222*PI*29.25*29.25*0
REF*PO*0020071223
REF*ST*03219
REF*DP*043
DTM*999*20071222
RMR*IK*321920071223*PI*9.3*9.3*0
REF*PO*0020071224
REF*ST*03219
REF*DP*043
DTM*999*20071223
RMR*IK*321920071224*PI*23.15*23.15*0
REF*PO*0020071225
REF*ST*03219
REF*DP*043
DTM*999*20071224
RMR*IK*321920071226*PI*1.55*1.55*0
REF*PO*0020071227
REF*ST*03219
REF*DP*043
DTM*999*20071226
RMR*IK*328920071220*PI*34.95*34.95*0
REF*PO*0020071221
REF*ST*03289
REF*DP*043
DTM*999*20071220
RMR*IK*328920071221*PI*12.4*12.4*0
REF*PO*0020071222
REF*ST*03289
REF*DP*043
DTM*999*20071221
RMR*IK*328920071222*PI*7.75*7.75*0
REF*PO*0020071223
REF*ST*03289
REF*DP*043
DTM*999*20071222
RMR*IK*334820071220*PI*23.25*23.25*0
REF*PO*0020071221
REF*ST*03348
REF*DP*043
DTM*999*20071220
RMR*IK*334820071221*PI*22.1*22.1*0
REF*PO*0020071222
REF*ST*03348
REF*DP*043
DTM*999*20071221
RMR*IK*334820071222*PI*24.7*24.7*0
REF*PO*0020071223
REF*ST*03348
REF*DP*043
DTM*999*20071222
RMR*IK*334820071223*PI*7.75*7.75*0
REF*PO*0020071224
REF*ST*03348
REF*DP*043
DTM*999*20071223
RMR*IK*334820071224*PI*4.65*4.65*0
REF*PO*0020071225
REF*ST*03348
REF*DP*043
DTM*999*20071224
RMR*IK*335520071220*PI*1.55*1.55*0
REF*PO*0020071221
REF*ST*03355
REF*DP*043
DTM*999*20071220
RMR*IK*335520071221*PI*1.55*1.55*0
REF*PO*0020071222
REF*ST*03355
REF*DP*043
DTM*999*20071221
RMR*IK*335520071222*PI*7.65*7.65*0
REF*PO*0020071223
REF*ST*03355
REF*DP*043
DTM*999*20071222
RMR*IK*335520071223*PI*3*3*0
REF*PO*0020071224
REF*ST*03355
REF*DP*043
DTM*999*20071223
RMR*IK*335520071224*PI*6.2*6.2*0
REF*PO*0020071225
REF*ST*03355
REF*DP*043
DTM*999*20071224
RMR*IK*335920071220*PI*13.85*13.85*0
REF*PO*0020071221
REF*ST*03359
REF*DP*043
DTM*999*20071220
RMR*IK*335920071221*PI*22.75*22.75*0
REF*PO*0020071222
REF*ST*03359
REF*DP*043
DTM*999*20071221
RMR*IK*335920071222*PI*6*6*0
REF*PO*0020071223
REF*ST*03359
REF*DP*043
DTM*999*20071222
RMR*IK*335920071223*PI*6*6*0
REF*PO*0020071224
REF*ST*03359
REF*DP*043
DTM*999*20071223
RMR*IK*340820071220*PI*48.15*48.15*0
REF*PO*0020071221
REF*ST*03408
REF*DP*043
DTM*999*20071220
RMR*IK*340820071221*PI*25.3*25.3*0
REF*PO*0020071222
REF*ST*03408
REF*DP*043
DTM*999*20071221
RMR*IK*340820071222*PI*63.55*63.55*0
REF*PO*0020071223
REF*ST*03408
REF*DP*043
DTM*999*20071222
RMR*IK*340820071223*PI*35.25*35.25*0
REF*PO*0020071224
REF*ST*03408
REF*DP*043
DTM*999*20071223
RMR*IK*340820071224*PI*32.95*32.95*0
REF*PO*0020071225
REF*ST*03408
REF*DP*043
DTM*999*20071224
RMR*IK*360220071220*PI*9.8*9.8*0
REF*PO*0020071221
REF*ST*03602
REF*DP*043
DTM*999*20071220
RMR*IK*360220071221*PI*15.1*15.1*0
REF*PO*0020071222
REF*ST*03602
REF*DP*043
DTM*999*20071221
RMR*IK*360220071222*PI*9.3*9.3*0
REF*PO*0020071223
REF*ST*03602
REF*DP*043
DTM*999*20071222
RMR*IK*360220071223*PI*6.2*6.2*0
REF*PO*0020071224
REF*ST*03602
REF*DP*043
DTM*999*20071223
RMR*IK*360220071224*PI*1.55*1.55*0
REF*PO*0020071225
REF*ST*03602
REF*DP*043
DTM*999*20071224
RMR*IK*364420071220*PI*70.3*70.3*0
REF*PO*0020071221
REF*ST*03644
REF*DP*043
DTM*999*20071220
RMR*IK*364420071221*PI*65.6*65.6*0
REF*PO*0020071222
REF*ST*03644
REF*DP*043
DTM*999*20071221
RMR*IK*364420071222*PI*49.05*49.05*0
REF*PO*0020071223
REF*ST*03644
REF*DP*043
DTM*999*20071222
RMR*IK*364420071223*PI*18.4*18.4*0
REF*PO*0020071224
REF*ST*03644
REF*DP*043
DTM*999*20071223
RMR*IK*364420071224*PI*25*25*0
REF*PO*0020071225
REF*ST*03644
REF*DP*043
DTM*999*20071224
RMR*IK*364620071220*PI*18.6*18.6*0
REF*PO*0020071221
REF*ST*03646
REF*DP*043
DTM*999*20071220
RMR*IK*364620071221*PI*155.7*155.7*0
REF*PO*0020071222
REF*ST*03646
REF*DP*043
DTM*999*20071221
RMR*IK*364620071222*PI*123.95*123.95*0
REF*PO*0020071223
REF*ST*03646
REF*DP*043
DTM*999*20071222
RMR*IK*364620071223*PI*29.45*29.45*0
REF*PO*0020071224
REF*ST*03646
REF*DP*043
DTM*999*20071223
RMR*IK*364620071224*PI*57.35*57.35*0
REF*PO*0020071225
REF*ST*03646
REF*DP*043
DTM*999*20071224
RMR*IK*366120071220*PI*12.1*12.1*0
REF*PO*0020071221
REF*ST*03661
REF*DP*043
DTM*999*20071220
RMR*IK*366120071221*PI*34.95*34.95*0
REF*PO*0020071222
REF*ST*03661
REF*DP*043
DTM*999*20071221
RMR*IK*366120071222*PI*9*9*0
REF*PO*0020071223
REF*ST*03661
REF*DP*043
DTM*999*20071222
RMR*IK*366120071223*PI*3.95*3.95*0
REF*PO*0020071224
REF*ST*03661
REF*DP*043
DTM*999*20071223
RMR*IK*366120071224*PI*4.55*4.55*0
REF*PO*0020071225
REF*ST*03661
REF*DP*043
DTM*999*20071224
RMR*IK*367520071220*PI*18.4*18.4*0
REF*PO*0020071221
REF*ST*03675
REF*DP*043
DTM*999*20071220
RMR*IK*367520071221*PI*16.85*16.85*0
REF*PO*0020071222
REF*ST*03675
REF*DP*043
DTM*999*20071221
RMR*IK*367520071222*PI*16.85*16.85*0
REF*PO*0020071223
REF*ST*03675
REF*DP*043
DTM*999*20071222
RMR*IK*367520071223*PI*18.1*18.1*0
REF*PO*0020071224
REF*ST*03675
REF*DP*043
DTM*999*20071223
RMR*IK*367520071224*PI*9.2*9.2*0
REF*PO*0020071225
REF*ST*03675
REF*DP*043
DTM*999*20071224
RMR*IK*368520071220*PI*12.1*12.1*0
REF*PO*0020071221
REF*ST*03685
REF*DP*043
DTM*999*20071220
RMR*IK*368520071221*PI*18.4*18.4*0
REF*PO*0020071222
REF*ST*03685
REF*DP*043
DTM*999*20071221
RMR*IK*368520071222*PI*3*3*0
REF*PO*0020071223
REF*ST*03685
REF*DP*043
DTM*999*20071222
RMR*IK*370120071220*PI*7.75*7.75*0
REF*PO*0020071221
REF*ST*03701
REF*DP*043
DTM*999*20071220
RMR*IK*370320071220*PI*123*123*0
REF*PO*0020071221
REF*ST*03703
REF*DP*043
DTM*999*20071220
RMR*IK*370320071221*PI*93.85*93.85*0
REF*PO*0020071222
REF*ST*03703
REF*DP*043
DTM*999*20071221
RMR*IK*370320071222*PI*62.4*62.4*0
REF*PO*0020071223
REF*ST*03703
REF*DP*043
DTM*999*20071222
RMR*IK*370320071223*PI*40.55*40.55*0
REF*PO*0020071224
REF*ST*03703
REF*DP*043
DTM*999*20071223
RMR*IK*370320071224*PI*25.75*25.75*0
REF*PO*0020071225
REF*ST*03703
REF*DP*043
DTM*999*20071224
RMR*IK*371520071220*PI*22.95*22.95*0
REF*PO*0020071221
REF*ST*03715
REF*DP*043
DTM*999*20071220
RMR*IK*371520071221*PI*4.55*4.55*0
REF*PO*0020071222
REF*ST*03715
REF*DP*043
DTM*999*20071221
RMR*IK*371520071222*PI*15.2*15.2*0
REF*PO*0020071223
REF*ST*03715
REF*DP*043
DTM*999*20071222
RMR*IK*377320071220*PI*20.25*20.25*0
REF*PO*0020071221
REF*ST*03773
REF*DP*043
DTM*999*20071220
RMR*IK*377320071221*PI*10.85*10.85*0
REF*PO*0020071222
REF*ST*03773
REF*DP*043
DTM*999*20071221
RMR*IK*377320071222*PI*26.65*26.65*0
REF*PO*0020071223
REF*ST*03773
REF*DP*043
DTM*999*20071222
RMR*IK*377320071223*PI*9.2*9.2*0
REF*PO*0020071224
REF*ST*03773
REF*DP*043
DTM*999*20071223
RMR*IK*377320071224*PI*11.85*11.85*0
REF*PO*0020071225
REF*ST*03773
REF*DP*043
DTM*999*20071224
RMR*IK*377320071226*PI*1.55*1.55*0
REF*PO*0020071227
REF*ST*03773
REF*DP*043
DTM*999*20071226
RMR*IK*382220071220*PI*24.5*24.5*0
REF*PO*0020071221
REF*ST*03822
REF*DP*043
DTM*999*20071220
RMR*IK*382220071221*PI*20.65*20.65*0
REF*PO*0020071222
REF*ST*03822
REF*DP*043
DTM*999*20071221
RMR*IK*382220071222*PI*12.4*12.4*0
REF*PO*0020071223
REF*ST*03822
REF*DP*043
DTM*999*20071222
RMR*IK*382220071223*PI*7.75*7.75*0
REF*PO*0020071224
REF*ST*03822
REF*DP*043
DTM*999*20071223
RMR*IK*383620071220*PI*20.05*20.05*0
REF*PO*0020071221
REF*ST*03836
REF*DP*043
DTM*999*20071220
RMR*IK*383620071221*PI*27.7*27.7*0
REF*PO*0020071222
REF*ST*03836
REF*DP*043
DTM*999*20071221
RMR*IK*383620071222*PI*12.3*12.3*0
REF*PO*0020071223
REF*ST*03836
REF*DP*043
DTM*999*20071222
RMR*IK*383620071223*PI*7.55*7.55*0
REF*PO*0020071224
REF*ST*03836
REF*DP*043
DTM*999*20071223
RMR*IK*383620071224*PI*12.2*12.2*0
REF*PO*0020071225
REF*ST*03836
REF*DP*043
DTM*999*20071224
RMR*IK*384820071220*PI*12.4*12.4*0
REF*PO*0020071221
REF*ST*03848
REF*DP*043
DTM*999*20071220
RMR*IK*384820071221*PI*7.75*7.75*0
REF*PO*0020071222
REF*ST*03848
REF*DP*043
DTM*999*20071221
RMR*IK*384820071222*PI*18.6*18.6*0
REF*PO*0020071223
REF*ST*03848
REF*DP*043
DTM*999*20071222
RMR*IK*384820071223*PI*6.2*6.2*0
REF*PO*0020071224
REF*ST*03848
REF*DP*043
DTM*999*20071223
RMR*IK*384820071224*PI*1.55*1.55*0
REF*PO*0020071225
REF*ST*03848
REF*DP*043
DTM*999*20071224
RMR*IK*387620071220*PI*39.15*39.15*0
REF*PO*0020071221
REF*ST*03876
REF*DP*043
DTM*999*20071220
RMR*IK*387620071221*PI*26.35*26.35*0
REF*PO*0020071222
REF*ST*03876
REF*DP*043
DTM*999*20071221
RMR*IK*387620071222*PI*24.8*24.8*0
REF*PO*0020071223
REF*ST*03876
REF*DP*043
DTM*999*20071222
RMR*IK*387620071223*PI*21.6*21.6*0
REF*PO*0020071224
REF*ST*03876
REF*DP*043
DTM*999*20071223
RMR*IK*387620071224*PI*9.3*9.3*0
REF*PO*0020071225
REF*ST*03876
REF*DP*043
DTM*999*20071224
RMR*IK*390520071220*PI*10.75*10.75*0
REF*PO*0020071221
REF*ST*03905
REF*DP*043
DTM*999*20071220
RMR*IK*390520071224*PI*6.2*6.2*0
REF*PO*0020071225
REF*ST*03905
REF*DP*043
DTM*999*20071224
RMR*IK*393120071220*PI*9.1*9.1*0
REF*PO*0020071221
REF*ST*03931
REF*DP*043
DTM*999*20071220
RMR*IK*393120071221*PI*19.85*19.85*0
REF*PO*0020071222
REF*ST*03931
REF*DP*043
DTM*999*20071221
RMR*IK*393120071222*PI*3*3*0
REF*PO*0020071223
REF*ST*03931
REF*DP*043
DTM*999*20071222
RMR*IK*393120071224*PI*12.1*12.1*0
REF*PO*0020071225
REF*ST*03931
REF*DP*043
DTM*999*20071224
RMR*IK*393920071220*PI*3.6*3.6*0
REF*PO*0020071221
REF*ST*03939
REF*DP*043
DTM*999*20071220
RMR*IK*393920071221*PI*12.2*12.2*0
REF*PO*0020071222
REF*ST*03939
REF*DP*043
DTM*999*20071221
RMR*IK*393920071222*PI*10.75*10.75*0
REF*PO*0020071223
REF*ST*03939
REF*DP*043
DTM*999*20071222
RMR*IK*393920071223*PI*3.1*3.1*0
REF*PO*0020071224
REF*ST*03939
REF*DP*043
DTM*999*20071223
RMR*IK*393920071224*PI*1.55*1.55*0
REF*PO*0020071225
REF*ST*03939
REF*DP*043
DTM*999*20071224
RMR*IK*394120071220*PI*20.1*20.1*0
REF*PO*0020071221
REF*ST*03941
REF*DP*043
DTM*999*20071220
RMR*IK*394120071221*PI*18.5*18.5*0
REF*PO*0020071222
REF*ST*03941
REF*DP*043
DTM*999*20071221
RMR*IK*394120071222*PI*18.3*18.3*0
REF*PO*0020071223
REF*ST*03941
REF*DP*043
DTM*999*20071222
RMR*IK*394120071223*PI*1.55*1.55*0
REF*PO*0020071224
REF*ST*03941
REF*DP*043
DTM*999*20071223
RMR*IK*394120071224*PI*29.45*29.45*0
REF*PO*0020071225
REF*ST*03941
REF*DP*043
DTM*999*20071224
RMR*IK*396620071220*PI*13.95*13.95*0
REF*PO*0020071221
REF*ST*03966
REF*DP*043
DTM*999*20071220
RMR*IK*396620071221*PI*27.2*27.2*0
REF*PO*0020071222
REF*ST*03966
REF*DP*043
DTM*999*20071221
RMR*IK*396620071222*PI*15.3*15.3*0
REF*PO*0020071223
REF*ST*03966
REF*DP*043
DTM*999*20071222
RMR*IK*396620071223*PI*7.75*7.75*0
REF*PO*0020071224
REF*ST*03966
REF*DP*043
DTM*999*20071223
RMR*IK*396620071224*PI*4.65*4.65*0
REF*PO*0020071225
REF*ST*03966
REF*DP*043
DTM*999*20071224
RMR*IK*397520071220*PI*32.35*32.35*0
REF*PO*0020071221
REF*ST*03975
REF*DP*043
DTM*999*20071220
RMR*IK*397520071221*PI*20.05*20.05*0
REF*PO*0020071222
REF*ST*03975
REF*DP*043
DTM*999*20071221
RMR*IK*397520071222*PI*21.2*21.2*0
REF*PO*0020071223
REF*ST*03975
REF*DP*043
DTM*999*20071222
RMR*IK*397520071223*PI*10.75*10.75*0
REF*PO*0020071224
REF*ST*03975
REF*DP*043
DTM*999*20071223
RMR*IK*399120071221*PI*1.55*1.55*0
REF*PO*0020071222
REF*ST*03991
REF*DP*043
DTM*999*20071221
RMR*IK*399120071222*PI*3.1*3.1*0
REF*PO*0020071223
REF*ST*03991
REF*DP*043
DTM*999*20071222
RMR*IK*399120071223*PI*6.2*6.2*0
REF*PO*0020071224
REF*ST*03991
REF*DP*043
DTM*999*20071223
RMR*IK*399420071220*PI*35.1*35.1*0
REF*PO*0020071221
REF*ST*03994
REF*DP*043
DTM*999*20071220
RMR*IK*399420071221*PI*3.1*3.1*0
REF*PO*0020071222
REF*ST*03994
REF*DP*043
DTM*999*20071221
RMR*IK*399420071222*PI*15.5*15.5*0
REF*PO*0020071223
REF*ST*03994
REF*DP*043
DTM*999*20071222
RMR*IK*399420071223*PI*12.4*12.4*0
REF*PO*0020071224
REF*ST*03994
REF*DP*043
DTM*999*20071223
RMR*IK*399420071224*PI*3.1*3.1*0
REF*PO*0020071225
REF*ST*03994
REF*DP*043
DTM*999*20071224
RMR*IK*399420071226*PI*1.55*1.55*0
REF*PO*0020071227
REF*ST*03994
REF*DP*043
DTM*999*20071226
RMR*IK*399620071220*PI*19.85*19.85*0
REF*PO*0020071221
REF*ST*03996
REF*DP*043
DTM*999*20071220
RMR*IK*399620071221*PI*22*22*0
REF*PO*0020071222
REF*ST*03996
REF*DP*043
DTM*999*20071221
RMR*IK*399620071222*PI*9.3*9.3*0
REF*PO*0020071223
REF*ST*03996
REF*DP*043
DTM*999*20071222
RMR*IK*399620071223*PI*4.65*4.65*0
REF*PO*0020071224
REF*ST*03996
REF*DP*043
DTM*999*20071223
RMR*IK*399620071224*PI*7.75*7.75*0
REF*PO*0020071225
REF*ST*03996
REF*DP*043
DTM*999*20071224
RMR*IK*399620071226*PI*3.1*3.1*0
REF*PO*0020071227
REF*ST*03996
REF*DP*043
DTM*999*20071226
RMR*IK*407120071224*PI*9.7*9.7*0
REF*PO*0020071225
REF*ST*04071
REF*DP*043
DTM*999*20071224
RMR*IK*409320071220*PI*44.7*44.7*0
REF*PO*0020071221
REF*ST*04093
REF*DP*043
DTM*999*20071220
RMR*IK*409320071221*PI*144.65*144.65*0
REF*PO*0020071222
REF*ST*04093
REF*DP*043
DTM*999*20071221
RMR*IK*409320071222*PI*254.5*254.5*0
REF*PO*0020071223
REF*ST*04093
REF*DP*043
DTM*999*20071222
RMR*IK*409320071223*PI*97.3*97.3*0
REF*PO*0020071224
REF*ST*04093
REF*DP*043
DTM*999*20071223
RMR*IK*409320071224*PI*107.4*107.4*0
REF*PO*0020071225
REF*ST*04093
REF*DP*043
DTM*999*20071224
RMR*IK*410320071221*PI*47.25*47.25*0
REF*PO*0020071222
REF*ST*04103
REF*DP*043
DTM*999*20071221
RMR*IK*410320071222*PI*55.3*55.3*0
REF*PO*0020071223
REF*ST*04103
REF*DP*043
DTM*999*20071222
RMR*IK*410320071223*PI*24.2*24.2*0
REF*PO*0020071224
REF*ST*04103
REF*DP*043
DTM*999*20071223
RMR*IK*410320071224*PI*27.15*27.15*0
REF*PO*0020071225
REF*ST*04103
REF*DP*043
DTM*999*20071224
RMR*IK*410320071226*PI*1.55*1.55*0
REF*PO*0020071227
REF*ST*04103
REF*DP*043
DTM*999*20071226
RMR*IK*418920071221*PI*3*3*0
REF*PO*0020071222
REF*ST*04189
REF*DP*043
DTM*999*20071221
RMR*IK*418920071222*PI*6.2*6.2*0
REF*PO*0020071223
REF*ST*04189
REF*DP*043
DTM*999*20071222
RMR*IK*418920071223*PI*3*3*0
REF*PO*0020071224
REF*ST*04189
REF*DP*043
DTM*999*20071223
RMR*IK*418920071226*PI*3.1*3.1*0
REF*PO*0020071227
REF*ST*04189
REF*DP*043
DTM*999*20071226
RMR*IK*419820071220*PI*37.6*37.6*0
REF*PO*0020071221
REF*ST*04198
REF*DP*043
DTM*999*20071220
RMR*IK*419820071221*PI*29.3*29.3*0
REF*PO*0020071222
REF*ST*04198
REF*DP*043
DTM*999*20071221
RMR*IK*419820071222*PI*15.3*15.3*0
REF*PO*0020071223
REF*ST*04198
REF*DP*043
DTM*999*20071222
RMR*IK*421320071220*PI*18.6*18.6*0
REF*PO*0020071221
REF*ST*04213
REF*DP*043
DTM*999*20071220
RMR*IK*421320071221*PI*9.3*9.3*0
REF*PO*0020071222
REF*ST*04213
REF*DP*043
DTM*999*20071221
RMR*IK*421320071222*PI*9.2*9.2*0
REF*PO*0020071223
REF*ST*04213
REF*DP*043
DTM*999*20071222
RMR*IK*424420071220*PI*90.4*90.4*0
REF*PO*0020071221
REF*ST*04244
REF*DP*043
DTM*999*20071220
RMR*IK*424420071221*PI*38.45*38.45*0
REF*PO*0020071222
REF*ST*04244
REF*DP*043
DTM*999*20071221
RMR*IK*424420071222*PI*32.15*32.15*0
REF*PO*0020071223
REF*ST*04244
REF*DP*043
DTM*999*20071222
RMR*IK*424420071223*PI*38.2*38.2*0
REF*PO*0020071224
REF*ST*04244
REF*DP*043
DTM*999*20071223
RMR*IK*424420071224*PI*60.55*60.55*0
REF*PO*0020071225
REF*ST*04244
REF*DP*043
DTM*999*20071224
RMR*IK*424420071226*PI*23.05*23.05*0
REF*PO*0020071227
REF*ST*04244
REF*DP*043
DTM*999*20071226
RMR*IK*430820071220*PI*3.1*3.1*0
REF*PO*0020071221
REF*ST*04308
REF*DP*043
DTM*999*20071220
RMR*IK*430820071221*PI*26.15*26.15*0
REF*PO*0020071222
REF*ST*04308
REF*DP*043
DTM*999*20071221
RMR*IK*430820071222*PI*45.9*45.9*0
REF*PO*0020071223
REF*ST*04308
REF*DP*043
DTM*999*20071222
RMR*IK*430820071223*PI*6.2*6.2*0
REF*PO*0020071224
REF*ST*04308
REF*DP*043
DTM*999*20071223
RMR*IK*430820071224*PI*7.75*7.75*0
REF*PO*0020071225
REF*ST*04308
REF*DP*043
DTM*999*20071224
RMR*IK*447520071223*PI*1.55*1.55*0
REF*PO*0020071224
REF*ST*04475
REF*DP*043
DTM*999*20071223
RMR*IK*448920071221*PI*22.3*22.3*0
REF*PO*0020071222
REF*ST*04489
REF*DP*043
DTM*999*20071221
RMR*IK*448920071222*PI*25.2*25.2*0
REF*PO*0020071223
REF*ST*04489
REF*DP*043
DTM*999*20071222
RMR*IK*448920071223*PI*20.75*20.75*0
REF*PO*0020071224
REF*ST*04489
REF*DP*043
DTM*999*20071223
RMR*IK*448920071224*PI*16.9*16.9*0
REF*PO*0020071225
REF*ST*04489
REF*DP*043
DTM*999*20071224
RMR*IK*471720071220*PI*10.55*10.55*0
REF*PO*0020071221
REF*ST*04717
REF*DP*043
DTM*999*20071220
RMR*IK*471720071221*PI*13.85*13.85*0
REF*PO*0020071222
REF*ST*04717
REF*DP*043
DTM*999*20071221
RMR*IK*471720071222*PI*21.05*21.05*0
REF*PO*0020071223
REF*ST*04717
REF*DP*043
DTM*999*20071222
RMR*IK*471720071223*PI*12.2*12.2*0
REF*PO*0020071224
REF*ST*04717
REF*DP*043
DTM*999*20071223
RMR*IK*471720071224*PI*10.85*10.85*0
REF*PO*0020071225
REF*ST*04717
REF*DP*043
DTM*999*20071224
RMR*IK*471920071220*PI*138.45*138.45*0
REF*PO*0020071221
REF*ST*04719
REF*DP*043
DTM*999*20071220
RMR*IK*471920071221*PI*186.75*186.75*0
REF*PO*0020071222
REF*ST*04719
REF*DP*043
DTM*999*20071221
RMR*IK*471920071222*PI*111.3*111.3*0
REF*PO*0020071223
REF*ST*04719
REF*DP*043
DTM*999*20071222
RMR*IK*471920071223*PI*52.3*52.3*0
REF*PO*0020071224
REF*ST*04719
REF*DP*043
DTM*999*20071223
RMR*IK*471920071224*PI*82.7*82.7*0
REF*PO*0020071225
REF*ST*04719
REF*DP*043
DTM*999*20071224
RMR*IK*472320071220*PI*1.55*1.55*0
REF*PO*0020071221
REF*ST*04723
REF*DP*043
DTM*999*20071220
RMR*IK*472320071221*PI*3.1*3.1*0
REF*PO*0020071222
REF*ST*04723
REF*DP*043
DTM*999*20071221
RMR*IK*472320071222*PI*17.9*17.9*0
REF*PO*0020071223
REF*ST*04723
REF*DP*043
DTM*999*20071222
RMR*IK*472320071223*PI*1.55*1.55*0
REF*PO*0020071224
REF*ST*04723
REF*DP*043
DTM*999*20071223
RMR*IK*472320071224*PI*4.65*4.65*0
REF*PO*0020071225
REF*ST*04723
REF*DP*043
DTM*999*20071224
RMR*IK*473920071220*PI*84*84*0
REF*PO*0020071221
REF*ST*04739
REF*DP*043
DTM*999*20071220
RMR*IK*473920071221*PI*22.7*22.7*0
REF*PO*0020071222
REF*ST*04739
REF*DP*043
DTM*999*20071221
RMR*IK*473920071222*PI*3.1*3.1*0
REF*PO*0020071223
REF*ST*04739
REF*DP*043
DTM*999*20071222
RMR*IK*475320071220*PI*9.3*9.3*0
REF*PO*0020071221
REF*ST*04753
REF*DP*043
DTM*999*20071220
RMR*IK*475320071221*PI*6.2*6.2*0
REF*PO*0020071222
REF*ST*04753
REF*DP*043
DTM*999*20071221
RMR*IK*475320071222*PI*6.2*6.2*0
REF*PO*0020071223
REF*ST*04753
REF*DP*043
DTM*999*20071222
RMR*IK*475320071223*PI*4.65*4.65*0
REF*PO*0020071224
REF*ST*04753
REF*DP*043
DTM*999*20071223
RMR*IK*475320071224*PI*10.85*10.85*0
REF*PO*0020071225
REF*ST*04753
REF*DP*043
DTM*999*20071224
RMR*IK*476020071220*PI*9.3*9.3*0
REF*PO*0020071221
REF*ST*04760
REF*DP*043
DTM*999*20071220
RMR*IK*476020071221*PI*7.55*7.55*0
REF*PO*0020071222
REF*ST*04760
REF*DP*043
DTM*999*20071221
RMR*IK*476920071220*PI*1.55*1.55*0
REF*PO*0020071221
REF*ST*04769
REF*DP*043
DTM*999*20071220
RMR*IK*476920071221*PI*12.3*12.3*0
REF*PO*0020071222
REF*ST*04769
REF*DP*043
DTM*999*20071221
RMR*IK*476920071222*PI*3.1*3.1*0
REF*PO*0020071223
REF*ST*04769
REF*DP*043
DTM*999*20071222
RMR*IK*476920071224*PI*1.55*1.55*0
REF*PO*0020071225
REF*ST*04769
REF*DP*043
DTM*999*20071224
RMR*IK*483520071220*PI*4.65*4.65*0
REF*PO*0020071221
REF*ST*04835
REF*DP*043
DTM*999*20071220
RMR*IK*483520071221*PI*7.65*7.65*0
REF*PO*0020071222
REF*ST*04835
REF*DP*043
DTM*999*20071221
RMR*IK*483520071222*PI*27.8*27.8*0
REF*PO*0020071223
REF*ST*04835
REF*DP*043
DTM*999*20071222
RMR*IK*483520071223*PI*7.75*7.75*0
REF*PO*0020071224
REF*ST*04835
REF*DP*043
DTM*999*20071223
RMR*IK*483520071224*PI*7.75*7.75*0
REF*PO*0020071225
REF*ST*04835
REF*DP*043
DTM*999*20071224
RMR*IK*488320071220*PI*50.85*50.85*0
REF*PO*0020071221
REF*ST*04883
REF*DP*043
DTM*999*20071220
RMR*IK*488320071221*PI*57.35*57.35*0
REF*PO*0020071222
REF*ST*04883
REF*DP*043
DTM*999*20071221
RMR*IK*488320071222*PI*29.45*29.45*0
REF*PO*0020071223
REF*ST*04883
REF*DP*043
DTM*999*20071222
RMR*IK*488320071223*PI*13.95*13.95*0
REF*PO*0020071224
REF*ST*04883
REF*DP*043
DTM*999*20071223
RMR*IK*488320071224*PI*46.3*46.3*0
REF*PO*0020071225
REF*ST*04883
REF*DP*043
DTM*999*20071224
RMR*IK*489820071220*PI*34*34*0
REF*PO*0020071221
REF*ST*04898
REF*DP*043
DTM*999*20071220
RMR*IK*489820071221*PI*29.15*29.15*0
REF*PO*0020071222
REF*ST*04898
REF*DP*043
DTM*999*20071221
RMR*IK*489820071222*PI*21.6*21.6*0
REF*PO*0020071223
REF*ST*04898
REF*DP*043
DTM*999*20071222
RMR*IK*489820071223*PI*12.4*12.4*0
REF*PO*0020071224
REF*ST*04898
REF*DP*043
DTM*999*20071223
RMR*IK*489820071224*PI*9.3*9.3*0
REF*PO*0020071225
REF*ST*04898
REF*DP*043
DTM*999*20071224
RMR*IK*489820071226*PI*1.55*1.55*0
REF*PO*0020071227
REF*ST*04898
REF*DP*043
DTM*999*20071226
RMR*IK*497020071220*PI*68.8*68.8*0
REF*PO*0020071221
REF*ST*04970
REF*DP*043
DTM*999*20071220
RMR*IK*497020071221*PI*21.7*21.7*0
REF*PO*0020071222
REF*ST*04970
REF*DP*043
DTM*999*20071221
RMR*IK*497020071222*PI*4.65*4.65*0
REF*PO*0020071223
REF*ST*04970
REF*DP*043
DTM*999*20071222
RMR*IK*497020071223*PI*10.75*10.75*0
REF*PO*0020071224
REF*ST*04970
REF*DP*043
DTM*999*20071223
RMR*IK*497020071224*PI*29.35*29.35*0
REF*PO*0020071225
REF*ST*04970
REF*DP*043
DTM*999*20071224
RMR*IK*501420071220*PI*16*16*0
REF*PO*0020071222
REF*ST*05014
REF*DP*043
DTM*999*20071220
RMR*IK*501420071221*PI*19.1*19.1*0
REF*PO*0020071223
REF*ST*05014
REF*DP*043
DTM*999*20071221
RMR*IK*501420071222*PI*43.5*43.5*0
REF*PO*0020071224
REF*ST*05014
REF*DP*043
DTM*999*20071222
RMR*IK*501420071223*PI*29.4*29.4*0
REF*PO*0020071225
REF*ST*05014
REF*DP*043
DTM*999*20071223
RMR*IK*501420071226*PI*1.55*1.55*0
REF*PO*0020071228
REF*ST*05014
REF*DP*043
DTM*999*20071226
RMR*IK*502320071221*PI*1.55*1.55*0
REF*PO*0020071223
REF*ST*05023
REF*DP*043
DTM*999*20071221
RMR*IK*502320071224*PI*3.6*3.6*0
REF*PO*0020071226
REF*ST*05023
REF*DP*043
DTM*999*20071224
RMR*IK*702820071220*PI*18.4*18.4*0
REF*PO*0020071221
REF*ST*07028
REF*DP*043
DTM*999*20071220
RMR*IK*702820071221*PI*9.2*9.2*0
REF*PO*0020071222
REF*ST*07028
REF*DP*043
DTM*999*20071221
RMR*IK*702820071222*PI*3.1*3.1*0
REF*PO*0020071223
REF*ST*07028
REF*DP*043
DTM*999*20071222
RMR*IK*702820071223*PI*10.65*10.65*0
REF*PO*0020071224
REF*ST*07028
REF*DP*043
DTM*999*20071223
RMR*IK*702820071224*PI*15.3*15.3*0
REF*PO*0020071225
REF*ST*07028
REF*DP*043
DTM*999*20071224
RMR*IK*704520071220*PI*1.55*1.55*0
REF*PO*0020071221
REF*ST*07045
REF*DP*043
DTM*999*20071220
RMR*IK*704520071221*PI*3.6*3.6*0
REF*PO*0020071222
REF*ST*07045
REF*DP*043
DTM*999*20071221
RMR*IK*705920071223*PI*.7*.7*0
REF*PO*0020071224
REF*ST*07059
REF*DP*043
DTM*999*20071223
RMR*IK*706320071220*PI*22.1*22.1*0
REF*PO*0020071221
REF*ST*07063
REF*DP*043
DTM*999*20071220
RMR*IK*706320071221*PI*19.85*19.85*0
REF*PO*0020071222
REF*ST*07063
REF*DP*043
DTM*999*20071221
RMR*IK*706320071222*PI*32.85*32.85*0
REF*PO*0020071223
REF*ST*07063
REF*DP*043
DTM*999*20071222
RMR*IK*706320071223*PI*12.1*12.1*0
REF*PO*0020071224
REF*ST*07063
REF*DP*043
DTM*999*20071223
RMR*IK*706320071224*PI*15.5*15.5*0
REF*PO*0020071225
REF*ST*07063
REF*DP*043
DTM*999*20071224
RMR*IK*706420071220*PI*3.1*3.1*0
REF*PO*0020071221
REF*ST*07064
REF*DP*043
DTM*999*20071220
RMR*IK*706420071222*PI*7.65*7.65*0
REF*PO*0020071223
REF*ST*07064
REF*DP*043
DTM*999*20071222
RMR*IK*706420071223*PI*3*3*0
REF*PO*0020071224
REF*ST*07064
REF*DP*043
DTM*999*20071223
RMR*IK*706420071224*PI*25.15*25.15*0
REF*PO*0020071225
REF*ST*07064
REF*DP*043
DTM*999*20071224
RMR*IK*706620071220*PI*7.2*7.2*0
REF*PO*0020071221
REF*ST*07066
REF*DP*043
DTM*999*20071220
RMR*IK*706920071220*PI*13.95*13.95*0
REF*PO*0020071221
REF*ST*07069
REF*DP*043
DTM*999*20071220
RMR*IK*706920071221*PI*12.3*12.3*0
REF*PO*0020071222
REF*ST*07069
REF*DP*043
DTM*999*20071221
RMR*IK*706920071222*PI*20.55*20.55*0
REF*PO*0020071223
REF*ST*07069
REF*DP*043
DTM*999*20071222
RMR*IK*706920071223*PI*9.1*9.1*0
REF*PO*0020071224
REF*ST*07069
REF*DP*043
DTM*999*20071223
RMR*IK*706920071224*PI*7.55*7.55*0
REF*PO*0020071225
REF*ST*07069
REF*DP*043
DTM*999*20071224
RMR*IK*706920071226*PI*3*3*0
REF*PO*0020071227
REF*ST*07069
REF*DP*043
DTM*999*20071226
RMR*IK*707620071220*PI*29.85*29.85*0
REF*PO*0020071221
REF*ST*07076
REF*DP*043
DTM*999*20071220
RMR*IK*707620071221*PI*66.1*66.1*0
REF*PO*0020071222
REF*ST*07076
REF*DP*043
DTM*999*20071221
RMR*IK*707620071222*PI*30.55*30.55*0
REF*PO*0020071223
REF*ST*07076
REF*DP*043
DTM*999*20071222
RMR*IK*707620071223*PI*7.2*7.2*0
REF*PO*0020071224
REF*ST*07076
REF*DP*043
DTM*999*20071223
RMR*IK*707620071224*PI*55.15*55.15*0
REF*PO*0020071225
REF*ST*07076
REF*DP*043
DTM*999*20071224
RMR*IK*713220071220*PI*17.55*17.55*0
REF*PO*0020071221
REF*ST*07132
REF*DP*043
DTM*999*20071220
RMR*IK*713220071221*PI*12.4*12.4*0
REF*PO*0020071222
REF*ST*07132
REF*DP*043
DTM*999*20071221
RMR*IK*713220071222*PI*12.4*12.4*0
REF*PO*0020071223
REF*ST*07132
REF*DP*043
DTM*999*20071222
RMR*IK*713220071223*PI*26.85*26.85*0
REF*PO*0020071224
REF*ST*07132
REF*DP*043
DTM*999*20071223
RMR*IK*713220071224*PI*8.25*8.25*0
REF*PO*0020071225
REF*ST*07132
REF*DP*043
DTM*999*20071224
RMR*IK*714620071220*PI*10.65*10.65*0
REF*PO*0020071221
REF*ST*07146
REF*DP*043
DTM*999*20071220
RMR*IK*714620071221*PI*21.6*21.6*0
REF*PO*0020071222
REF*ST*07146
REF*DP*043
DTM*999*20071221
RMR*IK*714620071222*PI*17.05*17.05*0
REF*PO*0020071223
REF*ST*07146
REF*DP*043
DTM*999*20071222
RMR*IK*714620071223*PI*18.6*18.6*0
REF*PO*0020071224
REF*ST*07146
REF*DP*043
DTM*999*20071223
RMR*IK*714620071224*PI*23.15*23.15*0
REF*PO*0020071225
REF*ST*07146
REF*DP*043
DTM*999*20071224
RMR*IK*714620071226*PI*30.6*30.6*0
REF*PO*0020071227
REF*ST*07146
REF*DP*043
DTM*999*20071226
RMR*IK*715420071220*PI*29.25*29.25*0
REF*PO*0020071221
REF*ST*07154
REF*DP*043
DTM*999*20071220
RMR*IK*715420071221*PI*13.85*13.85*0
REF*PO*0020071222
REF*ST*07154
REF*DP*043
DTM*999*20071221
RMR*IK*725520071220*PI*41.5*41.5*0
REF*PO*0020071221
REF*ST*07255
REF*DP*043
DTM*999*20071220
RMR*IK*725520071221*PI*22.75*22.75*0
REF*PO*0020071222
REF*ST*07255
REF*DP*043
DTM*999*20071221
RMR*IK*725520071222*PI*24.65*24.65*0
REF*PO*0020071223
REF*ST*07255
REF*DP*043
DTM*999*20071222
RMR*IK*725520071223*PI*14.3*14.3*0
REF*PO*0020071224
REF*ST*07255
REF*DP*043
DTM*999*20071223
RMR*IK*725520071224*PI*33.5*33.5*0
REF*PO*0020071225
REF*ST*07255
REF*DP*043
DTM*999*20071224
RMR*IK*735320071220*PI*12.8*12.8*0
REF*PO*0020071221
REF*ST*07353
REF*DP*043
DTM*999*20071220
RMR*IK*735320071224*PI*1.55*1.55*0
REF*PO*0020071225
REF*ST*07353
REF*DP*043
DTM*999*20071224
RMR*IK*735420071220*PI*1.55*1.55*0
REF*PO*0020071221
REF*ST*07354
REF*DP*043
DTM*999*20071220
RMR*IK*735420071221*PI*12.2*12.2*0
REF*PO*0020071222
REF*ST*07354
REF*DP*043
DTM*999*20071221
RMR*IK*735420071222*PI*9.1*9.1*0
REF*PO*0020071223
REF*ST*07354
REF*DP*043
DTM*999*20071222
RMR*IK*735820071220*PI*93.3*93.3*0
REF*PO*0020071221
REF*ST*07358
REF*DP*043
DTM*999*20071220
RMR*IK*735820071221*PI*122.05*122.05*0
REF*PO*0020071222
REF*ST*07358
REF*DP*043
DTM*999*20071221
RMR*IK*735820071222*PI*30.7*30.7*0
REF*PO*0020071223
REF*ST*07358
REF*DP*043
DTM*999*20071222
RMR*IK*735820071223*PI*15.95*15.95*0
REF*PO*0020071224
REF*ST*07358
REF*DP*043
DTM*999*20071223
RMR*IK*738820071220*PI*1.55*1.55*0
REF*PO*0020071221
REF*ST*07388
REF*DP*043
DTM*999*20071220
RMR*IK*738820071221*PI*3.1*3.1*0
REF*PO*0020071222
REF*ST*07388
REF*DP*043
DTM*999*20071221
RMR*IK*738820071223*PI*1.55*1.55*0
REF*PO*0020071224
REF*ST*07388
REF*DP*043
DTM*999*20071223
RMR*IK*738820071226*PI*3.1*3.1*0
REF*PO*0020071227
REF*ST*07388
REF*DP*043
DTM*999*20071226
RMR*IK*743720071220*PI*15.3*15.3*0
REF*PO*0020071221
REF*ST*07437
REF*DP*043
DTM*999*20071220
RMR*IK*746020071220*PI*13.65*13.65*0
REF*PO*0020071221
REF*ST*07460
REF*DP*043
DTM*999*20071220
RMR*IK*746120071220*PI*73.1*73.1*0
REF*PO*0020071221
REF*ST*07461
REF*DP*043
DTM*999*20071220
RMR*IK*746120071221*PI*66.85*66.85*0
REF*PO*0020071222
REF*ST*07461
REF*DP*043
DTM*999*20071221
RMR*IK*746120071222*PI*32.35*32.35*0
REF*PO*0020071223
REF*ST*07461
REF*DP*043
DTM*999*20071222
RMR*IK*746120071223*PI*3.95*3.95*0
REF*PO*0020071224
REF*ST*07461
REF*DP*043
DTM*999*20071223
RMR*IK*746120071224*PI*17.35*17.35*0
REF*PO*0020071225
REF*ST*07461
REF*DP*043
DTM*999*20071224
RMR*IK*755820071220*PI*54.15*54.15*0
REF*PO*0020071221
REF*ST*07558
REF*DP*043
DTM*999*20071220
RMR*IK*755820071221*PI*26.25*26.25*0
REF*PO*0020071222
REF*ST*07558
REF*DP*043
DTM*999*20071221
RMR*IK*755820071222*PI*27.1*27.1*0
REF*PO*0020071223
REF*ST*07558
REF*DP*043
DTM*999*20071222
RMR*IK*760720071220*PI*56.2*56.2*0
REF*PO*0020071221
REF*ST*07607
REF*DP*043
DTM*999*20071220
RMR*IK*760720071221*PI*66.9*66.9*0
REF*PO*0020071222
REF*ST*07607
REF*DP*043
DTM*999*20071221
RMR*IK*760720071222*PI*106.55*106.55*0
REF*PO*0020071223
REF*ST*07607
REF*DP*043
DTM*999*20071222
RMR*IK*760720071223*PI*44.25*44.25*0
REF*PO*0020071224
REF*ST*07607
REF*DP*043
DTM*999*20071223
RMR*IK*760720071224*PI*61.2*61.2*0
REF*PO*0020071225
REF*ST*07607
REF*DP*043
DTM*999*20071224
RMR*IK*761020071221*PI*4.55*4.55*0
REF*PO*0020071222
REF*ST*07610
REF*DP*043
DTM*999*20071221
RMR*IK*761320071220*PI*16.85*16.85*0
REF*PO*0020071221
REF*ST*07613
REF*DP*043
DTM*999*20071220
RMR*IK*761320071221*PI*27.6*27.6*0
REF*PO*0020071222
REF*ST*07613
REF*DP*043
DTM*999*20071221
RMR*IK*761320071222*PI*10.85*10.85*0
REF*PO*0020071223
REF*ST*07613
REF*DP*043
DTM*999*20071222
RMR*IK*761320071223*PI*3.1*3.1*0
REF*PO*0020071224
REF*ST*07613
REF*DP*043
DTM*999*20071223
RMR*IK*761320071224*PI*23.15*23.15*0
REF*PO*0020071225
REF*ST*07613
REF*DP*043
DTM*999*20071224
RMR*IK*762920071220*PI*4.65*4.65*0
REF*PO*0020071221
REF*ST*07629
REF*DP*043
DTM*999*20071220
RMR*IK*762920071221*PI*9.2*9.2*0
REF*PO*0020071222
REF*ST*07629
REF*DP*043
DTM*999*20071221
RMR*IK*762920071222*PI*7.55*7.55*0
REF*PO*0020071223
REF*ST*07629
REF*DP*043
DTM*999*20071222
RMR*IK*762920071223*PI*21.2*21.2*0
REF*PO*0020071224
REF*ST*07629
REF*DP*043
DTM*999*20071223
RMR*IK*762920071224*PI*18.1*18.1*0
REF*PO*0020071225
REF*ST*07629
REF*DP*043
DTM*999*20071224
RMR*IK*921720071220*PI*40.8*40.8*0
REF*PO*0020071221
REF*ST*09217
REF*DP*043
DTM*999*20071220
RMR*IK*921720071221*PI*37.2*37.2*0
REF*PO*0020071222
REF*ST*09217
REF*DP*043
DTM*999*20071221
RMR*IK*921720071222*PI*19.1*19.1*0
REF*PO*0020071223
REF*ST*09217
REF*DP*043
DTM*999*20071222
RMR*IK*921720071223*PI*30.45*30.45*0
REF*PO*0020071224
REF*ST*09217
REF*DP*043
DTM*999*20071223
RMR*IK*921720071224*PI*59.95*59.95*0
REF*PO*0020071225
REF*ST*09217
REF*DP*043
DTM*999*20071224
RMR*IK*951320071221*PI*9.2*9.2*0
REF*PO*0020071222
REF*ST*09513
REF*DP*043
DTM*999*20071221
RMR*IK*951320071222*PI*16.95*16.95*0
REF*PO*0020071223
REF*ST*09513
REF*DP*043
DTM*999*20071222
RMR*IK*951320071224*PI*18.05*18.05*0
REF*PO*0020071225
REF*ST*09513
REF*DP*043
DTM*999*20071224
RMR*IK*956020071220*PI*4.55*4.55*0
REF*PO*0020071221
REF*ST*09560
REF*DP*043
DTM*999*20071220
RMR*IK*956020071221*PI*40*40*0
REF*PO*0020071222
REF*ST*09560
REF*DP*043
DTM*999*20071221
RMR*IK*956020071222*PI*4.55*4.55*0
REF*PO*0020071223
REF*ST*09560
REF*DP*043
DTM*999*20071222
RMR*IK*956020071223*PI*3.1*3.1*0
REF*PO*0020071224
REF*ST*09560
REF*DP*043
DTM*999*20071223
RMR*IK*956020071224*PI*1.55*1.55*0
REF*PO*0020071225
REF*ST*09560
REF*DP*043
DTM*999*20071224
RMR*IK*957120071220*PI*1.55*1.55*0
REF*PO*0020071221
REF*ST*09571
REF*DP*043
DTM*999*20071220
RMR*IK*957120071221*PI*10.75*10.75*0
REF*PO*0020071222
REF*ST*09571
REF*DP*043
DTM*999*20071221
RMR*IK*957120071222*PI*24.75*24.75*0
REF*PO*0020071223
REF*ST*09571
REF*DP*043
DTM*999*20071222
RMR*IK*957120071223*PI*3*3*0
REF*PO*0020071224
REF*ST*09571
REF*DP*043
DTM*999*20071223
RMR*IK*962120071220*PI*103.3*103.3*0
REF*PO*0020071221
REF*ST*09621
REF*DP*043
DTM*999*20071220
RMR*IK*962120071221*PI*87.45*87.45*0
REF*PO*0020071222
REF*ST*09621
REF*DP*043
DTM*999*20071221
RMR*IK*962120071222*PI*37.55*37.55*0
REF*PO*0020071223
REF*ST*09621
REF*DP*043
DTM*999*20071222
RMR*IK*962120071223*PI*13.45*13.45*0
REF*PO*0020071224
REF*ST*09621
REF*DP*043
DTM*999*20071223
RMR*IK*962120071224*PI*36.95*36.95*0
REF*PO*0020071225
REF*ST*09621
REF*DP*043
DTM*999*20071224
RMR*IK*962120071226*PI*3.6*3.6*0
REF*PO*0020071227
REF*ST*09621
REF*DP*043
DTM*999*20071226
RMR*IK*962220071220*PI*19.85*19.85*0
REF*PO*0020071221
REF*ST*09622
REF*DP*043
DTM*999*20071220
RMR*IK*962220071221*PI*25.85*25.85*0
REF*PO*0020071222
REF*ST*09622
REF*DP*043
DTM*999*20071221
RMR*IK*962220071222*PI*1.55*1.55*0
REF*PO*0020071223
REF*ST*09622
REF*DP*043
DTM*999*20071222
RMR*IK*962220071223*PI*10.75*10.75*0
REF*PO*0020071224
REF*ST*09622
REF*DP*043
DTM*999*20071223
RMR*IK*962520071220*PI*19.35*19.35*0
REF*PO*0020071221
REF*ST*09625
REF*DP*043
DTM*999*20071220
RMR*IK*962520071221*PI*6.2*6.2*0
REF*PO*0020071222
REF*ST*09625
REF*DP*043
DTM*999*20071221
RMR*IK*962520071222*PI*13.55*13.55*0
REF*PO*0020071223
REF*ST*09625
REF*DP*043
DTM*999*20071222
RMR*IK*962520071223*PI*4.55*4.55*0
REF*PO*0020071224
REF*ST*09625
REF*DP*043
DTM*999*20071223
RMR*IK*962520071224*PI*3*3*0
REF*PO*0020071225
REF*ST*09625
REF*DP*043
DTM*999*20071224
RMR*IK*962920071220*PI*66.55*66.55*0
REF*PO*0020071221
REF*ST*09629
REF*DP*043
DTM*999*20071220
RMR*IK*962920071221*PI*20.05*20.05*0
REF*PO*0020071222
REF*ST*09629
REF*DP*043
DTM*999*20071221
RMR*IK*962920071222*PI*4.65*4.65*0
REF*PO*0020071223
REF*ST*09629
REF*DP*043
DTM*999*20071222
RMR*IK*962920071223*PI*12.4*12.4*0
REF*PO*0020071224
REF*ST*09629
REF*DP*043
DTM*999*20071223
RMR*IK*962920071224*PI*10.75*10.75*0
REF*PO*0020071225
REF*ST*09629
REF*DP*043
DTM*999*20071224
RMR*IK*962920071226*PI*1.55*1.55*0
REF*PO*0020071227
REF*ST*09629
REF*DP*043
DTM*999*20071226
RMR*IK*963320071220*PI*33.75*33.75*0
REF*PO*0020071221
REF*ST*09633
REF*DP*043
DTM*999*20071220
RMR*IK*963320071221*PI*73.3*73.3*0
REF*PO*0020071222
REF*ST*09633
REF*DP*043
DTM*999*20071221
RMR*IK*963320071222*PI*57.5*57.5*0
REF*PO*0020071223
REF*ST*09633
REF*DP*043
DTM*999*20071222
RMR*IK*963320071223*PI*50.85*50.85*0
REF*PO*0020071224
REF*ST*09633
REF*DP*043
DTM*999*20071223
RMR*IK*963320071224*PI*65.65*65.65*0
REF*PO*0020071225
REF*ST*09633
REF*DP*043
DTM*999*20071224
RMR*IK*963920071220*PI*36.8*36.8*0
REF*PO*0020071221
REF*ST*09639
REF*DP*043
DTM*999*20071220
RMR*IK*963920071221*PI*7.55*7.55*0
REF*PO*0020071222
REF*ST*09639
REF*DP*043
DTM*999*20071221
RMR*IK*963920071222*PI*6.1*6.1*0
REF*PO*0020071223
REF*ST*09639
REF*DP*043
DTM*999*20071222
RMR*IK*963920071223*PI*10.65*10.65*0
REF*PO*0020071224
REF*ST*09639
REF*DP*043
DTM*999*20071223
RMR*IK*963920071224*PI*19.85*19.85*0
REF*PO*0020071225
REF*ST*09639
REF*DP*043
DTM*999*20071224
RMR*IK*964820071220*PI*70.95*70.95*0
REF*PO*0020071221
REF*ST*09648
REF*DP*043
DTM*999*20071220
RMR*IK*964820071221*PI*78.1*78.1*0
REF*PO*0020071222
REF*ST*09648
REF*DP*043
DTM*999*20071221
RMR*IK*964820071222*PI*34.4*34.4*0
REF*PO*0020071223
REF*ST*09648
REF*DP*043
DTM*999*20071222
RMR*IK*964820071223*PI*3.1*3.1*0
REF*PO*0020071224
REF*ST*09648
REF*DP*043
DTM*999*20071223
RMR*IK*964820071224*PI*12.8*12.8*0
REF*PO*0020071225
REF*ST*09648
REF*DP*043
DTM*999*20071224
RMR*IK*967420071220*PI*13.25*13.25*0
REF*PO*0020071221
REF*ST*09674
REF*DP*043
DTM*999*20071220
RMR*IK*971420071221*PI*1.55*1.55*0
REF*PO*0020071222
REF*ST*09714
REF*DP*043
DTM*999*20071221
RMR*IK*972820071220*PI*4.65*4.65*0
REF*PO*0020071221
REF*ST*09728
REF*DP*043
DTM*999*20071220
RMR*IK*972820071221*PI*1.55*1.55*0
REF*PO*0020071222
REF*ST*09728
REF*DP*043
DTM*999*20071221
RMR*IK*972820071222*PI*7.75*7.75*0
REF*PO*0020071223
REF*ST*09728
REF*DP*043
DTM*999*20071222
RMR*IK*975820071220*PI*18.5*18.5*0
REF*PO*0020071221
REF*ST*09758
REF*DP*043
DTM*999*20071220
RMR*IK*975820071221*PI*13.95*13.95*0
REF*PO*0020071222
REF*ST*09758
REF*DP*043
DTM*999*20071221
SE*1979*0001
GE*1*1000104
IEA*1*001000104
*** SUPERTRACS READY FOR INPUT
