ISA*00*          *00*          *09*006985290EFT   *12*6154525825     *061229*2204*U*00400*001000054*0*P*>
GS*RA*006985290EFT*6154525825*20061229*2204*1000054*X*004010
ST*820*0001
BPR*I*56411.61*C*ACH*CCP*01*021000018*DA*0300955622*9008965873**01*064102601*DA*3000289*20070102*VEN
TRN*3*770206382*9008965873
DTM*097*20061229
N1*PR*KMART CORPORATION*1*008965873
N1*PE*YOUNGS FARMS*92*00069099588
N1*SE*YOUNGS FARMS*92*00069099588
ENT*1
RMR*IK*302220061130*PI*5.9*5.9*0
REF*PO*0020061201
REF*ST*03022
REF*DP*043
DTM*999*20061130
RMR*IK*302220061201*PI*56.45*56.45*0
REF*PO*0020061202
REF*ST*03022
REF*DP*043
DTM*999*20061201
RMR*IK*302220061202*PI*65.3*65.3*0
REF*PO*0020061203
REF*ST*03022
REF*DP*043
DTM*999*20061202
RMR*IK*302220061203*PI*35.8*35.8*0
REF*PO*0020061204
REF*ST*03022
REF*DP*043
DTM*999*20061203
RMR*IK*302220061204*PI*11.9*11.9*0
REF*PO*0020061205
REF*ST*03022
REF*DP*043
DTM*999*20061204
RMR*IK*302220061205*PI*42.8*42.8*0
REF*PO*0020061206
REF*ST*03022
REF*DP*043
DTM*999*20061205
RMR*IK*302220061206*PI*17.8*17.8*0
REF*PO*0020061207
REF*ST*03022
REF*DP*043
DTM*999*20061206
RMR*IK*306320061130*PI*60.4*60.4*0
REF*PO*0020061201
REF*ST*03063
REF*DP*043
DTM*999*20061130
RMR*IK*306320061201*PI*90.2*90.2*0
REF*PO*0020061202
REF*ST*03063
REF*DP*043
DTM*999*20061201
RMR*IK*306320061202*PI*71.1*71.1*0
REF*PO*0020061203
REF*ST*03063
REF*DP*043
DTM*999*20061202
RMR*IK*306320061203*PI*44.35*44.35*0
REF*PO*0020061204
REF*ST*03063
REF*DP*043
DTM*999*20061203
RMR*IK*306320061204*PI*11.8*11.8*0
REF*PO*0020061205
REF*ST*03063
REF*DP*043
DTM*999*20061204
RMR*IK*306320061205*PI*47.4*47.4*0
REF*PO*0020061206
REF*ST*03063
REF*DP*043
DTM*999*20061205
RMR*IK*306320061206*PI*66.2*66.2*0
REF*PO*0020061207
REF*ST*03063
REF*DP*043
DTM*999*20061206
RMR*IK*308220061130*PI*85.65*85.65*0
REF*PO*0020061201
REF*ST*03082
REF*DP*043
DTM*999*20061130
RMR*IK*308220061201*PI*44.35*44.35*0
REF*PO*0020061202
REF*ST*03082
REF*DP*043
DTM*999*20061201
RMR*IK*308220061202*PI*100.6*100.6*0
REF*PO*0020061203
REF*ST*03082
REF*DP*043
DTM*999*20061202
RMR*IK*308220061203*PI*88.15*88.15*0
REF*PO*0020061204
REF*ST*03082
REF*DP*043
DTM*999*20061203
RMR*IK*308220061204*PI*177.95*177.95*0
REF*PO*0020061205
REF*ST*03082
REF*DP*043
DTM*999*20061204
RMR*IK*308220061205*PI*124.05*124.05*0
REF*PO*0020061206
REF*ST*03082
REF*DP*043
DTM*999*20061205
RMR*IK*308220061206*PI*132.9*132.9*0
REF*PO*0020061207
REF*ST*03082
REF*DP*043
DTM*999*20061206
RMR*IK*308320061130*PI*53.2*53.2*0
REF*PO*0020061201
REF*ST*03083
REF*DP*043
DTM*999*20061130
RMR*IK*308320061201*PI*63*63*0
REF*PO*0020061202
REF*ST*03083
REF*DP*043
DTM*999*20061201
RMR*IK*308320061202*PI*35.6*35.6*0
REF*PO*0020061203
REF*ST*03083
REF*DP*043
DTM*999*20061202
RMR*IK*308320061203*PI*128.95*128.95*0
REF*PO*0020061204
REF*ST*03083
REF*DP*043
DTM*999*20061203
RMR*IK*308320061204*PI*26.75*26.75*0
REF*PO*0020061205
REF*ST*03083
REF*DP*043
DTM*999*20061204
RMR*IK*308320061205*PI*62.25*62.25*0
REF*PO*0020061206
REF*ST*03083
REF*DP*043
DTM*999*20061205
RMR*IK*308320061206*PI*20.85*20.85*0
REF*PO*0020061207
REF*ST*03083
REF*DP*043
DTM*999*20061206
RMR*IK*308320061224*PI*-2.6*-2.6*0
REF*PO*0020061225
REF*ST*03083
REF*DP*043
DTM*999*20061224
RMR*IK*308420061130*PI*17.7*17.7*0
REF*PO*0020061201
REF*ST*03084
REF*DP*043
DTM*999*20061130
RMR*IK*308420061201*PI*74.25*74.25*0
REF*PO*0020061202
REF*ST*03084
REF*DP*043
DTM*999*20061201
RMR*IK*308420061202*PI*83.1*83.1*0
REF*PO*0020061203
REF*ST*03084
REF*DP*043
DTM*999*20061202
RMR*IK*308420061203*PI*176.4*176.4*0
REF*PO*0020061204
REF*ST*03084
REF*DP*043
DTM*999*20061203
RMR*IK*308420061204*PI*177.7*177.7*0
REF*PO*0020061205
REF*ST*03084
REF*DP*043
DTM*999*20061204
RMR*IK*308420061205*PI*56.05*56.05*0
REF*PO*0020061206
REF*ST*03084
REF*DP*043
DTM*999*20061205
RMR*IK*308420061206*PI*91.45*91.45*0
REF*PO*0020061207
REF*ST*03084
REF*DP*043
DTM*999*20061206
RMR*IK*310320061130*PI*50.15*50.15*0
REF*PO*0020061201
REF*ST*03103
REF*DP*043
DTM*999*20061130
RMR*IK*310320061201*PI*26.65*26.65*0
REF*PO*0020061202
REF*ST*03103
REF*DP*043
DTM*999*20061201
RMR*IK*310320061202*PI*35.6*35.6*0
REF*PO*0020061203
REF*ST*03103
REF*DP*043
DTM*999*20061202
RMR*IK*310320061203*PI*47.3*47.3*0
REF*PO*0020061204
REF*ST*03103
REF*DP*043
DTM*999*20061203
RMR*IK*310320061204*PI*44.25*44.25*0
REF*PO*0020061205
REF*ST*03103
REF*DP*043
DTM*999*20061204
RMR*IK*310320061205*PI*26.75*26.75*0
REF*PO*0020061206
REF*ST*03103
REF*DP*043
DTM*999*20061205
RMR*IK*310320061206*PI*14.85*14.85*0
REF*PO*0020061207
REF*ST*03103
REF*DP*043
DTM*999*20061206
RMR*IK*314320061130*PI*113.9*113.9*0
REF*PO*0020061201
REF*ST*03143
REF*DP*043
DTM*999*20061130
RMR*IK*314320061201*PI*82.7*82.7*0
REF*PO*0020061202
REF*ST*03143
REF*DP*043
DTM*999*20061201
RMR*IK*314320061202*PI*70.8*70.8*0
REF*PO*0020061203
REF*ST*03143
REF*DP*043
DTM*999*20061202
RMR*IK*314320061203*PI*34.55*34.55*0
REF*PO*0020061204
REF*ST*03143
REF*DP*043
DTM*999*20061203
RMR*IK*314320061204*PI*61.95*61.95*0
REF*PO*0020061205
REF*ST*03143
REF*DP*043
DTM*999*20061204
RMR*IK*314320061205*PI*169.2*169.2*0
REF*PO*0020061206
REF*ST*03143
REF*DP*043
DTM*999*20061205
RMR*IK*314320061206*PI*120.45*120.45*0
REF*PO*0020061207
REF*ST*03143
REF*DP*043
DTM*999*20061206
RMR*IK*319420061130*PI*62.45*62.45*0
REF*PO*0020061201
REF*ST*03194
REF*DP*043
DTM*999*20061130
RMR*IK*319420061201*PI*117.45*117.45*0
REF*PO*0020061202
REF*ST*03194
REF*DP*043
DTM*999*20061201
RMR*IK*319420061202*PI*105.15*105.15*0
REF*PO*0020061203
REF*ST*03194
REF*DP*043
DTM*999*20061202
RMR*IK*319420061203*PI*94.9*94.9*0
REF*PO*0020061204
REF*ST*03194
REF*DP*043
DTM*999*20061203
RMR*IK*319420061204*PI*59*59*0
REF*PO*0020061205
REF*ST*03194
REF*DP*043
DTM*999*20061204
RMR*IK*319420061205*PI*106.2*106.2*0
REF*PO*0020061206
REF*ST*03194
REF*DP*043
DTM*999*20061205
RMR*IK*319420061206*PI*44.25*44.25*0
REF*PO*0020061207
REF*ST*03194
REF*DP*043
DTM*999*20061206
RMR*IK*321920061130*PI*8.85*8.85*0
REF*PO*0020061201
REF*ST*03219
REF*DP*043
DTM*999*20061130
RMR*IK*321920061202*PI*81*81*0
REF*PO*0020061203
REF*ST*03219
REF*DP*043
DTM*999*20061202
RMR*IK*321920061203*PI*105.15*105.15*0
REF*PO*0020061204
REF*ST*03219
REF*DP*043
DTM*999*20061203
RMR*IK*321920061204*PI*102.1*102.1*0
REF*PO*0020061205
REF*ST*03219
REF*DP*043
DTM*999*20061204
RMR*IK*321920061205*PI*114.9*114.9*0
REF*PO*0020061206
REF*ST*03219
REF*DP*043
DTM*999*20061205
RMR*IK*321920061206*PI*64.9*64.9*0
REF*PO*0020061207
REF*ST*03219
REF*DP*043
DTM*999*20061206
RMR*IK*322320061130*PI*128.75*128.75*0
REF*PO*0020061201
REF*ST*03223
REF*DP*043
DTM*999*20061130
RMR*IK*322320061201*PI*75.45*75.45*0
REF*PO*0020061202
REF*ST*03223
REF*DP*043
DTM*999*20061201
RMR*IK*322320061202*PI*120.45*120.45*0
REF*PO*0020061203
REF*ST*03223
REF*DP*043
DTM*999*20061202
RMR*IK*322320061203*PI*71.2*71.2*0
REF*PO*0020061204
REF*ST*03223
REF*DP*043
DTM*999*20061203
RMR*IK*322320061204*PI*68.15*68.15*0
REF*PO*0020061205
REF*ST*03223
REF*DP*043
DTM*999*20061204
RMR*IK*322320061205*PI*94.85*94.85*0
REF*PO*0020061206
REF*ST*03223
REF*DP*043
DTM*999*20061205
RMR*IK*322320061206*PI*276.35*276.35*0
REF*PO*0020061207
REF*ST*03223
REF*DP*043
DTM*999*20061206
RMR*IK*328920061130*PI*23.6*23.6*0
REF*PO*0020061201
REF*ST*03289
REF*DP*043
DTM*999*20061130
RMR*IK*328920061201*PI*2.95*2.95*0
REF*PO*0020061202
REF*ST*03289
REF*DP*043
DTM*999*20061201
RMR*IK*328920061202*PI*41.3*41.3*0
REF*PO*0020061203
REF*ST*03289
REF*DP*043
DTM*999*20061202
RMR*IK*328920061203*PI*125.25*125.25*0
REF*PO*0020061204
REF*ST*03289
REF*DP*043
DTM*999*20061203
RMR*IK*328920061204*PI*82.25*82.25*0
REF*PO*0020061205
REF*ST*03289
REF*DP*043
DTM*999*20061204
RMR*IK*328920061205*PI*16.05*16.05*0
REF*PO*0020061206
REF*ST*03289
REF*DP*043
DTM*999*20061205
RMR*IK*328920061206*PI*48.5*48.5*0
REF*PO*0020061207
REF*ST*03289
REF*DP*043
DTM*999*20061206
RMR*IK*334820061130*PI*40.95*40.95*0
REF*PO*0020061201
REF*ST*03348
REF*DP*043
DTM*999*20061130
RMR*IK*334820061201*PI*49.1*49.1*0
REF*PO*0020061202
REF*ST*03348
REF*DP*043
DTM*999*20061201
RMR*IK*334820061202*PI*53.2*53.2*0
REF*PO*0020061203
REF*ST*03348
REF*DP*043
DTM*999*20061202
RMR*IK*334820061203*PI*35.5*35.5*0
REF*PO*0020061204
REF*ST*03348
REF*DP*043
DTM*999*20061203
RMR*IK*334820061204*PI*26.2*26.2*0
REF*PO*0020061205
REF*ST*03348
REF*DP*043
DTM*999*20061204
RMR*IK*334820061205*PI*54.4*54.4*0
REF*PO*0020061206
REF*ST*03348
REF*DP*043
DTM*999*20061205
RMR*IK*334820061206*PI*23.6*23.6*0
REF*PO*0020061207
REF*ST*03348
REF*DP*043
DTM*999*20061206
RMR*IK*335520061130*PI*119.8*119.8*0
REF*PO*0020061201
REF*ST*03355
REF*DP*043
DTM*999*20061130
RMR*IK*335520061201*PI*104.95*104.95*0
REF*PO*0020061202
REF*ST*03355
REF*DP*043
DTM*999*20061201
RMR*IK*335520061202*PI*42.8*42.8*0
REF*PO*0020061203
REF*ST*03355
REF*DP*043
DTM*999*20061202
RMR*IK*335520061203*PI*24.9*24.9*0
REF*PO*0020061204
REF*ST*03355
REF*DP*043
DTM*999*20061203
RMR*IK*335520061204*PI*47.05*47.05*0
REF*PO*0020061205
REF*ST*03355
REF*DP*043
DTM*999*20061204
RMR*IK*335520061205*PI*87.9*87.9*0
REF*PO*0020061206
REF*ST*03355
REF*DP*043
DTM*999*20061205
RMR*IK*335520061206*PI*63*63*0
REF*PO*0020061207
REF*ST*03355
REF*DP*043
DTM*999*20061206
RMR*IK*335920061130*PI*79.8*79.8*0
REF*PO*0020061201
REF*ST*03359
REF*DP*043
DTM*999*20061130
RMR*IK*335920061201*PI*35.6*35.6*0
REF*PO*0020061202
REF*ST*03359
REF*DP*043
DTM*999*20061201
RMR*IK*335920061202*PI*32.85*32.85*0
REF*PO*0020061203
REF*ST*03359
REF*DP*043
DTM*999*20061202
RMR*IK*335920061203*PI*66.2*66.2*0
REF*PO*0020061204
REF*ST*03359
REF*DP*043
DTM*999*20061203
RMR*IK*335920061204*PI*86.35*86.35*0
REF*PO*0020061205
REF*ST*03359
REF*DP*043
DTM*999*20061204
RMR*IK*335920061205*PI*24.9*24.9*0
REF*PO*0020061206
REF*ST*03359
REF*DP*043
DTM*999*20061205
RMR*IK*335920061206*PI*29.5*29.5*0
REF*PO*0020061207
REF*ST*03359
REF*DP*043
DTM*999*20061206
RMR*IK*340820061130*PI*118.05*118.05*0
REF*PO*0020061201
REF*ST*03408
REF*DP*043
DTM*999*20061130
RMR*IK*340820061201*PI*113.7*113.7*0
REF*PO*0020061202
REF*ST*03408
REF*DP*043
DTM*999*20061201
RMR*IK*340820061202*PI*95.8*95.8*0
REF*PO*0020061203
REF*ST*03408
REF*DP*043
DTM*999*20061202
RMR*IK*340820061203*PI*32.45*32.45*0
REF*PO*0020061204
REF*ST*03408
REF*DP*043
DTM*999*20061203
RMR*IK*340820061204*PI*11.8*11.8*0
REF*PO*0020061205
REF*ST*03408
REF*DP*043
DTM*999*20061204
RMR*IK*340820061205*PI*88.6*88.6*0
REF*PO*0020061206
REF*ST*03408
REF*DP*043
DTM*999*20061205
RMR*IK*340820061206*PI*42.6*42.6*0
REF*PO*0020061207
REF*ST*03408
REF*DP*043
DTM*999*20061206
RMR*IK*360220061130*PI*57.1*57.1*0
REF*PO*0020061201
REF*ST*03602
REF*DP*043
DTM*999*20061130
RMR*IK*360220061201*PI*46.95*46.95*0
REF*PO*0020061202
REF*ST*03602
REF*DP*043
DTM*999*20061201
RMR*IK*360220061202*PI*56.15*56.15*0
REF*PO*0020061203
REF*ST*03602
REF*DP*043
DTM*999*20061202
RMR*IK*360220061203*PI*23.6*23.6*0
REF*PO*0020061204
REF*ST*03602
REF*DP*043
DTM*999*20061203
RMR*IK*360220061204*PI*36.7*36.7*0
REF*PO*0020061205
REF*ST*03602
REF*DP*043
DTM*999*20061204
RMR*IK*360220061205*PI*20.65*20.65*0
REF*PO*0020061206
REF*ST*03602
REF*DP*043
DTM*999*20061205
RMR*IK*360220061206*PI*23.8*23.8*0
REF*PO*0020061207
REF*ST*03602
REF*DP*043
DTM*999*20061206
RMR*IK*364420061130*PI*23.95*23.95*0
REF*PO*0020061201
REF*ST*03644
REF*DP*043
DTM*999*20061130
RMR*IK*364420061201*PI*47.5*47.5*0
REF*PO*0020061202
REF*ST*03644
REF*DP*043
DTM*999*20061201
RMR*IK*364420061202*PI*112.5*112.5*0
REF*PO*0020061203
REF*ST*03644
REF*DP*043
DTM*999*20061202
RMR*IK*364420061203*PI*53.4*53.4*0
REF*PO*0020061204
REF*ST*03644
REF*DP*043
DTM*999*20061203
RMR*IK*364420061204*PI*32.55*32.55*0
REF*PO*0020061205
REF*ST*03644
REF*DP*043
DTM*999*20061204
RMR*IK*364420061205*PI*44.35*44.35*0
REF*PO*0020061206
REF*ST*03644
REF*DP*043
DTM*999*20061205
RMR*IK*364420061206*PI*40.65*40.65*0
REF*PO*0020061207
REF*ST*03644
REF*DP*043
DTM*999*20061206
RMR*IK*364620061130*PI*66.2*66.2*0
REF*PO*0020061201
REF*ST*03646
REF*DP*043
DTM*999*20061130
RMR*IK*364620061201*PI*76.7*76.7*0
REF*PO*0020061202
REF*ST*03646
REF*DP*043
DTM*999*20061201
RMR*IK*364620061202*PI*84.1*84.1*0
REF*PO*0020061203
REF*ST*03646
REF*DP*043
DTM*999*20061202
RMR*IK*364620061203*PI*117.85*117.85*0
REF*PO*0020061204
REF*ST*03646
REF*DP*043
DTM*999*20061203
RMR*IK*364620061204*PI*30.8*30.8*0
REF*PO*0020061205
REF*ST*03646
REF*DP*043
DTM*999*20061204
RMR*IK*364620061205*PI*47.4*47.4*0
REF*PO*0020061206
REF*ST*03646
REF*DP*043
DTM*999*20061205
RMR*IK*364620061206*PI*47.55*47.55*0
REF*PO*0020061207
REF*ST*03646
REF*DP*043
DTM*999*20061206
RMR*IK*366020061130*PI*8.85*8.85*0
REF*PO*0020061201
REF*ST*03660
REF*DP*043
DTM*999*20061130
RMR*IK*366020061201*PI*10.15*10.15*0
REF*PO*0020061202
REF*ST*03660
REF*DP*043
DTM*999*20061201
RMR*IK*366020061202*PI*17.7*17.7*0
REF*PO*0020061203
REF*ST*03660
REF*DP*043
DTM*999*20061202
RMR*IK*366020061203*PI*2.95*2.95*0
REF*PO*0020061204
REF*ST*03660
REF*DP*043
DTM*999*20061203
RMR*IK*366020061204*PI*2.95*2.95*0
REF*PO*0020061205
REF*ST*03660
REF*DP*043
DTM*999*20061204
RMR*IK*366020061205*PI*20.65*20.65*0
REF*PO*0020061206
REF*ST*03660
REF*DP*043
DTM*999*20061205
RMR*IK*366020061206*PI*17.7*17.7*0
REF*PO*0020061207
REF*ST*03660
REF*DP*043
DTM*999*20061206
RMR*IK*366120061130*PI*44.25*44.25*0
REF*PO*0020061201
REF*ST*03661
REF*DP*043
DTM*999*20061130
RMR*IK*366120061201*PI*203.75*203.75*0
REF*PO*0020061202
REF*ST*03661
REF*DP*043
DTM*999*20061201
RMR*IK*366120061202*PI*196.45*196.45*0
REF*PO*0020061203
REF*ST*03661
REF*DP*043
DTM*999*20061202
RMR*IK*366120061203*PI*130.1*130.1*0
REF*PO*0020061204
REF*ST*03661
REF*DP*043
DTM*999*20061203
RMR*IK*366120061204*PI*51.2*51.2*0
REF*PO*0020061205
REF*ST*03661
REF*DP*043
DTM*999*20061204
RMR*IK*366120061205*PI*132*132*0
REF*PO*0020061206
REF*ST*03661
REF*DP*043
DTM*999*20061205
RMR*IK*366120061206*PI*79.9*79.9*0
REF*PO*0020061207
REF*ST*03661
REF*DP*043
DTM*999*20061206
RMR*IK*367220061130*PI*57.65*57.65*0
REF*PO*0020061201
REF*ST*03672
REF*DP*043
DTM*999*20061130
RMR*IK*367220061201*PI*90.1*90.1*0
REF*PO*0020061202
REF*ST*03672
REF*DP*043
DTM*999*20061201
RMR*IK*367220061202*PI*53.3*53.3*0
REF*PO*0020061203
REF*ST*03672
REF*DP*043
DTM*999*20061202
RMR*IK*367220061203*PI*32.55*32.55*0
REF*PO*0020061204
REF*ST*03672
REF*DP*043
DTM*999*20061203
RMR*IK*367220061204*PI*8.85*8.85*0
REF*PO*0020061205
REF*ST*03672
REF*DP*043
DTM*999*20061204
RMR*IK*367220061205*PI*32.45*32.45*0
REF*PO*0020061206
REF*ST*03672
REF*DP*043
DTM*999*20061205
RMR*IK*367220061206*PI*11.8*11.8*0
REF*PO*0020061207
REF*ST*03672
REF*DP*043
DTM*999*20061206
RMR*IK*367520061130*PI*8.85*8.85*0
REF*PO*0020061201
REF*ST*03675
REF*DP*043
DTM*999*20061130
RMR*IK*367520061201*PI*41.7*41.7*0
REF*PO*0020061202
REF*ST*03675
REF*DP*043
DTM*999*20061201
RMR*IK*367520061202*PI*82.6*82.6*0
REF*PO*0020061203
REF*ST*03675
REF*DP*043
DTM*999*20061202
RMR*IK*367520061203*PI*49.8*49.8*0
REF*PO*0020061204
REF*ST*03675
REF*DP*043
DTM*999*20061203
RMR*IK*367520061204*PI*72.2*72.2*0
REF*PO*0020061205
REF*ST*03675
REF*DP*043
DTM*999*20061204
RMR*IK*367520061205*PI*44.45*44.45*0
REF*PO*0020061206
REF*ST*03675
REF*DP*043
DTM*999*20061205
RMR*IK*367520061206*PI*35.4*35.4*0
REF*PO*0020061207
REF*ST*03675
REF*DP*043
DTM*999*20061206
RMR*IK*368520061130*PI*87.1*87.1*0
REF*PO*0020061201
REF*ST*03685
REF*DP*043
DTM*999*20061130
RMR*IK*368520061201*PI*96.7*96.7*0
REF*PO*0020061202
REF*ST*03685
REF*DP*043
DTM*999*20061201
RMR*IK*368520061202*PI*103.45*103.45*0
REF*PO*0020061203
REF*ST*03685
REF*DP*043
DTM*999*20061202
RMR*IK*368520061203*PI*38.35*38.35*0
REF*PO*0020061204
REF*ST*03685
REF*DP*043
DTM*999*20061203
RMR*IK*368520061204*PI*53.1*53.1*0
REF*PO*0020061205
REF*ST*03685
REF*DP*043
DTM*999*20061204
RMR*IK*368520061205*PI*43.3*43.3*0
REF*PO*0020061206
REF*ST*03685
REF*DP*043
DTM*999*20061205
RMR*IK*368520061206*PI*8.85*8.85*0
REF*PO*0020061207
REF*ST*03685
REF*DP*043
DTM*999*20061206
RMR*IK*370120061130*PI*156.5*156.5*0
REF*PO*0020061201
REF*ST*03701
REF*DP*043
DTM*999*20061130
RMR*IK*370120061201*PI*138.6*138.6*0
REF*PO*0020061202
REF*ST*03701
REF*DP*043
DTM*999*20061201
RMR*IK*370120061202*PI*64.55*64.55*0
REF*PO*0020061203
REF*ST*03701
REF*DP*043
DTM*999*20061202
RMR*IK*370120061203*PI*73.6*73.6*0
REF*PO*0020061204
REF*ST*03701
REF*DP*043
DTM*999*20061203
RMR*IK*370120061204*PI*45.65*45.65*0
REF*PO*0020061205
REF*ST*03701
REF*DP*043
DTM*999*20061204
RMR*IK*370120061205*PI*86.45*86.45*0
REF*PO*0020061206
REF*ST*03701
REF*DP*043
DTM*999*20061205
RMR*IK*370120061206*PI*184.5*184.5*0
REF*PO*0020061207
REF*ST*03701
REF*DP*043
DTM*999*20061206
RMR*IK*370320061130*PI*35.4*35.4*0
REF*PO*0020061201
REF*ST*03703
REF*DP*043
DTM*999*20061130
RMR*IK*370320061201*PI*76.45*76.45*0
REF*PO*0020061202
REF*ST*03703
REF*DP*043
DTM*999*20061201
RMR*IK*370320061202*PI*195.7*195.7*0
REF*PO*0020061203
REF*ST*03703
REF*DP*043
DTM*999*20061202
RMR*IK*370320061203*PI*109.8*109.8*0
REF*PO*0020061204
REF*ST*03703
REF*DP*043
DTM*999*20061203
RMR*IK*370320061204*PI*142.1*142.1*0
REF*PO*0020061205
REF*ST*03703
REF*DP*043
DTM*999*20061204
RMR*IK*370320061205*PI*88.9*88.9*0
REF*PO*0020061206
REF*ST*03703
REF*DP*043
DTM*999*20061205
RMR*IK*370320061206*PI*86.2*86.2*0
REF*PO*0020061207
REF*ST*03703
REF*DP*043
DTM*999*20061206
RMR*IK*371320061130*PI*23.6*23.6*0
REF*PO*0020061201
REF*ST*03713
REF*DP*043
DTM*999*20061130
RMR*IK*371320061201*PI*23.6*23.6*0
REF*PO*0020061202
REF*ST*03713
REF*DP*043
DTM*999*20061201
RMR*IK*371320061202*PI*80.15*80.15*0
REF*PO*0020061203
REF*ST*03713
REF*DP*043
DTM*999*20061202
RMR*IK*371320061203*PI*66.05*66.05*0
REF*PO*0020061204
REF*ST*03713
REF*DP*043
DTM*999*20061203
RMR*IK*371320061204*PI*76.8*76.8*0
REF*PO*0020061205
REF*ST*03713
REF*DP*043
DTM*999*20061204
RMR*IK*371320061205*PI*35.6*35.6*0
REF*PO*0020061206
REF*ST*03713
REF*DP*043
DTM*999*20061205
RMR*IK*371320061206*PI*58.05*58.05*0
REF*PO*0020061207
REF*ST*03713
REF*DP*043
DTM*999*20061206
RMR*IK*371520061130*PI*11.8*11.8*0
REF*PO*0020061201
REF*ST*03715
REF*DP*043
DTM*999*20061130
RMR*IK*371520061201*PI*101.85*101.85*0
REF*PO*0020061202
REF*ST*03715
REF*DP*043
DTM*999*20061201
RMR*IK*371520061202*PI*151.95*151.95*0
REF*PO*0020061203
REF*ST*03715
REF*DP*043
DTM*999*20061202
RMR*IK*371520061203*PI*51*51*0
REF*PO*0020061204
REF*ST*03715
REF*DP*043
DTM*999*20061203
RMR*IK*371520061204*PI*29.85*29.85*0
REF*PO*0020061205
REF*ST*03715
REF*DP*043
DTM*999*20061204
RMR*IK*371520061205*PI*73.75*73.75*0
REF*PO*0020061206
REF*ST*03715
REF*DP*043
DTM*999*20061205
RMR*IK*371520061206*PI*17.8*17.8*0
REF*PO*0020061207
REF*ST*03715
REF*DP*043
DTM*999*20061206
RMR*IK*377320061130*PI*8.85*8.85*0
REF*PO*0020061201
REF*ST*03773
REF*DP*043
DTM*999*20061130
RMR*IK*377320061201*PI*32.75*32.75*0
REF*PO*0020061202
REF*ST*03773
REF*DP*043
DTM*999*20061201
RMR*IK*377320061202*PI*102.2*102.2*0
REF*PO*0020061203
REF*ST*03773
REF*DP*043
DTM*999*20061202
RMR*IK*377320061203*PI*111.15*111.15*0
REF*PO*0020061204
REF*ST*03773
REF*DP*043
DTM*999*20061203
RMR*IK*377320061204*PI*32.45*32.45*0
REF*PO*0020061205
REF*ST*03773
REF*DP*043
DTM*999*20061204
RMR*IK*377320061205*PI*44.25*44.25*0
REF*PO*0020061206
REF*ST*03773
REF*DP*043
DTM*999*20061205
RMR*IK*377320061206*PI*56.15*56.15*0
REF*PO*0020061207
REF*ST*03773
REF*DP*043
DTM*999*20061206
RMR*IK*382220061130*PI*27.95*27.95*0
REF*PO*0020061201
REF*ST*03822
REF*DP*043
DTM*999*20061130
RMR*IK*382220061201*PI*69.4*69.4*0
REF*PO*0020061202
REF*ST*03822
REF*DP*043
DTM*999*20061201
RMR*IK*382220061202*PI*71.35*71.35*0
REF*PO*0020061203
REF*ST*03822
REF*DP*043
DTM*999*20061202
RMR*IK*382220061203*PI*88.8*88.8*0
REF*PO*0020061204
REF*ST*03822
REF*DP*043
DTM*999*20061203
RMR*IK*382220061204*PI*57.45*57.45*0
REF*PO*0020061205
REF*ST*03822
REF*DP*043
DTM*999*20061204
RMR*IK*382220061205*PI*38.65*38.65*0
REF*PO*0020061206
REF*ST*03822
REF*DP*043
DTM*999*20061205
RMR*IK*382220061206*PI*27.85*27.85*0
REF*PO*0020061207
REF*ST*03822
REF*DP*043
DTM*999*20061206
RMR*IK*383620061130*PI*49.2*49.2*0
REF*PO*0020061201
REF*ST*03836
REF*DP*043
DTM*999*20061130
RMR*IK*383620061201*PI*29.6*29.6*0
REF*PO*0020061202
REF*ST*03836
REF*DP*043
DTM*999*20061201
RMR*IK*383620061202*PI*82.6*82.6*0
REF*PO*0020061203
REF*ST*03836
REF*DP*043
DTM*999*20061202
RMR*IK*383620061203*PI*72.9*72.9*0
REF*PO*0020061204
REF*ST*03836
REF*DP*043
DTM*999*20061203
RMR*IK*383620061204*PI*36.65*36.65*0
REF*PO*0020061205
REF*ST*03836
REF*DP*043
DTM*999*20061204
RMR*IK*383620061205*PI*14.75*14.75*0
REF*PO*0020061206
REF*ST*03836
REF*DP*043
DTM*999*20061205
RMR*IK*383620061206*PI*20.65*20.65*0
REF*PO*0020061207
REF*ST*03836
REF*DP*043
DTM*999*20061206
RMR*IK*384820061130*PI*109*109*0
REF*PO*0020061201
REF*ST*03848
REF*DP*043
DTM*999*20061130
RMR*IK*384820061201*PI*26.55*26.55*0
REF*PO*0020061202
REF*ST*03848
REF*DP*043
DTM*999*20061201
RMR*IK*384820061202*PI*99.95*99.95*0
REF*PO*0020061203
REF*ST*03848
REF*DP*043
DTM*999*20061202
RMR*IK*384820061203*PI*35.5*35.5*0
REF*PO*0020061204
REF*ST*03848
REF*DP*043
DTM*999*20061203
RMR*IK*384820061204*PI*129.05*129.05*0
REF*PO*0020061205
REF*ST*03848
REF*DP*043
DTM*999*20061204
RMR*IK*384820061205*PI*55.2*55.2*0
REF*PO*0020061206
REF*ST*03848
REF*DP*043
DTM*999*20061205
RMR*IK*384820061206*PI*78.1*78.1*0
REF*PO*0020061207
REF*ST*03848
REF*DP*043
DTM*999*20061206
RMR*IK*387620061130*PI*11.8*11.8*0
REF*PO*0020061201
REF*ST*03876
REF*DP*043
DTM*999*20061130
RMR*IK*387620061201*PI*36.45*36.45*0
REF*PO*0020061202
REF*ST*03876
REF*DP*043
DTM*999*20061201
RMR*IK*387620061202*PI*30.9*30.9*0
REF*PO*0020061203
REF*ST*03876
REF*DP*043
DTM*999*20061202
RMR*IK*387620061203*PI*142.9*142.9*0
REF*PO*0020061204
REF*ST*03876
REF*DP*043
DTM*999*20061203
RMR*IK*387620061204*PI*50.15*50.15*0
REF*PO*0020061205
REF*ST*03876
REF*DP*043
DTM*999*20061204
RMR*IK*387620061205*PI*50.25*50.25*0
REF*PO*0020061206
REF*ST*03876
REF*DP*043
DTM*999*20061205
RMR*IK*387620061206*PI*35.5*35.5*0
REF*PO*0020061207
REF*ST*03876
REF*DP*043
DTM*999*20061206
RMR*IK*390520061130*PI*65.1*65.1*0
REF*PO*0020061201
REF*ST*03905
REF*DP*043
DTM*999*20061130
RMR*IK*390520061201*PI*29.5*29.5*0
REF*PO*0020061202
REF*ST*03905
REF*DP*043
DTM*999*20061201
RMR*IK*390520061202*PI*90.55*90.55*0
REF*PO*0020061203
REF*ST*03905
REF*DP*043
DTM*999*20061202
RMR*IK*390520061203*PI*49.4*49.4*0
REF*PO*0020061204
REF*ST*03905
REF*DP*043
DTM*999*20061203
RMR*IK*390520061204*PI*65.85*65.85*0
REF*PO*0020061205
REF*ST*03905
REF*DP*043
DTM*999*20061204
RMR*IK*390520061205*PI*124.1*124.1*0
REF*PO*0020061206
REF*ST*03905
REF*DP*043
DTM*999*20061205
RMR*IK*390520061206*PI*56.15*56.15*0
REF*PO*0020061207
REF*ST*03905
REF*DP*043
DTM*999*20061206
RMR*IK*392920061130*PI*53.4*53.4*0
REF*PO*0020061201
REF*ST*03929
REF*DP*043
DTM*999*20061130
RMR*IK*392920061201*PI*77.4*77.4*0
REF*PO*0020061202
REF*ST*03929
REF*DP*043
DTM*999*20061201
RMR*IK*392920061202*PI*76.8*76.8*0
REF*PO*0020061203
REF*ST*03929
REF*DP*043
DTM*999*20061202
RMR*IK*392920061203*PI*47.4*47.4*0
REF*PO*0020061204
REF*ST*03929
REF*DP*043
DTM*999*20061203
RMR*IK*392920061204*PI*29.5*29.5*0
REF*PO*0020061205
REF*ST*03929
REF*DP*043
DTM*999*20061204
RMR*IK*392920061205*PI*61.6*61.6*0
REF*PO*0020061206
REF*ST*03929
REF*DP*043
DTM*999*20061205
RMR*IK*392920061206*PI*14.75*14.75*0
REF*PO*0020061207
REF*ST*03929
REF*DP*043
DTM*999*20061206
RMR*IK*393120061130*PI*76.15*76.15*0
REF*PO*0020061201
REF*ST*03931
REF*DP*043
DTM*999*20061130
RMR*IK*393120061201*PI*69.2*69.2*0
REF*PO*0020061202
REF*ST*03931
REF*DP*043
DTM*999*20061201
RMR*IK*393120061202*PI*83.2*83.2*0
REF*PO*0020061203
REF*ST*03931
REF*DP*043
DTM*999*20061202
RMR*IK*393120061203*PI*56.35*56.35*0
REF*PO*0020061204
REF*ST*03931
REF*DP*043
DTM*999*20061203
RMR*IK*393120061204*PI*29.6*29.6*0
REF*PO*0020061205
REF*ST*03931
REF*DP*043
DTM*999*20061204
RMR*IK*393120061205*PI*11.8*11.8*0
REF*PO*0020061206
REF*ST*03931
REF*DP*043
DTM*999*20061205
RMR*IK*393120061206*PI*109.65*109.65*0
REF*PO*0020061207
REF*ST*03931
REF*DP*043
DTM*999*20061206
RMR*IK*393920061130*PI*72.4*72.4*0
REF*PO*0020061201
REF*ST*03939
REF*DP*043
DTM*999*20061130
RMR*IK*393920061201*PI*57.55*57.55*0
REF*PO*0020061202
REF*ST*03939
REF*DP*043
DTM*999*20061201
RMR*IK*393920061202*PI*81.15*81.15*0
REF*PO*0020061203
REF*ST*03939
REF*DP*043
DTM*999*20061202
RMR*IK*393920061203*PI*126.85*126.85*0
REF*PO*0020061204
REF*ST*03939
REF*DP*043
DTM*999*20061203
RMR*IK*393920061204*PI*64.55*64.55*0
REF*PO*0020061205
REF*ST*03939
REF*DP*043
DTM*999*20061204
RMR*IK*393920061205*PI*51.1*51.1*0
REF*PO*0020061206
REF*ST*03939
REF*DP*043
DTM*999*20061205
RMR*IK*393920061206*PI*41.05*41.05*0
REF*PO*0020061207
REF*ST*03939
REF*DP*043
DTM*999*20061206
RMR*IK*394120061130*PI*76.1*76.1*0
REF*PO*0020061201
REF*ST*03941
REF*DP*043
DTM*999*20061130
RMR*IK*394120061201*PI*46.95*46.95*0
REF*PO*0020061202
REF*ST*03941
REF*DP*043
DTM*999*20061201
RMR*IK*394120061202*PI*42.25*42.25*0
REF*PO*0020061203
REF*ST*03941
REF*DP*043
DTM*999*20061202
RMR*IK*394120061203*PI*39.65*39.65*0
REF*PO*0020061204
REF*ST*03941
REF*DP*043
DTM*999*20061203
RMR*IK*394120061204*PI*79.65*79.65*0
REF*PO*0020061205
REF*ST*03941
REF*DP*043
DTM*999*20061204
RMR*IK*394120061205*PI*59.6*59.6*0
REF*PO*0020061206
REF*ST*03941
REF*DP*043
DTM*999*20061205
RMR*IK*394120061206*PI*38.55*38.55*0
REF*PO*0020061207
REF*ST*03941
REF*DP*043
DTM*999*20061206
RMR*IK*394620061201*PI*2.95*2.95*0
REF*PO*0020061202
REF*ST*03946
REF*DP*043
DTM*999*20061201
RMR*IK*394620061202*PI*62*62*0
REF*PO*0020061203
REF*ST*03946
REF*DP*043
DTM*999*20061202
RMR*IK*394620061203*PI*46.85*46.85*0
REF*PO*0020061204
REF*ST*03946
REF*DP*043
DTM*999*20061203
RMR*IK*394620061204*PI*32.55*32.55*0
REF*PO*0020061205
REF*ST*03946
REF*DP*043
DTM*999*20061204
RMR*IK*394620061205*PI*42.6*42.6*0
REF*PO*0020061206
REF*ST*03946
REF*DP*043
DTM*999*20061205
RMR*IK*394620061206*PI*34.7*34.7*0
REF*PO*0020061207
REF*ST*03946
REF*DP*043
DTM*999*20061206
RMR*IK*395720061201*PI*127.95*127.95*0
REF*PO*0020061202
REF*ST*03957
REF*DP*043
DTM*999*20061201
RMR*IK*395720061202*PI*118.4*118.4*0
REF*PO*0020061203
REF*ST*03957
REF*DP*043
DTM*999*20061202
RMR*IK*395720061203*PI*117.95*117.95*0
REF*PO*0020061204
REF*ST*03957
REF*DP*043
DTM*999*20061203
RMR*IK*395720061204*PI*45.75*45.75*0
REF*PO*0020061205
REF*ST*03957
REF*DP*043
DTM*999*20061204
RMR*IK*395720061205*PI*41.3*41.3*0
REF*PO*0020061206
REF*ST*03957
REF*DP*043
DTM*999*20061205
RMR*IK*395720061206*PI*37.1*37.1*0
REF*PO*0020061207
REF*ST*03957
REF*DP*043
DTM*999*20061206
RMR*IK*396620061130*PI*45.3*45.3*0
REF*PO*0020061201
REF*ST*03966
REF*DP*043
DTM*999*20061130
RMR*IK*396620061201*PI*94.9*94.9*0
REF*PO*0020061202
REF*ST*03966
REF*DP*043
DTM*999*20061201
RMR*IK*396620061202*PI*61.8*61.8*0
REF*PO*0020061203
REF*ST*03966
REF*DP*043
DTM*999*20061202
RMR*IK*396620061203*PI*57.1*57.1*0
REF*PO*0020061204
REF*ST*03966
REF*DP*043
DTM*999*20061203
RMR*IK*396620061204*PI*11.8*11.8*0
REF*PO*0020061205
REF*ST*03966
REF*DP*043
DTM*999*20061204
RMR*IK*396620061205*PI*28.55*28.55*0
REF*PO*0020061206
REF*ST*03966
REF*DP*043
DTM*999*20061205
RMR*IK*396620061206*PI*39.65*39.65*0
REF*PO*0020061207
REF*ST*03966
REF*DP*043
DTM*999*20061206
RMR*IK*396720061201*PI*91.55*91.55*0
REF*PO*0020061202
REF*ST*03967
REF*DP*043
DTM*999*20061201
RMR*IK*396720061202*PI*128.4*128.4*0
REF*PO*0020061203
REF*ST*03967
REF*DP*043
DTM*999*20061202
RMR*IK*396720061203*PI*17.7*17.7*0
REF*PO*0020061204
REF*ST*03967
REF*DP*043
DTM*999*20061203
RMR*IK*396720061204*PI*44.75*44.75*0
REF*PO*0020061205
REF*ST*03967
REF*DP*043
DTM*999*20061204
RMR*IK*396720061205*PI*38.35*38.35*0
REF*PO*0020061206
REF*ST*03967
REF*DP*043
DTM*999*20061205
RMR*IK*396720061206*PI*59*59*0
REF*PO*0020061207
REF*ST*03967
REF*DP*043
DTM*999*20061206
RMR*IK*397520061130*PI*90.85*90.85*0
REF*PO*0020061201
REF*ST*03975
REF*DP*043
DTM*999*20061130
RMR*IK*397520061201*PI*140.65*140.65*0
REF*PO*0020061202
REF*ST*03975
REF*DP*043
DTM*999*20061201
RMR*IK*397520061202*PI*116.7*116.7*0
REF*PO*0020061203
REF*ST*03975
REF*DP*043
DTM*999*20061202
RMR*IK*397520061203*PI*55.3*55.3*0
REF*PO*0020061204
REF*ST*03975
REF*DP*043
DTM*999*20061203
RMR*IK*397520061204*PI*79.85*79.85*0
REF*PO*0020061205
REF*ST*03975
REF*DP*043
DTM*999*20061204
RMR*IK*397520061205*PI*72.65*72.65*0
REF*PO*0020061206
REF*ST*03975
REF*DP*043
DTM*999*20061205
RMR*IK*397520061206*PI*100.35*100.35*0
REF*PO*0020061207
REF*ST*03975
REF*DP*043
DTM*999*20061206
RMR*IK*397820061130*PI*47.2*47.2*0
REF*PO*0020061201
REF*ST*03978
REF*DP*043
DTM*999*20061130
RMR*IK*397820061201*PI*161.7*161.7*0
REF*PO*0020061202
REF*ST*03978
REF*DP*043
DTM*999*20061201
RMR*IK*397820061202*PI*164.1*164.1*0
REF*PO*0020061203
REF*ST*03978
REF*DP*043
DTM*999*20061202
RMR*IK*397820061203*PI*118.35*118.35*0
REF*PO*0020061204
REF*ST*03978
REF*DP*043
DTM*999*20061203
RMR*IK*397820061204*PI*20.75*20.75*0
REF*PO*0020061205
REF*ST*03978
REF*DP*043
DTM*999*20061204
RMR*IK*397820061205*PI*26.55*26.55*0
REF*PO*0020061206
REF*ST*03978
REF*DP*043
DTM*999*20061205
RMR*IK*397820061206*PI*23.6*23.6*0
REF*PO*0020061207
REF*ST*03978
REF*DP*043
DTM*999*20061206
RMR*IK*399120061130*PI*2.95*2.95*0
REF*PO*0020061201
REF*ST*03991
REF*DP*043
DTM*999*20061130
RMR*IK*399120061201*PI*50.25*50.25*0
REF*PO*0020061202
REF*ST*03991
REF*DP*043
DTM*999*20061201
RMR*IK*399120061202*PI*309*309*0
REF*PO*0020061203
REF*ST*03991
REF*DP*043
DTM*999*20061202
RMR*IK*399120061203*PI*108.75*108.75*0
REF*PO*0020061204
REF*ST*03991
REF*DP*043
DTM*999*20061203
RMR*IK*399120061204*PI*2.95*2.95*0
REF*PO*0020061205
REF*ST*03991
REF*DP*043
DTM*999*20061204
RMR*IK*399120061205*PI*23.8*23.8*0
REF*PO*0020061206
REF*ST*03991
REF*DP*043
DTM*999*20061205
RMR*IK*399120061206*PI*35.6*35.6*0
REF*PO*0020061207
REF*ST*03991
REF*DP*043
DTM*999*20061206
RMR*IK*399420061130*PI*5.9*5.9*0
REF*PO*0020061201
REF*ST*03994
REF*DP*043
DTM*999*20061130
RMR*IK*399420061201*PI*60.4*60.4*0
REF*PO*0020061202
REF*ST*03994
REF*DP*043
DTM*999*20061201
RMR*IK*399420061202*PI*97.65*97.65*0
REF*PO*0020061203
REF*ST*03994
REF*DP*043
DTM*999*20061202
RMR*IK*399420061203*PI*53.2*53.2*0
REF*PO*0020061204
REF*ST*03994
REF*DP*043
DTM*999*20061203
RMR*IK*399420061204*PI*71*71*0
REF*PO*0020061205
REF*ST*03994
REF*DP*043
DTM*999*20061204
RMR*IK*399420061205*PI*110.3*110.3*0
REF*PO*0020061206
REF*ST*03994
REF*DP*043
DTM*999*20061205
RMR*IK*399420061206*PI*16.05*16.05*0
REF*PO*0020061207
REF*ST*03994
REF*DP*043
DTM*999*20061206
RMR*IK*399620061130*PI*66.15*66.15*0
REF*PO*0020061201
REF*ST*03996
REF*DP*043
DTM*999*20061130
RMR*IK*399620061201*PI*100.9*100.9*0
REF*PO*0020061202
REF*ST*03996
REF*DP*043
DTM*999*20061201
RMR*IK*399620061202*PI*116.7*116.7*0
REF*PO*0020061203
REF*ST*03996
REF*DP*043
DTM*999*20061202
RMR*IK*399620061203*PI*73.53*73.53*0
REF*PO*0020061204
REF*ST*03996
REF*DP*043
DTM*999*20061203
RMR*IK*399620061204*PI*50.25*50.25*0
REF*PO*0020061205
REF*ST*03996
REF*DP*043
DTM*999*20061204
RMR*IK*399620061205*PI*58.15*58.15*0
REF*PO*0020061206
REF*ST*03996
REF*DP*043
DTM*999*20061205
RMR*IK*399620061206*PI*26.55*26.55*0
REF*PO*0020061207
REF*ST*03996
REF*DP*043
DTM*999*20061206
RMR*IK*403320061130*PI*38.35*38.35*0
REF*PO*0020061201
REF*ST*04033
REF*DP*043
DTM*999*20061130
RMR*IK*403320061201*PI*94.7*94.7*0
REF*PO*0020061202
REF*ST*04033
REF*DP*043
DTM*999*20061201
RMR*IK*403320061202*PI*41.3*41.3*0
REF*PO*0020061203
REF*ST*04033
REF*DP*043
DTM*999*20061202
RMR*IK*403320061203*PI*38.1*38.1*0
REF*PO*0020061204
REF*ST*04033
REF*DP*043
DTM*999*20061203
RMR*IK*403320061204*PI*61.95*61.95*0
REF*PO*0020061205
REF*ST*04033
REF*DP*043
DTM*999*20061204
RMR*IK*403320061205*PI*26.65*26.65*0
REF*PO*0020061206
REF*ST*04033
REF*DP*043
DTM*999*20061205
RMR*IK*403320061206*PI*50.35*50.35*0
REF*PO*0020061207
REF*ST*04033
REF*DP*043
DTM*999*20061206
RMR*IK*407120061130*PI*35.4*35.4*0
REF*PO*0020061201
REF*ST*04071
REF*DP*043
DTM*999*20061130
RMR*IK*407120061201*PI*87.4*87.4*0
REF*PO*0020061202
REF*ST*04071
REF*DP*043
DTM*999*20061201
RMR*IK*407120061202*PI*47.5*47.5*0
REF*PO*0020061203
REF*ST*04071
REF*DP*043
DTM*999*20061202
RMR*IK*407120061203*PI*111.25*111.25*0
REF*PO*0020061204
REF*ST*04071
REF*DP*043
DTM*999*20061203
RMR*IK*407120061204*PI*79.6*79.6*0
REF*PO*0020061205
REF*ST*04071
REF*DP*043
DTM*999*20061204
RMR*IK*407120061205*PI*47.4*47.4*0
REF*PO*0020061206
REF*ST*04071
REF*DP*043
DTM*999*20061205
RMR*IK*407120061206*PI*33.75*33.75*0
REF*PO*0020061207
REF*ST*04071
REF*DP*043
DTM*999*20061206
RMR*IK*407220061130*PI*20.85*20.85*0
REF*PO*0020061201
REF*ST*04072
REF*DP*043
DTM*999*20061130
RMR*IK*407220061201*PI*32.45*32.45*0
REF*PO*0020061202
REF*ST*04072
REF*DP*043
DTM*999*20061201
RMR*IK*407220061202*PI*29.5*29.5*0
REF*PO*0020061203
REF*ST*04072
REF*DP*043
DTM*999*20061202
RMR*IK*407220061203*PI*50.65*50.65*0
REF*PO*0020061204
REF*ST*04072
REF*DP*043
DTM*999*20061203
RMR*IK*407220061204*PI*11.8*11.8*0
REF*PO*0020061205
REF*ST*04072
REF*DP*043
DTM*999*20061204
RMR*IK*407220061205*PI*8.85*8.85*0
REF*PO*0020061206
REF*ST*04072
REF*DP*043
DTM*999*20061205
RMR*IK*407220061206*PI*17.7*17.7*0
REF*PO*0020061207
REF*ST*04072
REF*DP*043
DTM*999*20061206
RMR*IK*409320061130*PI*97*97*0
REF*PO*0020061201
REF*ST*04093
REF*DP*043
DTM*999*20061130
RMR*IK*409320061201*PI*95.15*95.15*0
REF*PO*0020061202
REF*ST*04093
REF*DP*043
DTM*999*20061201
RMR*IK*409320061202*PI*143.45*143.45*0
REF*PO*0020061203
REF*ST*04093
REF*DP*043
DTM*999*20061202
RMR*IK*409320061203*PI*105.95*105.95*0
REF*PO*0020061204
REF*ST*04093
REF*DP*043
DTM*999*20061203
RMR*IK*409320061204*PI*37.4*37.4*0
REF*PO*0020061205
REF*ST*04093
REF*DP*043
DTM*999*20061204
RMR*IK*409320061205*PI*51.45*51.45*0
REF*PO*0020061206
REF*ST*04093
REF*DP*043
DTM*999*20061205
RMR*IK*409320061206*PI*131.1*131.1*0
REF*PO*0020061207
REF*ST*04093
REF*DP*043
DTM*999*20061206
RMR*IK*410320061130*PI*95.43*95.43*0
REF*PO*0020061201
REF*ST*04103
REF*DP*043
DTM*999*20061130
RMR*IK*410320061201*PI*136.3*136.3*0
REF*PO*0020061202
REF*ST*04103
REF*DP*043
DTM*999*20061201
RMR*IK*410320061202*PI*90.85*90.85*0
REF*PO*0020061203
REF*ST*04103
REF*DP*043
DTM*999*20061202
RMR*IK*410320061203*PI*69.3*69.3*0
REF*PO*0020061204
REF*ST*04103
REF*DP*043
DTM*999*20061203
RMR*IK*410320061204*PI*89.15*89.15*0
REF*PO*0020061205
REF*ST*04103
REF*DP*043
DTM*999*20061204
RMR*IK*410320061205*PI*63.46*63.46*0
REF*PO*0020061206
REF*ST*04103
REF*DP*043
DTM*999*20061205
RMR*IK*410320061206*PI*120*120*0
REF*PO*0020061207
REF*ST*04103
REF*DP*043
DTM*999*20061206
RMR*IK*412220061130*PI*23.6*23.6*0
REF*PO*0020061201
REF*ST*04122
REF*DP*043
DTM*999*20061130
RMR*IK*412220061201*PI*50.25*50.25*0
REF*PO*0020061202
REF*ST*04122
REF*DP*043
DTM*999*20061201
RMR*IK*412220061202*PI*71.2*71.2*0
REF*PO*0020061203
REF*ST*04122
REF*DP*043
DTM*999*20061202
RMR*IK*412220061203*PI*33.85*33.85*0
REF*PO*0020061204
REF*ST*04122
REF*DP*043
DTM*999*20061203
RMR*IK*412220061204*PI*19.25*19.25*0
REF*PO*0020061205
REF*ST*04122
REF*DP*043
DTM*999*20061204
RMR*IK*412220061205*PI*20.65*20.65*0
REF*PO*0020061206
REF*ST*04122
REF*DP*043
DTM*999*20061205
RMR*IK*412220061206*PI*106.3*106.3*0
REF*PO*0020061207
REF*ST*04122
REF*DP*043
DTM*999*20061206
RMR*IK*418920061201*PI*87.55*87.55*0
REF*PO*0020061202
REF*ST*04189
REF*DP*043
DTM*999*20061201
RMR*IK*418920061202*PI*173*173*0
REF*PO*0020061203
REF*ST*04189
REF*DP*043
DTM*999*20061202
RMR*IK*418920061203*PI*32.45*32.45*0
REF*PO*0020061204
REF*ST*04189
REF*DP*043
DTM*999*20061203
RMR*IK*418920061204*PI*159.3*159.3*0
REF*PO*0020061205
REF*ST*04189
REF*DP*043
DTM*999*20061204
RMR*IK*418920061205*PI*41.3*41.3*0
REF*PO*0020061206
REF*ST*04189
REF*DP*043
DTM*999*20061205
RMR*IK*418920061206*PI*41.4*41.4*0
REF*PO*0020061207
REF*ST*04189
REF*DP*043
DTM*999*20061206
RMR*IK*419820061130*PI*176.6*176.6*0
REF*PO*0020061201
REF*ST*04198
REF*DP*043
DTM*999*20061130
RMR*IK*419820061201*PI*77.65*77.65*0
REF*PO*0020061202
REF*ST*04198
REF*DP*043
DTM*999*20061201
RMR*IK*419820061202*PI*155.75*155.75*0
REF*PO*0020061203
REF*ST*04198
REF*DP*043
DTM*999*20061202
RMR*IK*419820061203*PI*130.7*130.7*0
REF*PO*0020061204
REF*ST*04198
REF*DP*043
DTM*999*20061203
RMR*IK*419820061204*PI*129.3*129.3*0
REF*PO*0020061205
REF*ST*04198
REF*DP*043
DTM*999*20061204
RMR*IK*419820061205*PI*42.25*42.25*0
REF*PO*0020061206
REF*ST*04198
REF*DP*043
DTM*999*20061205
RMR*IK*419820061206*PI*38.85*38.85*0
REF*PO*0020061207
REF*ST*04198
REF*DP*043
DTM*999*20061206
RMR*IK*421320061130*PI*46.55*46.55*0
REF*PO*0020061201
REF*ST*04213
REF*DP*043
DTM*999*20061130
RMR*IK*421320061201*PI*58.35*58.35*0
REF*PO*0020061202
REF*ST*04213
REF*DP*043
DTM*999*20061201
RMR*IK*421320061202*PI*156.95*156.95*0
REF*PO*0020061203
REF*ST*04213
REF*DP*043
DTM*999*20061202
RMR*IK*421320061203*PI*11.8*11.8*0
REF*PO*0020061204
REF*ST*04213
REF*DP*043
DTM*999*20061203
RMR*IK*421320061204*PI*91.95*91.95*0
REF*PO*0020061205
REF*ST*04213
REF*DP*043
DTM*999*20061204
RMR*IK*421320061205*PI*53.4*53.4*0
REF*PO*0020061206
REF*ST*04213
REF*DP*043
DTM*999*20061205
RMR*IK*421320061206*PI*64.25*64.25*0
REF*PO*0020061207
REF*ST*04213
REF*DP*043
DTM*999*20061206
RMR*IK*424420061130*PI*56.05*56.05*0
REF*PO*0020061201
REF*ST*04244
REF*DP*043
DTM*999*20061130
RMR*IK*424420061201*PI*173.8*173.8*0
REF*PO*0020061202
REF*ST*04244
REF*DP*043
DTM*999*20061201
RMR*IK*424420061202*PI*180.25*180.25*0
REF*PO*0020061203
REF*ST*04244
REF*DP*043
DTM*999*20061202
RMR*IK*424420061203*PI*78.9*78.9*0
REF*PO*0020061204
REF*ST*04244
REF*DP*043
DTM*999*20061203
RMR*IK*424420061204*PI*114.4*114.4*0
REF*PO*0020061205
REF*ST*04244
REF*DP*043
DTM*999*20061204
RMR*IK*424420061205*PI*85.65*85.65*0
REF*PO*0020061206
REF*ST*04244
REF*DP*043
DTM*999*20061205
RMR*IK*424420061206*PI*70.05*70.05*0
REF*PO*0020061207
REF*ST*04244
REF*DP*043
DTM*999*20061206
RMR*IK*430820061130*PI*122.45*122.45*0
REF*PO*0020061201
REF*ST*04308
REF*DP*043
DTM*999*20061130
RMR*IK*430820061201*PI*85.7*85.7*0
REF*PO*0020061202
REF*ST*04308
REF*DP*043
DTM*999*20061201
RMR*IK*430820061202*PI*87.15*87.15*0
REF*PO*0020061203
REF*ST*04308
REF*DP*043
DTM*999*20061202
RMR*IK*430820061203*PI*66.4*66.4*0
REF*PO*0020061204
REF*ST*04308
REF*DP*043
DTM*999*20061203
RMR*IK*430820061204*PI*47.2*47.2*0
REF*PO*0020061205
REF*ST*04308
REF*DP*043
DTM*999*20061204
RMR*IK*430820061205*PI*32.45*32.45*0
REF*PO*0020061206
REF*ST*04308
REF*DP*043
DTM*999*20061205
RMR*IK*430820061206*PI*79.85*79.85*0
REF*PO*0020061207
REF*ST*04308
REF*DP*043
DTM*999*20061206
RMR*IK*431220061130*PI*155.85*155.85*0
REF*PO*0020061201
REF*ST*04312
REF*DP*043
DTM*999*20061130
RMR*IK*431220061201*PI*76.85*76.85*0
REF*PO*0020061202
REF*ST*04312
REF*DP*043
DTM*999*20061201
RMR*IK*431220061202*PI*43.5*43.5*0
REF*PO*0020061203
REF*ST*04312
REF*DP*043
DTM*999*20061202
RMR*IK*431220061203*PI*115.2*115.2*0
REF*PO*0020061204
REF*ST*04312
REF*DP*043
DTM*999*20061203
RMR*IK*431220061204*PI*102.4*102.4*0
REF*PO*0020061205
REF*ST*04312
REF*DP*043
DTM*999*20061204
RMR*IK*431220061205*PI*104.95*104.95*0
REF*PO*0020061206
REF*ST*04312
REF*DP*043
DTM*999*20061205
RMR*IK*431220061206*PI*29.5*29.5*0
REF*PO*0020061207
REF*ST*04312
REF*DP*043
DTM*999*20061206
RMR*IK*445120061130*PI*32.55*32.55*0
REF*PO*0020061201
REF*ST*04451
REF*DP*043
DTM*999*20061130
RMR*IK*445120061201*PI*11.9*11.9*0
REF*PO*0020061202
REF*ST*04451
REF*DP*043
DTM*999*20061201
RMR*IK*445120061202*PI*35.7*35.7*0
REF*PO*0020061203
REF*ST*04451
REF*DP*043
DTM*999*20061202
RMR*IK*445120061203*PI*17.7*17.7*0
REF*PO*0020061204
REF*ST*04451
REF*DP*043
DTM*999*20061203
RMR*IK*445120061204*PI*44.45*44.45*0
REF*PO*0020061205
REF*ST*04451
REF*DP*043
DTM*999*20061204
RMR*IK*445120061205*PI*6*6*0
REF*PO*0020061206
REF*ST*04451
REF*DP*043
DTM*999*20061205
RMR*IK*445120061206*PI*11.8*11.8*0
REF*PO*0020061207
REF*ST*04451
REF*DP*043
DTM*999*20061206
RMR*IK*447520061130*PI*153.15*153.15*0
REF*PO*0020061201
REF*ST*04475
REF*DP*043
DTM*999*20061130
RMR*IK*447520061201*PI*79.85*79.85*0
REF*PO*0020061202
REF*ST*04475
REF*DP*043
DTM*999*20061201
RMR*IK*447520061202*PI*171.6*171.6*0
REF*PO*0020061203
REF*ST*04475
REF*DP*043
DTM*999*20061202
RMR*IK*447520061203*PI*56.35*56.35*0
REF*PO*0020061204
REF*ST*04475
REF*DP*043
DTM*999*20061203
RMR*IK*447520061204*PI*8.85*8.85*0
REF*PO*0020061205
REF*ST*04475
REF*DP*043
DTM*999*20061204
RMR*IK*447520061205*PI*38.35*38.35*0
REF*PO*0020061206
REF*ST*04475
REF*DP*043
DTM*999*20061205
RMR*IK*447520061206*PI*56.25*56.25*0
REF*PO*0020061207
REF*ST*04475
REF*DP*043
DTM*999*20061206
RMR*IK*448920061130*PI*67.8*67.8*0
REF*PO*0020061201
REF*ST*04489
REF*DP*043
DTM*999*20061130
RMR*IK*448920061201*PI*57.45*57.45*0
REF*PO*0020061202
REF*ST*04489
REF*DP*043
DTM*999*20061201
RMR*IK*448920061202*PI*45.65*45.65*0
REF*PO*0020061203
REF*ST*04489
REF*DP*043
DTM*999*20061202
RMR*IK*448920061203*PI*56.35*56.35*0
REF*PO*0020061204
REF*ST*04489
REF*DP*043
DTM*999*20061203
RMR*IK*448920061204*PI*41.4*41.4*0
REF*PO*0020061205
REF*ST*04489
REF*DP*043
DTM*999*20061204
RMR*IK*448920061205*PI*105.15*105.15*0
REF*PO*0020061206
REF*ST*04489
REF*DP*043
DTM*999*20061205
RMR*IK*448920061206*PI*104.6*104.6*0
REF*PO*0020061207
REF*ST*04489
REF*DP*043
DTM*999*20061206
RMR*IK*471720061130*PI*91.45*91.45*0
REF*PO*0020061201
REF*ST*04717
REF*DP*043
DTM*999*20061130
RMR*IK*471720061201*PI*91.2*91.2*0
REF*PO*0020061202
REF*ST*04717
REF*DP*043
DTM*999*20061201
RMR*IK*471720061202*PI*82.9*82.9*0
REF*PO*0020061203
REF*ST*04717
REF*DP*043
DTM*999*20061202
RMR*IK*471720061203*PI*75.95*75.95*0
REF*PO*0020061204
REF*ST*04717
REF*DP*043
DTM*999*20061203
RMR*IK*471720061204*PI*41.4*41.4*0
REF*PO*0020061205
REF*ST*04717
REF*DP*043
DTM*999*20061204
RMR*IK*471720061205*PI*47.4*47.4*0
REF*PO*0020061206
REF*ST*04717
REF*DP*043
DTM*999*20061205
RMR*IK*471720061206*PI*70.8*70.8*0
REF*PO*0020061207
REF*ST*04717
REF*DP*043
DTM*999*20061206
RMR*IK*471920061130*PI*165.6*165.6*0
REF*PO*0020061201
REF*ST*04719
REF*DP*043
DTM*999*20061130
RMR*IK*471920061201*PI*236.84*236.84*0
REF*PO*0020061202
REF*ST*04719
REF*DP*043
DTM*999*20061201
RMR*IK*471920061202*PI*297.65*297.65*0
REF*PO*0020061203
REF*ST*04719
REF*DP*043
DTM*999*20061202
RMR*IK*471920061203*PI*147.65*147.65*0
REF*PO*0020061204
REF*ST*04719
REF*DP*043
DTM*999*20061203
RMR*IK*471920061204*PI*126.95*126.95*0
REF*PO*0020061205
REF*ST*04719
REF*DP*043
DTM*999*20061204
RMR*IK*471920061205*PI*133.07*133.07*0
REF*PO*0020061206
REF*ST*04719
REF*DP*043
DTM*999*20061205
RMR*IK*471920061206*PI*169.5*169.5*0
REF*PO*0020061207
REF*ST*04719
REF*DP*043
DTM*999*20061206
RMR*IK*471920061221*PI*-1.48*-1.48*0
REF*PO*0020061223
REF*ST*04719
REF*DP*043
DTM*999*20061221
RMR*IK*472320061130*PI*70.05*70.05*0
REF*PO*0020061201
REF*ST*04723
REF*DP*043
DTM*999*20061130
RMR*IK*472320061201*PI*67.95*67.95*0
REF*PO*0020061202
REF*ST*04723
REF*DP*043
DTM*999*20061201
RMR*IK*472320061202*PI*13.1*13.1*0
REF*PO*0020061203
REF*ST*04723
REF*DP*043
DTM*999*20061202
RMR*IK*472320061203*PI*106.2*106.2*0
REF*PO*0020061204
REF*ST*04723
REF*DP*043
DTM*999*20061203
RMR*IK*472320061204*PI*133.9*133.9*0
REF*PO*0020061205
REF*ST*04723
REF*DP*043
DTM*999*20061204
RMR*IK*472320061205*PI*17.8*17.8*0
REF*PO*0020061206
REF*ST*04723
REF*DP*043
DTM*999*20061205
RMR*IK*472320061206*PI*47.2*47.2*0
REF*PO*0020061207
REF*ST*04723
REF*DP*043
DTM*999*20061206
RMR*IK*473920061130*PI*32.45*32.45*0
REF*PO*0020061201
REF*ST*04739
REF*DP*043
DTM*999*20061130
RMR*IK*473920061201*PI*68.05*68.05*0
REF*PO*0020061202
REF*ST*04739
REF*DP*043
DTM*999*20061201
RMR*IK*473920061202*PI*99.15*99.15*0
REF*PO*0020061203
REF*ST*04739
REF*DP*043
DTM*999*20061202
RMR*IK*473920061203*PI*65.35*65.35*0
REF*PO*0020061204
REF*ST*04739
REF*DP*043
DTM*999*20061203
RMR*IK*473920061204*PI*50.45*50.45*0
REF*PO*0020061205
REF*ST*04739
REF*DP*043
DTM*999*20061204
RMR*IK*473920061205*PI*47.6*47.6*0
REF*PO*0020061206
REF*ST*04739
REF*DP*043
DTM*999*20061205
RMR*IK*473920061206*PI*29.5*29.5*0
REF*PO*0020061207
REF*ST*04739
REF*DP*043
DTM*999*20061206
RMR*IK*475320061130*PI*84.05*84.05*0
REF*PO*0020061201
REF*ST*04753
REF*DP*043
DTM*999*20061130
RMR*IK*475320061201*PI*138.65*138.65*0
REF*PO*0020061202
REF*ST*04753
REF*DP*043
DTM*999*20061201
RMR*IK*475320061202*PI*94.8*94.8*0
REF*PO*0020061203
REF*ST*04753
REF*DP*043
DTM*999*20061202
RMR*IK*475320061203*PI*48.6*48.6*0
REF*PO*0020061204
REF*ST*04753
REF*DP*043
DTM*999*20061203
RMR*IK*475320061204*PI*29.6*29.6*0
REF*PO*0020061205
REF*ST*04753
REF*DP*043
DTM*999*20061204
RMR*IK*475320061205*PI*35.4*35.4*0
REF*PO*0020061206
REF*ST*04753
REF*DP*043
DTM*999*20061205
RMR*IK*475320061206*PI*14.75*14.75*0
REF*PO*0020061207
REF*ST*04753
REF*DP*043
DTM*999*20061206
RMR*IK*476020061130*PI*49.9*49.9*0
REF*PO*0020061201
REF*ST*04760
REF*DP*043
DTM*999*20061130
RMR*IK*476020061201*PI*164.35*164.35*0
REF*PO*0020061202
REF*ST*04760
REF*DP*043
DTM*999*20061201
RMR*IK*476020061202*PI*82.8*82.8*0
REF*PO*0020061203
REF*ST*04760
REF*DP*043
DTM*999*20061202
RMR*IK*476020061203*PI*104.55*104.55*0
REF*PO*0020061204
REF*ST*04760
REF*DP*043
DTM*999*20061203
RMR*IK*476020061204*PI*17.7*17.7*0
REF*PO*0020061205
REF*ST*04760
REF*DP*043
DTM*999*20061204
RMR*IK*476020061205*PI*51.45*51.45*0
REF*PO*0020061206
REF*ST*04760
REF*DP*043
DTM*999*20061205
RMR*IK*476020061206*PI*14.75*14.75*0
REF*PO*0020061207
REF*ST*04760
REF*DP*043
DTM*999*20061206
RMR*IK*476920061130*PI*63.45*63.45*0
REF*PO*0020061201
REF*ST*04769
REF*DP*043
DTM*999*20061130
RMR*IK*476920061201*PI*29.15*29.15*0
REF*PO*0020061202
REF*ST*04769
REF*DP*043
DTM*999*20061201
RMR*IK*476920061202*PI*116.3*116.3*0
REF*PO*0020061203
REF*ST*04769
REF*DP*043
DTM*999*20061202
RMR*IK*476920061203*PI*28.65*28.65*0
REF*PO*0020061204
REF*ST*04769
REF*DP*043
DTM*999*20061203
RMR*IK*476920061204*PI*25*25*0
REF*PO*0020061205
REF*ST*04769
REF*DP*043
DTM*999*20061204
RMR*IK*476920061205*PI*50.25*50.25*0
REF*PO*0020061206
REF*ST*04769
REF*DP*043
DTM*999*20061205
RMR*IK*476920061206*PI*14.75*14.75*0
REF*PO*0020061207
REF*ST*04769
REF*DP*043
DTM*999*20061206
RMR*IK*481720061130*PI*153.1*153.1*0
REF*PO*0020061201
REF*ST*04817
REF*DP*043
DTM*999*20061130
RMR*IK*481720061201*PI*105.15*105.15*0
REF*PO*0020061202
REF*ST*04817
REF*DP*043
DTM*999*20061201
RMR*IK*481720061202*PI*52.15*52.15*0
REF*PO*0020061203
REF*ST*04817
REF*DP*043
DTM*999*20061202
RMR*IK*481720061203*PI*124.3*124.3*0
REF*PO*0020061204
REF*ST*04817
REF*DP*043
DTM*999*20061203
RMR*IK*481720061204*PI*94.8*94.8*0
REF*PO*0020061205
REF*ST*04817
REF*DP*043
DTM*999*20061204
RMR*IK*481720061205*PI*47.2*47.2*0
REF*PO*0020061206
REF*ST*04817
REF*DP*043
DTM*999*20061205
RMR*IK*481720061206*PI*121*121*0
REF*PO*0020061207
REF*ST*04817
REF*DP*043
DTM*999*20061206
RMR*IK*483520061130*PI*11.8*11.8*0
REF*PO*0020061201
REF*ST*04835
REF*DP*043
DTM*999*20061130
RMR*IK*483520061201*PI*35.4*35.4*0
REF*PO*0020061202
REF*ST*04835
REF*DP*043
DTM*999*20061201
RMR*IK*483520061202*PI*88.6*88.6*0
REF*PO*0020061203
REF*ST*04835
REF*DP*043
DTM*999*20061202
RMR*IK*483520061203*PI*23.7*23.7*0
REF*PO*0020061204
REF*ST*04835
REF*DP*043
DTM*999*20061203
RMR*IK*483520061204*PI*17.9*17.9*0
REF*PO*0020061205
REF*ST*04835
REF*DP*043
DTM*999*20061204
RMR*IK*483520061205*PI*17.7*17.7*0
REF*PO*0020061206
REF*ST*04835
REF*DP*043
DTM*999*20061205
RMR*IK*483520061206*PI*44.65*44.65*0
REF*PO*0020061207
REF*ST*04835
REF*DP*043
DTM*999*20061206
RMR*IK*488320061130*PI*83.75*83.75*0
REF*PO*0020061201
REF*ST*04883
REF*DP*043
DTM*999*20061130
RMR*IK*488320061201*PI*91.2*91.2*0
REF*PO*0020061202
REF*ST*04883
REF*DP*043
DTM*999*20061201
RMR*IK*488320061202*PI*63.35*63.35*0
REF*PO*0020061203
REF*ST*04883
REF*DP*043
DTM*999*20061202
RMR*IK*488320061203*PI*47.6*47.6*0
REF*PO*0020061204
REF*ST*04883
REF*DP*043
DTM*999*20061203
RMR*IK*488320061204*PI*17.8*17.8*0
REF*PO*0020061205
REF*ST*04883
REF*DP*043
DTM*999*20061204
RMR*IK*488320061205*PI*106.3*106.3*0
REF*PO*0020061206
REF*ST*04883
REF*DP*043
DTM*999*20061205
RMR*IK*488320061206*PI*94.4*94.4*0
REF*PO*0020061207
REF*ST*04883
REF*DP*043
DTM*999*20061206
RMR*IK*489820061130*PI*62.9*62.9*0
REF*PO*0020061201
REF*ST*04898
REF*DP*043
DTM*999*20061130
RMR*IK*489820061201*PI*70.45*70.45*0
REF*PO*0020061202
REF*ST*04898
REF*DP*043
DTM*999*20061201
RMR*IK*489820061202*PI*160.35*160.35*0
REF*PO*0020061203
REF*ST*04898
REF*DP*043
DTM*999*20061202
RMR*IK*489820061203*PI*74.05*74.05*0
REF*PO*0020061204
REF*ST*04898
REF*DP*043
DTM*999*20061203
RMR*IK*489820061204*PI*24.9*24.9*0
REF*PO*0020061205
REF*ST*04898
REF*DP*043
DTM*999*20061204
RMR*IK*489820061205*PI*26.75*26.75*0
REF*PO*0020061206
REF*ST*04898
REF*DP*043
DTM*999*20061205
RMR*IK*489820061206*PI*8.95*8.95*0
REF*PO*0020061207
REF*ST*04898
REF*DP*043
DTM*999*20061206
RMR*IK*497020061130*PI*124.6*124.6*0
REF*PO*0020061201
REF*ST*04970
REF*DP*043
DTM*999*20061130
RMR*IK*497020061201*PI*60.5*60.5*0
REF*PO*0020061202
REF*ST*04970
REF*DP*043
DTM*999*20061201
RMR*IK*497020061202*PI*110.55*110.55*0
REF*PO*0020061203
REF*ST*04970
REF*DP*043
DTM*999*20061202
RMR*IK*497020061203*PI*56.35*56.35*0
REF*PO*0020061204
REF*ST*04970
REF*DP*043
DTM*999*20061203
RMR*IK*497020061204*PI*59.1*59.1*0
REF*PO*0020061205
REF*ST*04970
REF*DP*043
DTM*999*20061204
RMR*IK*497020061205*PI*106.45*106.45*0
REF*PO*0020061206
REF*ST*04970
REF*DP*043
DTM*999*20061205
RMR*IK*497020061206*PI*119.35*119.35*0
REF*PO*0020061207
REF*ST*04970
REF*DP*043
DTM*999*20061206
RMR*IK*502320061130*PI*41.3*41.3*0
REF*PO*0020061202
REF*ST*05023
REF*DP*043
DTM*999*20061130
RMR*IK*502320061201*PI*42.8*42.8*0
REF*PO*0020061203
REF*ST*05023
REF*DP*043
DTM*999*20061201
RMR*IK*502320061202*PI*73.2*73.2*0
REF*PO*0020061204
REF*ST*05023
REF*DP*043
DTM*999*20061202
RMR*IK*502320061203*PI*5.9*5.9*0
REF*PO*0020061205
REF*ST*05023
REF*DP*043
DTM*999*20061203
RMR*IK*502320061204*PI*28.55*28.55*0
REF*PO*0020061206
REF*ST*05023
REF*DP*043
DTM*999*20061204
RMR*IK*502320061205*PI*54.95*54.95*0
REF*PO*0020061207
REF*ST*05023
REF*DP*043
DTM*999*20061205
RMR*IK*502320061206*PI*26.65*26.65*0
REF*PO*0020061208
REF*ST*05023
REF*DP*043
DTM*999*20061206
RMR*IK*506620061130*PI*2.95*2.95*0
REF*PO*0020061202
REF*ST*05066
REF*DP*043
DTM*999*20061130
RMR*IK*506620061201*PI*26.85*26.85*0
REF*PO*0020061203
REF*ST*05066
REF*DP*043
DTM*999*20061201
RMR*IK*506620061202*PI*35.4*35.4*0
REF*PO*0020061204
REF*ST*05066
REF*DP*043
DTM*999*20061202
RMR*IK*506620061203*PI*17.8*17.8*0
REF*PO*0020061205
REF*ST*05066
REF*DP*043
DTM*999*20061203
RMR*IK*506620061204*PI*26.65*26.65*0
REF*PO*0020061206
REF*ST*05066
REF*DP*043
DTM*999*20061204
RMR*IK*506620061205*PI*14.85*14.85*0
REF*PO*0020061207
REF*ST*05066
REF*DP*043
DTM*999*20061205
RMR*IK*506620061206*PI*17.7*17.7*0
REF*PO*0020061208
REF*ST*05066
REF*DP*043
DTM*999*20061206
RMR*IK*507020061130*PI*57.75*57.75*0
REF*PO*0020061202
REF*ST*05070
REF*DP*043
DTM*999*20061130
RMR*IK*507020061201*PI*94.35*94.35*0
REF*PO*0020061203
REF*ST*05070
REF*DP*043
DTM*999*20061201
RMR*IK*507020061202*PI*52.75*52.75*0
REF*PO*0020061204
REF*ST*05070
REF*DP*043
DTM*999*20061202
RMR*IK*507020061203*PI*29.8*29.8*0
REF*PO*0020061205
REF*ST*05070
REF*DP*043
DTM*999*20061203
RMR*IK*507020061204*PI*84.2*84.2*0
REF*PO*0020061207
REF*ST*05070
REF*DP*043
DTM*999*20061204
RMR*IK*507020061206*PI*94.15*94.15*0
REF*PO*0020061208
REF*ST*05070
REF*DP*043
DTM*999*20061206
RMR*IK*507720061130*PI*33.75*33.75*0
REF*PO*0020061202
REF*ST*05077
REF*DP*043
DTM*999*20061130
RMR*IK*507720061201*PI*113.35*113.35*0
REF*PO*0020061203
REF*ST*05077
REF*DP*043
DTM*999*20061201
RMR*IK*507720061202*PI*60.5*60.5*0
REF*PO*0020061204
REF*ST*05077
REF*DP*043
DTM*999*20061202
RMR*IK*507720061203*PI*59.65*59.65*0
REF*PO*0020061205
REF*ST*05077
REF*DP*043
DTM*999*20061203
RMR*IK*507720061204*PI*32.75*32.75*0
REF*PO*0020061206
REF*ST*05077
REF*DP*043
DTM*999*20061204
RMR*IK*507720061205*PI*5.9*5.9*0
REF*PO*0020061207
REF*ST*05077
REF*DP*043
DTM*999*20061205
RMR*IK*507720061206*PI*41.3*41.3*0
REF*PO*0020061208
REF*ST*05077
REF*DP*043
DTM*999*20061206
RMR*IK*507720061223*PI*-2.96*-2.96*0
REF*PO*0020061225
REF*ST*05077
REF*DP*043
DTM*999*20061223
RMR*IK*702820061202*PI*129.85*129.85*0
REF*PO*0020061203
REF*ST*07028
REF*DP*043
DTM*999*20061202
RMR*IK*702820061203*PI*143.85*143.85*0
REF*PO*0020061204
REF*ST*07028
REF*DP*043
DTM*999*20061203
RMR*IK*702820061204*PI*11.8*11.8*0
REF*PO*0020061205
REF*ST*07028
REF*DP*043
DTM*999*20061204
RMR*IK*702820061205*PI*50.25*50.25*0
REF*PO*0020061206
REF*ST*07028
REF*DP*043
DTM*999*20061205
RMR*IK*702820061206*PI*76.35*76.35*0
REF*PO*0020061207
REF*ST*07028
REF*DP*043
DTM*999*20061206
RMR*IK*704520061130*PI*101.95*101.95*0
REF*PO*0020061201
REF*ST*07045
REF*DP*043
DTM*999*20061130
RMR*IK*704520061201*PI*79.65*79.65*0
REF*PO*0020061202
REF*ST*07045
REF*DP*043
DTM*999*20061201
RMR*IK*704520061202*PI*53.2*53.2*0
REF*PO*0020061203
REF*ST*07045
REF*DP*043
DTM*999*20061202
RMR*IK*704520061203*PI*14.75*14.75*0
REF*PO*0020061204
REF*ST*07045
REF*DP*043
DTM*999*20061203
RMR*IK*704520061204*PI*32.55*32.55*0
REF*PO*0020061205
REF*ST*07045
REF*DP*043
DTM*999*20061204
RMR*IK*704520061205*PI*64.3*64.3*0
REF*PO*0020061206
REF*ST*07045
REF*DP*043
DTM*999*20061205
RMR*IK*704520061206*PI*24.1*24.1*0
REF*PO*0020061207
REF*ST*07045
REF*DP*043
DTM*999*20061206
RMR*IK*705920061130*PI*51.1*51.1*0
REF*PO*0020061201
REF*ST*07059
REF*DP*043
DTM*999*20061130
RMR*IK*705920061201*PI*82.7*82.7*0
REF*PO*0020061202
REF*ST*07059
REF*DP*043
DTM*999*20061201
RMR*IK*705920061202*PI*77.65*77.65*0
REF*PO*0020061203
REF*ST*07059
REF*DP*043
DTM*999*20061202
RMR*IK*705920061203*PI*26.65*26.65*0
REF*PO*0020061204
REF*ST*07059
REF*DP*043
DTM*999*20061203
RMR*IK*705920061204*PI*11.8*11.8*0
REF*PO*0020061205
REF*ST*07059
REF*DP*043
DTM*999*20061204
RMR*IK*705920061205*PI*14.85*14.85*0
REF*PO*0020061206
REF*ST*07059
REF*DP*043
DTM*999*20061205
RMR*IK*705920061206*PI*2.95*2.95*0
REF*PO*0020061207
REF*ST*07059
REF*DP*043
DTM*999*20061206
RMR*IK*706320061201*PI*38.55*38.55*0
REF*PO*0020061202
REF*ST*07063
REF*DP*043
DTM*999*20061201
RMR*IK*706320061202*PI*32.55*32.55*0
REF*PO*0020061203
REF*ST*07063
REF*DP*043
DTM*999*20061202
RMR*IK*706320061203*PI*23.9*23.9*0
REF*PO*0020061204
REF*ST*07063
REF*DP*043
DTM*999*20061203
RMR*IK*706320061204*PI*14.75*14.75*0
REF*PO*0020061205
REF*ST*07063
REF*DP*043
DTM*999*20061204
RMR*IK*706320061205*PI*20.3*20.3*0
REF*PO*0020061206
REF*ST*07063
REF*DP*043
DTM*999*20061205
RMR*IK*706320061206*PI*11.8*11.8*0
REF*PO*0020061207
REF*ST*07063
REF*DP*043
DTM*999*20061206
RMR*IK*706420061130*PI*14.05*14.05*0
REF*PO*0020061201
REF*ST*07064
REF*DP*043
DTM*999*20061130
RMR*IK*706420061201*PI*72.7*72.7*0
REF*PO*0020061202
REF*ST*07064
REF*DP*043
DTM*999*20061201
RMR*IK*706420061202*PI*28.6*28.6*0
REF*PO*0020061203
REF*ST*07064
REF*DP*043
DTM*999*20061202
RMR*IK*706420061203*PI*17.7*17.7*0
REF*PO*0020061204
REF*ST*07064
REF*DP*043
DTM*999*20061203
RMR*IK*706420061204*PI*18.9*18.9*0
REF*PO*0020061205
REF*ST*07064
REF*DP*043
DTM*999*20061204
RMR*IK*706420061206*PI*5.2*5.2*0
REF*PO*0020061207
REF*ST*07064
REF*DP*043
DTM*999*20061206
RMR*IK*706620061130*PI*95.3*95.3*0
REF*PO*0020061201
REF*ST*07066
REF*DP*043
DTM*999*20061130
RMR*IK*706620061201*PI*59.3*59.3*0
REF*PO*0020061202
REF*ST*07066
REF*DP*043
DTM*999*20061201
RMR*IK*706620061202*PI*63.65*63.65*0
REF*PO*0020061203
REF*ST*07066
REF*DP*043
DTM*999*20061202
RMR*IK*706620061203*PI*36.8*36.8*0
REF*PO*0020061204
REF*ST*07066
REF*DP*043
DTM*999*20061203
RMR*IK*706620061204*PI*11.8*11.8*0
REF*PO*0020061205
REF*ST*07066
REF*DP*043
DTM*999*20061204
RMR*IK*706620061205*PI*23.7*23.7*0
REF*PO*0020061206
REF*ST*07066
REF*DP*043
DTM*999*20061205
RMR*IK*706620061206*PI*19.7*19.7*0
REF*PO*0020061207
REF*ST*07066
REF*DP*043
DTM*999*20061206
RMR*IK*706920061130*PI*88.5*88.5*0
REF*PO*0020061201
REF*ST*07069
REF*DP*043
DTM*999*20061130
RMR*IK*706920061201*PI*38.45*38.45*0
REF*PO*0020061202
REF*ST*07069
REF*DP*043
DTM*999*20061201
RMR*IK*706920061202*PI*115.65*115.65*0
REF*PO*0020061203
REF*ST*07069
REF*DP*043
DTM*999*20061202
RMR*IK*706920061203*PI*75.35*75.35*0
REF*PO*0020061204
REF*ST*07069
REF*DP*043
DTM*999*20061203
RMR*IK*706920061204*PI*61.95*61.95*0
REF*PO*0020061205
REF*ST*07069
REF*DP*043
DTM*999*20061204
RMR*IK*706920061205*PI*59.1*59.1*0
REF*PO*0020061206
REF*ST*07069
REF*DP*043
DTM*999*20061205
RMR*IK*706920061206*PI*72.9*72.9*0
REF*PO*0020061207
REF*ST*07069
REF*DP*043
DTM*999*20061206
RMR*IK*707620061130*PI*56.05*56.05*0
REF*PO*0020061201
REF*ST*07076
REF*DP*043
DTM*999*20061130
RMR*IK*707620061201*PI*93*93*0
REF*PO*0020061202
REF*ST*07076
REF*DP*043
DTM*999*20061201
RMR*IK*707620061202*PI*79.7*79.7*0
REF*PO*0020061203
REF*ST*07076
REF*DP*043
DTM*999*20061202
RMR*IK*707620061203*PI*74.15*74.15*0
REF*PO*0020061204
REF*ST*07076
REF*DP*043
DTM*999*20061203
RMR*IK*707620061204*PI*122.5*122.5*0
REF*PO*0020061205
REF*ST*07076
REF*DP*043
DTM*999*20061204
RMR*IK*707620061205*PI*42.6*42.6*0
REF*PO*0020061206
REF*ST*07076
REF*DP*043
DTM*999*20061205
RMR*IK*707620061206*PI*75.25*75.25*0
REF*PO*0020061207
REF*ST*07076
REF*DP*043
DTM*999*20061206
RMR*IK*713220061130*PI*45.3*45.3*0
REF*PO*0020061201
REF*ST*07132
REF*DP*043
DTM*999*20061130
RMR*IK*713220061201*PI*79.95*79.95*0
REF*PO*0020061202
REF*ST*07132
REF*DP*043
DTM*999*20061201
RMR*IK*713220061202*PI*85.2*85.2*0
REF*PO*0020061203
REF*ST*07132
REF*DP*043
DTM*999*20061202
RMR*IK*713220061203*PI*49.3*49.3*0
REF*PO*0020061204
REF*ST*07132
REF*DP*043
DTM*999*20061203
RMR*IK*713220061204*PI*17.8*17.8*0
REF*PO*0020061205
REF*ST*07132
REF*DP*043
DTM*999*20061204
RMR*IK*713220061205*PI*50.15*50.15*0
REF*PO*0020061206
REF*ST*07132
REF*DP*043
DTM*999*20061205
RMR*IK*713220061206*PI*47.2*47.2*0
REF*PO*0020061207
REF*ST*07132
REF*DP*043
DTM*999*20061206
RMR*IK*714620061130*PI*25.7*25.7*0
REF*PO*0020061201
REF*ST*07146
REF*DP*043
DTM*999*20061130
RMR*IK*714620061201*PI*50.25*50.25*0
REF*PO*0020061202
REF*ST*07146
REF*DP*043
DTM*999*20061201
RMR*IK*714620061202*PI*65.2*65.2*0
REF*PO*0020061203
REF*ST*07146
REF*DP*043
DTM*999*20061202
RMR*IK*714620061203*PI*35.4*35.4*0
REF*PO*0020061204
REF*ST*07146
REF*DP*043
DTM*999*20061203
RMR*IK*714620061204*PI*2.95*2.95*0
REF*PO*0020061205
REF*ST*07146
REF*DP*043
DTM*999*20061204
RMR*IK*714620061205*PI*64.9*64.9*0
REF*PO*0020061206
REF*ST*07146
REF*DP*043
DTM*999*20061205
RMR*IK*714620061206*PI*29.5*29.5*0
REF*PO*0020061207
REF*ST*07146
REF*DP*043
DTM*999*20061206
RMR*IK*715420061130*PI*47.3*47.3*0
REF*PO*0020061201
REF*ST*07154
REF*DP*043
DTM*999*20061130
RMR*IK*715420061201*PI*95.45*95.45*0
REF*PO*0020061202
REF*ST*07154
REF*DP*043
DTM*999*20061201
RMR*IK*715420061202*PI*90.7*90.7*0
REF*PO*0020061203
REF*ST*07154
REF*DP*043
DTM*999*20061202
RMR*IK*715420061203*PI*104.25*104.25*0
REF*PO*0020061204
REF*ST*07154
REF*DP*043
DTM*999*20061203
RMR*IK*715420061204*PI*35.8*35.8*0
REF*PO*0020061205
REF*ST*07154
REF*DP*043
DTM*999*20061204
RMR*IK*715420061205*PI*32.65*32.65*0
REF*PO*0020061206
REF*ST*07154
REF*DP*043
DTM*999*20061205
RMR*IK*715420061206*PI*29.6*29.6*0
REF*PO*0020061207
REF*ST*07154
REF*DP*043
DTM*999*20061206
RMR*IK*718420061130*PI*61*61*0
REF*PO*0020061201
REF*ST*07184
REF*DP*043
DTM*999*20061130
RMR*IK*718420061201*PI*147.5*147.5*0
REF*PO*0020061202
REF*ST*07184
REF*DP*043
DTM*999*20061201
RMR*IK*718420061202*PI*277.9*277.9*0
REF*PO*0020061203
REF*ST*07184
REF*DP*043
DTM*999*20061202
RMR*IK*718420061203*PI*214*214*0
REF*PO*0020061204
REF*ST*07184
REF*DP*043
DTM*999*20061203
RMR*IK*718420061204*PI*116.8*116.8*0
REF*PO*0020061205
REF*ST*07184
REF*DP*043
DTM*999*20061204
RMR*IK*718420061205*PI*127.9*127.9*0
REF*PO*0020061206
REF*ST*07184
REF*DP*043
DTM*999*20061205
RMR*IK*718420061206*PI*138.55*138.55*0
REF*PO*0020061207
REF*ST*07184
REF*DP*043
DTM*999*20061206
RMR*IK*725520061130*PI*116.45*116.45*0
REF*PO*0020061201
REF*ST*07255
REF*DP*043
DTM*999*20061130
RMR*IK*725520061201*PI*163.85*163.85*0
REF*PO*0020061202
REF*ST*07255
REF*DP*043
DTM*999*20061201
RMR*IK*725520061202*PI*150.75*150.75*0
REF*PO*0020061203
REF*ST*07255
REF*DP*043
DTM*999*20061202
RMR*IK*725520061203*PI*51.55*51.55*0
REF*PO*0020061204
REF*ST*07255
REF*DP*043
DTM*999*20061203
RMR*IK*725520061204*PI*160.05*160.05*0
REF*PO*0020061205
REF*ST*07255
REF*DP*043
DTM*999*20061204
RMR*IK*725520061205*PI*22.65*22.65*0
REF*PO*0020061206
REF*ST*07255
REF*DP*043
DTM*999*20061205
RMR*IK*725520061206*PI*156.45*156.45*0
REF*PO*0020061207
REF*ST*07255
REF*DP*043
DTM*999*20061206
RMR*IK*735320061130*PI*8.85*8.85*0
REF*PO*0020061201
REF*ST*07353
REF*DP*043
DTM*999*20061130
RMR*IK*735320061201*PI*59.4*59.4*0
REF*PO*0020061202
REF*ST*07353
REF*DP*043
DTM*999*20061201
RMR*IK*735320061202*PI*94.4*94.4*0
REF*PO*0020061203
REF*ST*07353
REF*DP*043
DTM*999*20061202
RMR*IK*735320061203*PI*118.4*118.4*0
REF*PO*0020061204
REF*ST*07353
REF*DP*043
DTM*999*20061203
RMR*IK*735320061204*PI*74.35*74.35*0
REF*PO*0020061205
REF*ST*07353
REF*DP*043
DTM*999*20061204
RMR*IK*735320061205*PI*73.25*73.25*0
REF*PO*0020061206
REF*ST*07353
REF*DP*043
DTM*999*20061205
RMR*IK*735320061206*PI*23.8*23.8*0
REF*PO*0020061207
REF*ST*07353
REF*DP*043
DTM*999*20061206
RMR*IK*735420061130*PI*91.05*91.05*0
REF*PO*0020061201
REF*ST*07354
REF*DP*043
DTM*999*20061130
RMR*IK*735420061201*PI*51.55*51.55*0
REF*PO*0020061202
REF*ST*07354
REF*DP*043
DTM*999*20061201
RMR*IK*735420061202*PI*45.75*45.75*0
REF*PO*0020061203
REF*ST*07354
REF*DP*043
DTM*999*20061202
RMR*IK*735420061203*PI*11.8*11.8*0
REF*PO*0020061204
REF*ST*07354
REF*DP*043
DTM*999*20061203
RMR*IK*735420061204*PI*27.95*27.95*0
REF*PO*0020061205
REF*ST*07354
REF*DP*043
DTM*999*20061204
RMR*IK*735420061205*PI*79.3*79.3*0
REF*PO*0020061206
REF*ST*07354
REF*DP*043
DTM*999*20061205
RMR*IK*735420061206*PI*41.3*41.3*0
REF*PO*0020061207
REF*ST*07354
REF*DP*043
DTM*999*20061206
RMR*IK*735820061130*PI*66.3*66.3*0
REF*PO*0020061201
REF*ST*07358
REF*DP*043
DTM*999*20061130
RMR*IK*735820061201*PI*44.25*44.25*0
REF*PO*0020061202
REF*ST*07358
REF*DP*043
DTM*999*20061201
RMR*IK*735820061202*PI*161.65*161.65*0
REF*PO*0020061203
REF*ST*07358
REF*DP*043
DTM*999*20061202
RMR*IK*735820061203*PI*183.45*183.45*0
REF*PO*0020061204
REF*ST*07358
REF*DP*043
DTM*999*20061203
RMR*IK*735820061204*PI*57.65*57.65*0
REF*PO*0020061205
REF*ST*07358
REF*DP*043
DTM*999*20061204
RMR*IK*735820061205*PI*77.15*77.15*0
REF*PO*0020061206
REF*ST*07358
REF*DP*043
DTM*999*20061205
RMR*IK*735820061206*PI*33.4*33.4*0
REF*PO*0020061207
REF*ST*07358
REF*DP*043
DTM*999*20061206
RMR*IK*736020061130*PI*54.8*54.8*0
REF*PO*0020061201
REF*ST*07360
REF*DP*043
DTM*999*20061130
RMR*IK*736020061201*PI*60.3*60.3*0
REF*PO*0020061202
REF*ST*07360
REF*DP*043
DTM*999*20061201
RMR*IK*736020061202*PI*22.05*22.05*0
REF*PO*0020061203
REF*ST*07360
REF*DP*043
DTM*999*20061202
RMR*IK*736020061203*PI*76.55*76.55*0
REF*PO*0020061204
REF*ST*07360
REF*DP*043
DTM*999*20061203
RMR*IK*736020061204*PI*121.95*121.95*0
REF*PO*0020061205
REF*ST*07360
REF*DP*043
DTM*999*20061204
RMR*IK*736020061205*PI*76.8*76.8*0
REF*PO*0020061206
REF*ST*07360
REF*DP*043
DTM*999*20061205
RMR*IK*736020061206*PI*85.65*85.65*0
REF*PO*0020061207
REF*ST*07360
REF*DP*043
DTM*999*20061206
RMR*IK*736220061130*PI*35.15*35.15*0
REF*PO*0020061201
REF*ST*07362
REF*DP*043
DTM*999*20061130
RMR*IK*736220061201*PI*14.85*14.85*0
REF*PO*0020061202
REF*ST*07362
REF*DP*043
DTM*999*20061201
RMR*IK*736220061202*PI*65.3*65.3*0
REF*PO*0020061203
REF*ST*07362
REF*DP*043
DTM*999*20061202
RMR*IK*736220061203*PI*70.75*70.75*0
REF*PO*0020061204
REF*ST*07362
REF*DP*043
DTM*999*20061203
RMR*IK*736220061204*PI*17.8*17.8*0
REF*PO*0020061205
REF*ST*07362
REF*DP*043
DTM*999*20061204
RMR*IK*736220061205*PI*17.7*17.7*0
REF*PO*0020061206
REF*ST*07362
REF*DP*043
DTM*999*20061205
RMR*IK*736220061206*PI*11.8*11.8*0
REF*PO*0020061207
REF*ST*07362
REF*DP*043
DTM*999*20061206
RMR*IK*738820061130*PI*26.55*26.55*0
REF*PO*0020061201
REF*ST*07388
REF*DP*043
DTM*999*20061130
RMR*IK*738820061201*PI*126.2*126.2*0
REF*PO*0020061202
REF*ST*07388
REF*DP*043
DTM*999*20061201
RMR*IK*738820061202*PI*118.95*118.95*0
REF*PO*0020061203
REF*ST*07388
REF*DP*043
DTM*999*20061202
RMR*IK*738820061203*PI*61.7*61.7*0
REF*PO*0020061204
REF*ST*07388
REF*DP*043
DTM*999*20061203
RMR*IK*738820061204*PI*26.85*26.85*0
REF*PO*0020061205
REF*ST*07388
REF*DP*043
DTM*999*20061204
RMR*IK*738820061205*PI*56.15*56.15*0
REF*PO*0020061206
REF*ST*07388
REF*DP*043
DTM*999*20061205
RMR*IK*738820061206*PI*30.9*30.9*0
REF*PO*0020061207
REF*ST*07388
REF*DP*043
DTM*999*20061206
RMR*IK*743720061130*PI*8.85*8.85*0
REF*PO*0020061201
REF*ST*07437
REF*DP*043
DTM*999*20061130
RMR*IK*743720061201*PI*8.85*8.85*0
REF*PO*0020061202
REF*ST*07437
REF*DP*043
DTM*999*20061201
RMR*IK*743720061202*PI*14.75*14.75*0
REF*PO*0020061203
REF*ST*07437
REF*DP*043
DTM*999*20061202
RMR*IK*743720061203*PI*21.95*21.95*0
REF*PO*0020061204
REF*ST*07437
REF*DP*043
DTM*999*20061203
RMR*IK*743720061204*PI*26.65*26.65*0
REF*PO*0020061205
REF*ST*07437
REF*DP*043
DTM*999*20061204
RMR*IK*743720061205*PI*8.85*8.85*0
REF*PO*0020061206
REF*ST*07437
REF*DP*043
DTM*999*20061205
RMR*IK*746020061130*PI*23.6*23.6*0
REF*PO*0020061201
REF*ST*07460
REF*DP*043
DTM*999*20061130
RMR*IK*746020061201*PI*29.7*29.7*0
REF*PO*0020061202
REF*ST*07460
REF*DP*043
DTM*999*20061201
RMR*IK*746020061202*PI*59.4*59.4*0
REF*PO*0020061203
REF*ST*07460
REF*DP*043
DTM*999*20061202
RMR*IK*746020061203*PI*26.85*26.85*0
REF*PO*0020061204
REF*ST*07460
REF*DP*043
DTM*999*20061203
RMR*IK*746020061204*PI*41.8*41.8*0
REF*PO*0020061205
REF*ST*07460
REF*DP*043
DTM*999*20061204
RMR*IK*746020061205*PI*29.6*29.6*0
REF*PO*0020061206
REF*ST*07460
REF*DP*043
DTM*999*20061205
RMR*IK*746020061206*PI*14.85*14.85*0
REF*PO*0020061207
REF*ST*07460
REF*DP*043
DTM*999*20061206
RMR*IK*746120061130*PI*5.9*5.9*0
REF*PO*0020061201
REF*ST*07461
REF*DP*043
DTM*999*20061130
RMR*IK*746120061201*PI*33.95*33.95*0
REF*PO*0020061202
REF*ST*07461
REF*DP*043
DTM*999*20061201
RMR*IK*746120061202*PI*80.35*80.35*0
REF*PO*0020061203
REF*ST*07461
REF*DP*043
DTM*999*20061202
RMR*IK*746120061203*PI*29.5*29.5*0
REF*PO*0020061204
REF*ST*07461
REF*DP*043
DTM*999*20061203
RMR*IK*746120061204*PI*17.7*17.7*0
REF*PO*0020061205
REF*ST*07461
REF*DP*043
DTM*999*20061204
RMR*IK*746120061205*PI*32.45*32.45*0
REF*PO*0020061206
REF*ST*07461
REF*DP*043
DTM*999*20061205
RMR*IK*746120061206*PI*14.75*14.75*0
REF*PO*0020061207
REF*ST*07461
REF*DP*043
DTM*999*20061206
RMR*IK*755820061130*PI*35.95*35.95*0
REF*PO*0020061201
REF*ST*07558
REF*DP*043
DTM*999*20061130
RMR*IK*755820061201*PI*60.25*60.25*0
REF*PO*0020061202
REF*ST*07558
REF*DP*043
DTM*999*20061201
RMR*IK*755820061202*PI*2.95*2.95*0
REF*PO*0020061203
REF*ST*07558
REF*DP*043
DTM*999*20061202
RMR*IK*755820061203*PI*134.55*134.55*0
REF*PO*0020061204
REF*ST*07558
REF*DP*043
DTM*999*20061203
RMR*IK*755820061204*PI*80.05*80.05*0
REF*PO*0020061205
REF*ST*07558
REF*DP*043
DTM*999*20061204
RMR*IK*755820061205*PI*41.5*41.5*0
REF*PO*0020061206
REF*ST*07558
REF*DP*043
DTM*999*20061205
RMR*IK*755820061206*PI*44.25*44.25*0
REF*PO*0020061207
REF*ST*07558
REF*DP*043
DTM*999*20061206
RMR*IK*760720061130*PI*38.35*38.35*0
REF*PO*0020061201
REF*ST*07607
REF*DP*043
DTM*999*20061130
RMR*IK*760720061201*PI*56.25*56.25*0
REF*PO*0020061202
REF*ST*07607
REF*DP*043
DTM*999*20061201
RMR*IK*760720061202*PI*71.2*71.2*0
REF*PO*0020061203
REF*ST*07607
REF*DP*043
DTM*999*20061202
RMR*IK*760720061203*PI*56.45*56.45*0
REF*PO*0020061204
REF*ST*07607
REF*DP*043
DTM*999*20061203
RMR*IK*760720061204*PI*52.15*52.15*0
REF*PO*0020061205
REF*ST*07607
REF*DP*043
DTM*999*20061204
RMR*IK*760720061205*PI*177.2*177.2*0
REF*PO*0020061206
REF*ST*07607
REF*DP*043
DTM*999*20061205
RMR*IK*760720061206*PI*63.95*63.95*0
REF*PO*0020061207
REF*ST*07607
REF*DP*043
DTM*999*20061206
RMR*IK*761020061130*PI*23.6*23.6*0
REF*PO*0020061201
REF*ST*07610
REF*DP*043
DTM*999*20061130
RMR*IK*761020061201*PI*150.85*150.85*0
REF*PO*0020061202
REF*ST*07610
REF*DP*043
DTM*999*20061201
RMR*IK*761020061202*PI*109.15*109.15*0
REF*PO*0020061203
REF*ST*07610
REF*DP*043
DTM*999*20061202
RMR*IK*761020061203*PI*103.85*103.85*0
REF*PO*0020061204
REF*ST*07610
REF*DP*043
DTM*999*20061203
RMR*IK*761020061204*PI*44.35*44.35*0
REF*PO*0020061205
REF*ST*07610
REF*DP*043
DTM*999*20061204
RMR*IK*761020061205*PI*79.85*79.85*0
REF*PO*0020061206
REF*ST*07610
REF*DP*043
DTM*999*20061205
RMR*IK*761020061206*PI*62.35*62.35*0
REF*PO*0020061207
REF*ST*07610
REF*DP*043
DTM*999*20061206
RMR*IK*761320061130*PI*5.9*5.9*0
REF*PO*0020061201
REF*ST*07613
REF*DP*043
DTM*999*20061130
RMR*IK*761320061201*PI*29.5*29.5*0
REF*PO*0020061202
REF*ST*07613
REF*DP*043
DTM*999*20061201
RMR*IK*761320061202*PI*109.95*109.95*0
REF*PO*0020061203
REF*ST*07613
REF*DP*043
DTM*999*20061202
RMR*IK*761320061203*PI*190.2*190.2*0
REF*PO*0020061204
REF*ST*07613
REF*DP*043
DTM*999*20061203
RMR*IK*761320061204*PI*157.75*157.75*0
REF*PO*0020061205
REF*ST*07613
REF*DP*043
DTM*999*20061204
RMR*IK*761320061205*PI*69.85*69.85*0
REF*PO*0020061206
REF*ST*07613
REF*DP*043
DTM*999*20061205
RMR*IK*761320061206*PI*29.5*29.5*0
REF*PO*0020061207
REF*ST*07613
REF*DP*043
DTM*999*20061206
RMR*IK*762920061130*PI*35.4*35.4*0
REF*PO*0020061201
REF*ST*07629
REF*DP*043
DTM*999*20061130
RMR*IK*762920061201*PI*58.95*58.95*0
REF*PO*0020061202
REF*ST*07629
REF*DP*043
DTM*999*20061201
RMR*IK*762920061202*PI*119.7*119.7*0
REF*PO*0020061203
REF*ST*07629
REF*DP*043
DTM*999*20061202
RMR*IK*762920061203*PI*134.1*134.1*0
REF*PO*0020061204
REF*ST*07629
REF*DP*043
DTM*999*20061203
RMR*IK*762920061204*PI*84.3*84.3*0
REF*PO*0020061205
REF*ST*07629
REF*DP*043
DTM*999*20061204
RMR*IK*762920061205*PI*78.35*78.35*0
REF*PO*0020061206
REF*ST*07629
REF*DP*043
DTM*999*20061205
RMR*IK*762920061206*PI*97.9*97.9*0
REF*PO*0020061207
REF*ST*07629
REF*DP*043
DTM*999*20061206
RMR*IK*763720061201*PI*11.8*11.8*0
REF*PO*0020061202
REF*ST*07637
REF*DP*043
DTM*999*20061201
RMR*IK*763720061202*PI*52.45*52.45*0
REF*PO*0020061203
REF*ST*07637
REF*DP*043
DTM*999*20061202
RMR*IK*763720061203*PI*54.25*54.25*0
REF*PO*0020061204
REF*ST*07637
REF*DP*043
DTM*999*20061203
RMR*IK*763720061204*PI*32.45*32.45*0
REF*PO*0020061205
REF*ST*07637
REF*DP*043
DTM*999*20061204
RMR*IK*763720061205*PI*59.1*59.1*0
REF*PO*0020061206
REF*ST*07637
REF*DP*043
DTM*999*20061205
RMR*IK*763720061206*PI*38.55*38.55*0
REF*PO*0020061207
REF*ST*07637
REF*DP*043
DTM*999*20061206
RMR*IK*771820061130*PI*69.6*69.6*0
REF*PO*0020061201
REF*ST*07718
REF*DP*043
DTM*999*20061130
RMR*IK*771820061201*PI*108.3*108.3*0
REF*PO*0020061202
REF*ST*07718
REF*DP*043
DTM*999*20061201
RMR*IK*771820061202*PI*68.4*68.4*0
REF*PO*0020061203
REF*ST*07718
REF*DP*043
DTM*999*20061202
RMR*IK*771820061203*PI*38.35*38.35*0
REF*PO*0020061204
REF*ST*07718
REF*DP*043
DTM*999*20061203
RMR*IK*771820061204*PI*49.3*49.3*0
REF*PO*0020061205
REF*ST*07718
REF*DP*043
DTM*999*20061204
RMR*IK*771820061205*PI*87.05*87.05*0
REF*PO*0020061206
REF*ST*07718
REF*DP*043
DTM*999*20061205
RMR*IK*771820061206*PI*81.05*81.05*0
REF*PO*0020061207
REF*ST*07718
REF*DP*043
DTM*999*20061206
RMR*IK*771920061130*PI*157.5*157.5*0
REF*PO*0020061201
REF*ST*07719
REF*DP*043
DTM*999*20061130
RMR*IK*771920061201*PI*173.55*173.55*0
REF*PO*0020061202
REF*ST*07719
REF*DP*043
DTM*999*20061201
RMR*IK*771920061202*PI*109.25*109.25*0
REF*PO*0020061203
REF*ST*07719
REF*DP*043
DTM*999*20061202
RMR*IK*771920061203*PI*91.85*91.85*0
REF*PO*0020061204
REF*ST*07719
REF*DP*043
DTM*999*20061203
RMR*IK*771920061204*PI*26.65*26.65*0
REF*PO*0020061205
REF*ST*07719
REF*DP*043
DTM*999*20061204
RMR*IK*771920061205*PI*96.4*96.4*0
REF*PO*0020061206
REF*ST*07719
REF*DP*043
DTM*999*20061205
RMR*IK*771920061206*PI*180.2*180.2*0
REF*PO*0020061207
REF*ST*07719
REF*DP*043
DTM*999*20061206
RMR*IK*921720061201*PI*48.8*48.8*0
REF*PO*0020061202
REF*ST*09217
REF*DP*043
DTM*999*20061201
RMR*IK*921720061202*PI*161.45*161.45*0
REF*PO*0020061203
REF*ST*09217
REF*DP*043
DTM*999*20061202
RMR*IK*921720061203*PI*109.5*109.5*0
REF*PO*0020061204
REF*ST*09217
REF*DP*043
DTM*999*20061203
RMR*IK*921720061204*PI*79.85*79.85*0
REF*PO*0020061205
REF*ST*09217
REF*DP*043
DTM*999*20061204
RMR*IK*921720061205*PI*100.45*100.45*0
REF*PO*0020061206
REF*ST*09217
REF*DP*043
DTM*999*20061205
RMR*IK*921720061206*PI*85.55*85.55*0
REF*PO*0020061207
REF*ST*09217
REF*DP*043
DTM*999*20061206
RMR*IK*951320061130*PI*24.65*24.65*0
REF*PO*0020061201
REF*ST*09513
REF*DP*043
DTM*999*20061130
RMR*IK*951320061201*PI*29.6*29.6*0
REF*PO*0020061202
REF*ST*09513
REF*DP*043
DTM*999*20061201
RMR*IK*951320061202*PI*74.9*74.9*0
REF*PO*0020061203
REF*ST*09513
REF*DP*043
DTM*999*20061202
RMR*IK*951320061203*PI*44.35*44.35*0
REF*PO*0020061204
REF*ST*09513
REF*DP*043
DTM*999*20061203
RMR*IK*951320061204*PI*29.85*29.85*0
REF*PO*0020061205
REF*ST*09513
REF*DP*043
DTM*999*20061204
RMR*IK*951320061205*PI*53.3*53.3*0
REF*PO*0020061206
REF*ST*09513
REF*DP*043
DTM*999*20061205
RMR*IK*951320061206*PI*50.35*50.35*0
REF*PO*0020061207
REF*ST*09513
REF*DP*043
DTM*999*20061206
RMR*IK*956020061201*PI*76.75*76.75*0
REF*PO*0020061202
REF*ST*09560
REF*DP*043
DTM*999*20061201
RMR*IK*956020061202*PI*45.75*45.75*0
REF*PO*0020061203
REF*ST*09560
REF*DP*043
DTM*999*20061202
RMR*IK*956020061203*PI*48.7*48.7*0
REF*PO*0020061204
REF*ST*09560
REF*DP*043
DTM*999*20061203
RMR*IK*956020061204*PI*35.5*35.5*0
REF*PO*0020061205
REF*ST*09560
REF*DP*043
DTM*999*20061204
RMR*IK*956020061205*PI*27.85*27.85*0
REF*PO*0020061206
REF*ST*09560
REF*DP*043
DTM*999*20061205
RMR*IK*956020061206*PI*29.5*29.5*0
REF*PO*0020061207
REF*ST*09560
REF*DP*043
DTM*999*20061206
RMR*IK*957120061130*PI*67.45*67.45*0
REF*PO*0020061201
REF*ST*09571
REF*DP*043
DTM*999*20061130
RMR*IK*957120061201*PI*59.05*59.05*0
REF*PO*0020061202
REF*ST*09571
REF*DP*043
DTM*999*20061201
RMR*IK*957120061202*PI*85.75*85.75*0
REF*PO*0020061203
REF*ST*09571
REF*DP*043
DTM*999*20061202
RMR*IK*957120061203*PI*23.7*23.7*0
REF*PO*0020061204
REF*ST*09571
REF*DP*043
DTM*999*20061203
RMR*IK*957120061204*PI*29.25*29.25*0
REF*PO*0020061205
REF*ST*09571
REF*DP*043
DTM*999*20061204
RMR*IK*957120061205*PI*17.8*17.8*0
REF*PO*0020061206
REF*ST*09571
REF*DP*043
DTM*999*20061205
RMR*IK*957120061206*PI*29.7*29.7*0
REF*PO*0020061207
REF*ST*09571
REF*DP*043
DTM*999*20061206
RMR*IK*962020061130*PI*93.55*93.55*0
REF*PO*0020061201
REF*ST*09620
REF*DP*043
DTM*999*20061130
RMR*IK*962020061201*PI*100.7*100.7*0
REF*PO*0020061202
REF*ST*09620
REF*DP*043
DTM*999*20061201
RMR*IK*962020061202*PI*86.5*86.5*0
REF*PO*0020061203
REF*ST*09620
REF*DP*043
DTM*999*20061202
RMR*IK*962020061203*PI*30.8*30.8*0
REF*PO*0020061204
REF*ST*09620
REF*DP*043
DTM*999*20061203
RMR*IK*962020061204*PI*60.9*60.9*0
REF*PO*0020061205
REF*ST*09620
REF*DP*043
DTM*999*20061204
RMR*IK*962020061205*PI*47.2*47.2*0
REF*PO*0020061206
REF*ST*09620
REF*DP*043
DTM*999*20061205
RMR*IK*962020061206*PI*17.7*17.7*0
REF*PO*0020061207
REF*ST*09620
REF*DP*043
DTM*999*20061206
RMR*IK*962120061130*PI*29.5*29.5*0
REF*PO*0020061201
REF*ST*09621
REF*DP*043
DTM*999*20061130
RMR*IK*962120061201*PI*103.45*103.45*0
REF*PO*0020061202
REF*ST*09621
REF*DP*043
DTM*999*20061201
RMR*IK*962120061202*PI*176.95*176.95*0
REF*PO*0020061203
REF*ST*09621
REF*DP*043
DTM*999*20061202
RMR*IK*962120061203*PI*122*122*0
REF*PO*0020061204
REF*ST*09621
REF*DP*043
DTM*999*20061203
RMR*IK*962120061204*PI*64.05*64.05*0
REF*PO*0020061205
REF*ST*09621
REF*DP*043
DTM*999*20061204
RMR*IK*962120061205*PI*97.35*97.35*0
REF*PO*0020061206
REF*ST*09621
REF*DP*043
DTM*999*20061205
RMR*IK*962120061206*PI*80.9*80.9*0
REF*PO*0020061207
REF*ST*09621
REF*DP*043
DTM*999*20061206
RMR*IK*962220061130*PI*146.7*146.7*0
REF*PO*0020061201
REF*ST*09622
REF*DP*043
DTM*999*20061130
RMR*IK*962220061201*PI*107.95*107.95*0
REF*PO*0020061202
REF*ST*09622
REF*DP*043
DTM*999*20061201
RMR*IK*962220061202*PI*41.4*41.4*0
REF*PO*0020061203
REF*ST*09622
REF*DP*043
DTM*999*20061202
RMR*IK*962220061203*PI*42.6*42.6*0
REF*PO*0020061204
REF*ST*09622
REF*DP*043
DTM*999*20061203
RMR*IK*962220061204*PI*42.25*42.25*0
REF*PO*0020061205
REF*ST*09622
REF*DP*043
DTM*999*20061204
RMR*IK*962220061205*PI*28.65*28.65*0
REF*PO*0020061206
REF*ST*09622
REF*DP*043
DTM*999*20061205
RMR*IK*962220061206*PI*17.7*17.7*0
REF*PO*0020061207
REF*ST*09622
REF*DP*043
DTM*999*20061206
RMR*IK*962520061130*PI*89*89*0
REF*PO*0020061201
REF*ST*09625
REF*DP*043
DTM*999*20061130
RMR*IK*962520061201*PI*73.2*73.2*0
REF*PO*0020061202
REF*ST*09625
REF*DP*043
DTM*999*20061201
RMR*IK*962520061202*PI*85.95*85.95*0
REF*PO*0020061203
REF*ST*09625
REF*DP*043
DTM*999*20061202
RMR*IK*962520061203*PI*109.75*109.75*0
REF*PO*0020061204
REF*ST*09625
REF*DP*043
DTM*999*20061203
RMR*IK*962520061204*PI*41.4*41.4*0
REF*PO*0020061205
REF*ST*09625
REF*DP*043
DTM*999*20061204
RMR*IK*962520061205*PI*35.4*35.4*0
REF*PO*0020061206
REF*ST*09625
REF*DP*043
DTM*999*20061205
RMR*IK*962520061206*PI*32.45*32.45*0
REF*PO*0020061207
REF*ST*09625
REF*DP*043
DTM*999*20061206
RMR*IK*962920061130*PI*67.9*67.9*0
REF*PO*0020061201
REF*ST*09629
REF*DP*043
DTM*999*20061130
RMR*IK*962920061201*PI*48.7*48.7*0
REF*PO*0020061202
REF*ST*09629
REF*DP*043
DTM*999*20061201
RMR*IK*962920061202*PI*81.25*81.25*0
REF*PO*0020061203
REF*ST*09629
REF*DP*043
DTM*999*20061202
RMR*IK*962920061203*PI*138.85*138.85*0
REF*PO*0020061204
REF*ST*09629
REF*DP*043
DTM*999*20061203
RMR*IK*962920061204*PI*78.1*78.1*0
REF*PO*0020061205
REF*ST*09629
REF*DP*043
DTM*999*20061204
RMR*IK*962920061205*PI*170.75*170.75*0
REF*PO*0020061206
REF*ST*09629
REF*DP*043
DTM*999*20061205
RMR*IK*962920061206*PI*83.55*83.55*0
REF*PO*0020061207
REF*ST*09629
REF*DP*043
DTM*999*20061206
RMR*IK*962920061221*PI*-1.48*-1.48*0
REF*PO*0020061223
REF*ST*09629
REF*DP*043
DTM*999*20061221
RMR*IK*963320061130*PI*73.75*73.75*0
REF*PO*0020061201
REF*ST*09633
REF*DP*043
DTM*999*20061130
RMR*IK*963320061201*PI*23.6*23.6*0
REF*PO*0020061202
REF*ST*09633
REF*DP*043
DTM*999*20061201
RMR*IK*963320061202*PI*105.7*105.7*0
REF*PO*0020061203
REF*ST*09633
REF*DP*043
DTM*999*20061202
RMR*IK*963320061203*PI*35.4*35.4*0
REF*PO*0020061204
REF*ST*09633
REF*DP*043
DTM*999*20061203
RMR*IK*963320061204*PI*22.65*22.65*0
REF*PO*0020061205
REF*ST*09633
REF*DP*043
DTM*999*20061204
RMR*IK*963320061205*PI*58.15*58.15*0
REF*PO*0020061206
REF*ST*09633
REF*DP*043
DTM*999*20061205
RMR*IK*963320061206*PI*44.35*44.35*0
REF*PO*0020061207
REF*ST*09633
REF*DP*043
DTM*999*20061206
RMR*IK*963920061130*PI*23.9*23.9*0
REF*PO*0020061201
REF*ST*09639
REF*DP*043
DTM*999*20061130
RMR*IK*963920061201*PI*100.9*100.9*0
REF*PO*0020061202
REF*ST*09639
REF*DP*043
DTM*999*20061201
RMR*IK*963920061202*PI*59.3*59.3*0
REF*PO*0020061203
REF*ST*09639
REF*DP*043
DTM*999*20061202
RMR*IK*963920061203*PI*29.6*29.6*0
REF*PO*0020061204
REF*ST*09639
REF*DP*043
DTM*999*20061203
RMR*IK*963920061204*PI*35.6*35.6*0
REF*PO*0020061205
REF*ST*09639
REF*DP*043
DTM*999*20061204
RMR*IK*963920061205*PI*14.75*14.75*0
REF*PO*0020061206
REF*ST*09639
REF*DP*043
DTM*999*20061205
RMR*IK*963920061206*PI*44.25*44.25*0
REF*PO*0020061207
REF*ST*09639
REF*DP*043
DTM*999*20061206
RMR*IK*964820061130*PI*95.2*95.2*0
REF*PO*0020061201
REF*ST*09648
REF*DP*043
DTM*999*20061130
RMR*IK*964820061201*PI*102.9*102.9*0
REF*PO*0020061202
REF*ST*09648
REF*DP*043
DTM*999*20061201
RMR*IK*964820061202*PI*74.25*74.25*0
REF*PO*0020061203
REF*ST*09648
REF*DP*043
DTM*999*20061202
RMR*IK*964820061203*PI*80.95*80.95*0
REF*PO*0020061204
REF*ST*09648
REF*DP*043
DTM*999*20061203
RMR*IK*964820061204*PI*38.35*38.35*0
REF*PO*0020061205
REF*ST*09648
REF*DP*043
DTM*999*20061204
RMR*IK*964820061205*PI*45.55*45.55*0
REF*PO*0020061206
REF*ST*09648
REF*DP*043
DTM*999*20061205
RMR*IK*964820061206*PI*175.8*175.8*0
REF*PO*0020061207
REF*ST*09648
REF*DP*043
DTM*999*20061206
RMR*IK*967420061130*PI*53.1*53.1*0
REF*PO*0020061201
REF*ST*09674
REF*DP*043
DTM*999*20061130
RMR*IK*967420061201*PI*107*107*0
REF*PO*0020061202
REF*ST*09674
REF*DP*043
DTM*999*20061201
RMR*IK*967420061202*PI*140.6*140.6*0
REF*PO*0020061203
REF*ST*09674
REF*DP*043
DTM*999*20061202
RMR*IK*967420061203*PI*78.15*78.15*0
REF*PO*0020061204
REF*ST*09674
REF*DP*043
DTM*999*20061203
RMR*IK*967420061204*PI*52.25*52.25*0
REF*PO*0020061205
REF*ST*09674
REF*DP*043
DTM*999*20061204
RMR*IK*967420061205*PI*73.75*73.75*0
REF*PO*0020061206
REF*ST*09674
REF*DP*043
DTM*999*20061205
RMR*IK*967420061206*PI*129.8*129.8*0
REF*PO*0020061207
REF*ST*09674
REF*DP*043
DTM*999*20061206
RMR*IK*971420061130*PI*106.75*106.75*0
REF*PO*0020061201
REF*ST*09714
REF*DP*043
DTM*999*20061130
RMR*IK*971420061201*PI*55.55*55.55*0
REF*PO*0020061202
REF*ST*09714
REF*DP*043
DTM*999*20061201
RMR*IK*971420061202*PI*115.05*115.05*0
REF*PO*0020061203
REF*ST*09714
REF*DP*043
DTM*999*20061202
RMR*IK*971420061203*PI*89.55*89.55*0
REF*PO*0020061204
REF*ST*09714
REF*DP*043
DTM*999*20061203
RMR*IK*971420061204*PI*50.35*50.35*0
REF*PO*0020061205
REF*ST*09714
REF*DP*043
DTM*999*20061204
RMR*IK*971420061205*PI*95.95*95.95*0
REF*PO*0020061206
REF*ST*09714
REF*DP*043
DTM*999*20061205
RMR*IK*971420061206*PI*97.2*97.2*0
REF*PO*0020061207
REF*ST*09714
REF*DP*043
DTM*999*20061206
RMR*IK*972820061130*PI*2.95*2.95*0
REF*PO*0020061201
REF*ST*09728
REF*DP*043
DTM*999*20061130
RMR*IK*972820061201*PI*94.55*94.55*0
REF*PO*0020061202
REF*ST*09728
REF*DP*043
DTM*999*20061201
RMR*IK*972820061202*PI*100.2*100.2*0
REF*PO*0020061203
REF*ST*09728
REF*DP*043
DTM*999*20061202
RMR*IK*972820061203*PI*35.6*35.6*0
REF*PO*0020061204
REF*ST*09728
REF*DP*043
DTM*999*20061203
RMR*IK*972820061204*PI*6*6*0
REF*PO*0020061205
REF*ST*09728
REF*DP*043
DTM*999*20061204
RMR*IK*972820061205*PI*17.8*17.8*0
REF*PO*0020061206
REF*ST*09728
REF*DP*043
DTM*999*20061205
RMR*IK*972820061206*PI*2.95*2.95*0
REF*PO*0020061207
REF*ST*09728
REF*DP*043
DTM*999*20061206
RMR*IK*973520061130*PI*3*3*0
REF*PO*0020061201
REF*ST*09735
REF*DP*043
DTM*999*20061130
RMR*IK*973520061201*PI*14.85*14.85*0
REF*PO*0020061202
REF*ST*09735
REF*DP*043
DTM*999*20061201
RMR*IK*973520061202*PI*36.45*36.45*0
REF*PO*0020061203
REF*ST*09735
REF*DP*043
DTM*999*20061202
RMR*IK*973520061203*PI*26.65*26.65*0
REF*PO*0020061204
REF*ST*09735
REF*DP*043
DTM*999*20061203
RMR*IK*973520061204*PI*44.25*44.25*0
REF*PO*0020061205
REF*ST*09735
REF*DP*043
DTM*999*20061204
RMR*IK*973520061205*PI*29.5*29.5*0
REF*PO*0020061206
REF*ST*09735
REF*DP*043
DTM*999*20061205
RMR*IK*973520061206*PI*56.05*56.05*0
REF*PO*0020061207
REF*ST*09735
REF*DP*043
DTM*999*20061206
RMR*IK*975820061130*PI*17.7*17.7*0
REF*PO*0020061201
REF*ST*09758
REF*DP*043
DTM*999*20061130
RMR*IK*975820061201*PI*35.4*35.4*0
REF*PO*0020061202
REF*ST*09758
REF*DP*043
DTM*999*20061201
RMR*IK*975820061202*PI*104.4*104.4*0
REF*PO*0020061203
REF*ST*09758
REF*DP*043
DTM*999*20061202
RMR*IK*975820061203*PI*53.3*53.3*0
REF*PO*0020061204
REF*ST*09758
REF*DP*043
DTM*999*20061203
RMR*IK*975820061204*PI*8.85*8.85*0
REF*PO*0020061205
REF*ST*09758
REF*DP*043
DTM*999*20061204
RMR*IK*975820061205*PI*49.2*49.2*0
REF*PO*0020061206
REF*ST*09758
REF*DP*043
DTM*999*20061205
RMR*IK*975820061206*PI*47.2*47.2*0
REF*PO*0020061207
REF*ST*09758
REF*DP*043
DTM*999*20061206
SE*4299*0001
GE*1*1000054
IEA*1*001000054
ISA*00*          *00*          *09*006985290AC    *12*6154525825     *070102*0420*U*00400*001000360*0*P*>
GS*PD*006985290AC*6154525825*20070102*0420*1000360*X*004010
ST*852*0001
XQ*H*20070102
N9*AD*T00000040
LIN**CB*970952115*ZZ*43*UP*831664000552*****DG*1*VS*00000
ZA*QS***006*20070101
CTP**UCP*1.48
SDQ*EA*ZZ*3408*1
LIN**CB*970952115*ZZ*43*UP*831664000552*****DG*5*VS*00000
ZA*QS***006*20070101
CTP**UCP*1.48
SDQ*EA*ZZ*4244*1*4312*1
LIN**CB*970952115*ZZ*43*UP*831664000552*****DG*8*VS*00000
ZA*QS***006*20070101
CTP**UCP*1.48
SDQ*EA*ZZ*4312*6
CTT*3
SE*17*0001
ST*852*0002
XQ*H*20070102
N9*AD*T00000040
LIN**CB*970981114*ZZ*43*UP*831664000972*****DG*1*VS*00000
ZA*QS***006*20070101
CTP**UCP*.65
SDQ*EA*ZZ*3646*1
CTT*1
SE*9*0002
GE*2*1000360
IEA*1*001000360
*** SUPERTRACS READY FOR INPUT
