ISA*00*          *00*          *09*006985290EFT   *12*6154525825     *070727*2236*U*00400*001000079*0*P*>
GS*RA*006985290EFT*6154525825*20070727*2236*1000079*X*004010
ST*820*0001
BPR*I*62055.05*C*ACH*CCP*01*021000018*DA*0300955622*9008965873**01*064102601*DA*3000289*20070731*VEN
TRN*3*770234309*9008965873
DTM*097*20070727
N1*PR*KMART CORPORATION*1*008965873
N1*PE*YOUNGS FARMS*92*00069099588
N1*SE*YOUNGS FARMS*92*00069099588
ENT*1
RMR*IK*306320070628*PI*128.9*128.9*0
REF*PO*0020070629
REF*ST*03063
REF*DP*043
DTM*999*20070628
RMR*IK*306320070629*PI*78.25*78.25*0
REF*PO*0020070630
REF*ST*03063
REF*DP*043
DTM*999*20070629
RMR*IK*306320070630*PI*108.3*108.3*0
REF*PO*0020070701
REF*ST*03063
REF*DP*043
DTM*999*20070630
RMR*IK*306320070701*PI*31.4*31.4*0
REF*PO*0020070702
REF*ST*03063
REF*DP*043
DTM*999*20070701
RMR*IK*306320070702*PI*59.25*59.25*0
REF*PO*0020070703
REF*ST*03063
REF*DP*043
DTM*999*20070702
RMR*IK*306320070703*PI*151.6*151.6*0
REF*PO*0020070704
REF*ST*03063
REF*DP*043
DTM*999*20070703
RMR*IK*306320070704*PI*28.9*28.9*0
REF*PO*0020070705
REF*ST*03063
REF*DP*043
DTM*999*20070704
RMR*IK*308220070628*PI*6.3*6.3*0
REF*PO*0020070629
REF*ST*03082
REF*DP*043
DTM*999*20070628
RMR*IK*308220070629*PI*15.25*15.25*0
REF*PO*0020070630
REF*ST*03082
REF*DP*043
DTM*999*20070629
RMR*IK*308220070630*PI*5.8*5.8*0
REF*PO*0020070701
REF*ST*03082
REF*DP*043
DTM*999*20070630
RMR*IK*308220070701*PI*2.5*2.5*0
REF*PO*0020070702
REF*ST*03082
REF*DP*043
DTM*999*20070701
RMR*IK*308220070702*PI*20.9*20.9*0
REF*PO*0020070703
REF*ST*03082
REF*DP*043
DTM*999*20070702
RMR*IK*308220070703*PI*10.5*10.5*0
REF*PO*0020070704
REF*ST*03082
REF*DP*043
DTM*999*20070703
RMR*IK*308220070704*PI*2.8*2.8*0
REF*PO*0020070705
REF*ST*03082
REF*DP*043
DTM*999*20070704
RMR*IK*308320070628*PI*250.1*250.1*0
REF*PO*0020070629
REF*ST*03083
REF*DP*043
DTM*999*20070628
RMR*IK*308320070629*PI*326.25*326.25*0
REF*PO*0020070630
REF*ST*03083
REF*DP*043
DTM*999*20070629
RMR*IK*308320070630*PI*442.4*442.4*0
REF*PO*0020070701
REF*ST*03083
REF*DP*043
DTM*999*20070630
RMR*IK*308320070701*PI*96.1*96.1*0
REF*PO*0020070702
REF*ST*03083
REF*DP*043
DTM*999*20070701
RMR*IK*308320070702*PI*141.1*141.1*0
REF*PO*0020070703
REF*ST*03083
REF*DP*043
DTM*999*20070702
RMR*IK*308320070703*PI*276.5*276.5*0
REF*PO*0020070704
REF*ST*03083
REF*DP*043
DTM*999*20070703
RMR*IK*308320070704*PI*118.1*118.1*0
REF*PO*0020070705
REF*ST*03083
REF*DP*043
DTM*999*20070704
RMR*IK*308420070628*PI*253*253*0
REF*PO*0020070629
REF*ST*03084
REF*DP*043
DTM*999*20070628
RMR*IK*308420070629*PI*233*233*0
REF*PO*0020070630
REF*ST*03084
REF*DP*043
DTM*999*20070629
RMR*IK*308420070630*PI*287.85*287.85*0
REF*PO*0020070701
REF*ST*03084
REF*DP*043
DTM*999*20070630
RMR*IK*308420070701*PI*195.65*195.65*0
REF*PO*0020070702
REF*ST*03084
REF*DP*043
DTM*999*20070701
RMR*IK*308420070702*PI*238.8*238.8*0
REF*PO*0020070703
REF*ST*03084
REF*DP*043
DTM*999*20070702
RMR*IK*308420070703*PI*230.9*230.9*0
REF*PO*0020070704
REF*ST*03084
REF*DP*043
DTM*999*20070703
RMR*IK*308420070704*PI*242.45*242.45*0
REF*PO*0020070705
REF*ST*03084
REF*DP*043
DTM*999*20070704
RMR*IK*310320070628*PI*67.8*67.8*0
REF*PO*0020070629
REF*ST*03103
REF*DP*043
DTM*999*20070628
RMR*IK*310320070629*PI*38.35*38.35*0
REF*PO*0020070630
REF*ST*03103
REF*DP*043
DTM*999*20070629
RMR*IK*310320070630*PI*56.2*56.2*0
REF*PO*0020070701
REF*ST*03103
REF*DP*043
DTM*999*20070630
RMR*IK*310320070701*PI*43.25*43.25*0
REF*PO*0020070702
REF*ST*03103
REF*DP*043
DTM*999*20070701
RMR*IK*310320070702*PI*76.35*76.35*0
REF*PO*0020070703
REF*ST*03103
REF*DP*043
DTM*999*20070702
RMR*IK*310320070703*PI*55.2*55.2*0
REF*PO*0020070704
REF*ST*03103
REF*DP*043
DTM*999*20070703
RMR*IK*310320070704*PI*47.4*47.4*0
REF*PO*0020070705
REF*ST*03103
REF*DP*043
DTM*999*20070704
RMR*IK*314320070628*PI*149.75*149.75*0
REF*PO*0020070629
REF*ST*03143
REF*DP*043
DTM*999*20070628
RMR*IK*314320070629*PI*76.7*76.7*0
REF*PO*0020070630
REF*ST*03143
REF*DP*043
DTM*999*20070629
RMR*IK*314320070630*PI*168.85*168.85*0
REF*PO*0020070701
REF*ST*03143
REF*DP*043
DTM*999*20070630
RMR*IK*314320070701*PI*31.9*31.9*0
REF*PO*0020070702
REF*ST*03143
REF*DP*043
DTM*999*20070701
RMR*IK*314320070702*PI*97.45*97.45*0
REF*PO*0020070703
REF*ST*03143
REF*DP*043
DTM*999*20070702
RMR*IK*314320070703*PI*267.3*267.3*0
REF*PO*0020070704
REF*ST*03143
REF*DP*043
DTM*999*20070703
RMR*IK*314320070704*PI*128.6*128.6*0
REF*PO*0020070705
REF*ST*03143
REF*DP*043
DTM*999*20070704
RMR*IK*319420070628*PI*8.25*8.25*0
REF*PO*0020070629
REF*ST*03194
REF*DP*043
DTM*999*20070628
RMR*IK*319420070629*PI*22.5*22.5*0
REF*PO*0020070630
REF*ST*03194
REF*DP*043
DTM*999*20070629
RMR*IK*319420070630*PI*24.5*24.5*0
REF*PO*0020070701
REF*ST*03194
REF*DP*043
DTM*999*20070630
RMR*IK*319420070701*PI*5.05*5.05*0
REF*PO*0020070702
REF*ST*03194
REF*DP*043
DTM*999*20070701
RMR*IK*319420070702*PI*15.05*15.05*0
REF*PO*0020070703
REF*ST*03194
REF*DP*043
DTM*999*20070702
RMR*IK*319420070703*PI*11.6*11.6*0
REF*PO*0020070704
REF*ST*03194
REF*DP*043
DTM*999*20070703
RMR*IK*319420070704*PI*31.05*31.05*0
REF*PO*0020070705
REF*ST*03194
REF*DP*043
DTM*999*20070704
RMR*IK*321920070629*PI*3.3*3.3*0
REF*PO*0020070630
REF*ST*03219
REF*DP*043
DTM*999*20070629
RMR*IK*321920070630*PI*1.25*1.25*0
REF*PO*0020070701
REF*ST*03219
REF*DP*043
DTM*999*20070630
RMR*IK*321920070701*PI*3*3*0
REF*PO*0020070702
REF*ST*03219
REF*DP*043
DTM*999*20070701
RMR*IK*321920070702*PI*7.25*7.25*0
REF*PO*0020070703
REF*ST*03219
REF*DP*043
DTM*999*20070702
RMR*IK*321920070704*PI*6*6*0
REF*PO*0020070705
REF*ST*03219
REF*DP*043
DTM*999*20070704
RMR*IK*322020070630*PI*4.25*4.25*0
REF*PO*0020070701
REF*ST*03220
REF*DP*043
DTM*999*20070630
RMR*IK*322320070628*PI*3.75*3.75*0
REF*PO*0020070629
REF*ST*03223
REF*DP*043
DTM*999*20070628
RMR*IK*322320070629*PI*4.85*4.85*0
REF*PO*0020070630
REF*ST*03223
REF*DP*043
DTM*999*20070629
RMR*IK*322320070630*PI*6.8*6.8*0
REF*PO*0020070701
REF*ST*03223
REF*DP*043
DTM*999*20070630
RMR*IK*322320070701*PI*3.45*3.45*0
REF*PO*0020070702
REF*ST*03223
REF*DP*043
DTM*999*20070701
RMR*IK*322320070702*PI*16.35*16.35*0
REF*PO*0020070703
REF*ST*03223
REF*DP*043
DTM*999*20070702
RMR*IK*322320070703*PI*9*9*0
REF*PO*0020070704
REF*ST*03223
REF*DP*043
DTM*999*20070703
RMR*IK*322320070704*PI*11.55*11.55*0
REF*PO*0020070705
REF*ST*03223
REF*DP*043
DTM*999*20070704
RMR*IK*328920070628*PI*5.2*5.2*0
REF*PO*0020070629
REF*ST*03289
REF*DP*043
DTM*999*20070628
RMR*IK*328920070629*PI*17.05*17.05*0
REF*PO*0020070630
REF*ST*03289
REF*DP*043
DTM*999*20070629
RMR*IK*328920070630*PI*8.55*8.55*0
REF*PO*0020070701
REF*ST*03289
REF*DP*043
DTM*999*20070630
RMR*IK*328920070701*PI*11.35*11.35*0
REF*PO*0020070702
REF*ST*03289
REF*DP*043
DTM*999*20070701
RMR*IK*328920070702*PI*3.75*3.75*0
REF*PO*0020070703
REF*ST*03289
REF*DP*043
DTM*999*20070702
RMR*IK*328920070703*PI*11.4*11.4*0
REF*PO*0020070704
REF*ST*03289
REF*DP*043
DTM*999*20070703
RMR*IK*334820070628*PI*52.2*52.2*0
REF*PO*0020070629
REF*ST*03348
REF*DP*043
DTM*999*20070628
RMR*IK*334820070629*PI*162.75*162.75*0
REF*PO*0020070630
REF*ST*03348
REF*DP*043
DTM*999*20070629
RMR*IK*334820070630*PI*111.1*111.1*0
REF*PO*0020070701
REF*ST*03348
REF*DP*043
DTM*999*20070630
RMR*IK*334820070701*PI*55.4*55.4*0
REF*PO*0020070702
REF*ST*03348
REF*DP*043
DTM*999*20070701
RMR*IK*334820070702*PI*61.9*61.9*0
REF*PO*0020070703
REF*ST*03348
REF*DP*043
DTM*999*20070702
RMR*IK*334820070703*PI*44.15*44.15*0
REF*PO*0020070704
REF*ST*03348
REF*DP*043
DTM*999*20070703
RMR*IK*334820070704*PI*35.6*35.6*0
REF*PO*0020070705
REF*ST*03348
REF*DP*043
DTM*999*20070704
RMR*IK*335520070628*PI*3*3*0
REF*PO*0020070629
REF*ST*03355
REF*DP*043
DTM*999*20070628
RMR*IK*335520070629*PI*3*3*0
REF*PO*0020070630
REF*ST*03355
REF*DP*043
DTM*999*20070629
RMR*IK*335520070630*PI*12.45*12.45*0
REF*PO*0020070701
REF*ST*03355
REF*DP*043
DTM*999*20070630
RMR*IK*335520070704*PI*10.5*10.5*0
REF*PO*0020070705
REF*ST*03355
REF*DP*043
DTM*999*20070704
RMR*IK*335920070628*PI*5.6*5.6*0
REF*PO*0020070629
REF*ST*03359
REF*DP*043
DTM*999*20070628
RMR*IK*335920070629*PI*6.6*6.6*0
REF*PO*0020070630
REF*ST*03359
REF*DP*043
DTM*999*20070629
RMR*IK*335920070630*PI*12.65*12.65*0
REF*PO*0020070701
REF*ST*03359
REF*DP*043
DTM*999*20070630
RMR*IK*335920070701*PI*1.1*1.1*0
REF*PO*0020070702
REF*ST*03359
REF*DP*043
DTM*999*20070701
RMR*IK*335920070702*PI*2.75*2.75*0
REF*PO*0020070703
REF*ST*03359
REF*DP*043
DTM*999*20070702
RMR*IK*335920070703*PI*12.15*12.15*0
REF*PO*0020070704
REF*ST*03359
REF*DP*043
DTM*999*20070703
RMR*IK*335920070704*PI*6*6*0
REF*PO*0020070705
REF*ST*03359
REF*DP*043
DTM*999*20070704
RMR*IK*340820070628*PI*62.45*62.45*0
REF*PO*0020070629
REF*ST*03408
REF*DP*043
DTM*999*20070628
RMR*IK*340820070629*PI*31.75*31.75*0
REF*PO*0020070630
REF*ST*03408
REF*DP*043
DTM*999*20070629
RMR*IK*340820070630*PI*154.4*154.4*0
REF*PO*0020070701
REF*ST*03408
REF*DP*043
DTM*999*20070630
RMR*IK*340820070701*PI*70.35*70.35*0
REF*PO*0020070702
REF*ST*03408
REF*DP*043
DTM*999*20070701
RMR*IK*340820070702*PI*76.2*76.2*0
REF*PO*0020070703
REF*ST*03408
REF*DP*043
DTM*999*20070702
RMR*IK*340820070703*PI*166.6*166.6*0
REF*PO*0020070704
REF*ST*03408
REF*DP*043
DTM*999*20070703
RMR*IK*340820070704*PI*87.95*87.95*0
REF*PO*0020070705
REF*ST*03408
REF*DP*043
DTM*999*20070704
RMR*IK*341020070701*PI*15.75*15.75*0
REF*PO*0020070702
REF*ST*03410
REF*DP*043
DTM*999*20070701
RMR*IK*341020070703*PI*10.5*10.5*0
REF*PO*0020070704
REF*ST*03410
REF*DP*043
DTM*999*20070703
RMR*IK*342020070702*PI*5.25*5.25*0
REF*PO*0020070703
REF*ST*03420
REF*DP*043
DTM*999*20070702
RMR*IK*360220070628*PI*8.85*8.85*0
REF*PO*0020070629
REF*ST*03602
REF*DP*043
DTM*999*20070628
RMR*IK*360220070629*PI*38.8*38.8*0
REF*PO*0020070630
REF*ST*03602
REF*DP*043
DTM*999*20070629
RMR*IK*360220070630*PI*7.2*7.2*0
REF*PO*0020070701
REF*ST*03602
REF*DP*043
DTM*999*20070630
RMR*IK*360220070702*PI*11*11*0
REF*PO*0020070703
REF*ST*03602
REF*DP*043
DTM*999*20070702
RMR*IK*360220070703*PI*15.55*15.55*0
REF*PO*0020070704
REF*ST*03602
REF*DP*043
DTM*999*20070703
RMR*IK*360220070704*PI*11.55*11.55*0
REF*PO*0020070705
REF*ST*03602
REF*DP*043
DTM*999*20070704
RMR*IK*364420070628*PI*109.55*109.55*0
REF*PO*0020070629
REF*ST*03644
REF*DP*043
DTM*999*20070628
RMR*IK*364420070629*PI*140.05*140.05*0
REF*PO*0020070630
REF*ST*03644
REF*DP*043
DTM*999*20070629
RMR*IK*364420070630*PI*394.9*394.9*0
REF*PO*0020070701
REF*ST*03644
REF*DP*043
DTM*999*20070630
RMR*IK*364420070701*PI*202.65*202.65*0
REF*PO*0020070702
REF*ST*03644
REF*DP*043
DTM*999*20070701
RMR*IK*364420070702*PI*278.2*278.2*0
REF*PO*0020070703
REF*ST*03644
REF*DP*043
DTM*999*20070702
RMR*IK*364420070703*PI*277.95*277.95*0
REF*PO*0020070704
REF*ST*03644
REF*DP*043
DTM*999*20070703
RMR*IK*364420070704*PI*195.35*195.35*0
REF*PO*0020070705
REF*ST*03644
REF*DP*043
DTM*999*20070704
RMR*IK*364620070628*PI*179.8*179.8*0
REF*PO*0020070629
REF*ST*03646
REF*DP*043
DTM*999*20070628
RMR*IK*364620070629*PI*159.9*159.9*0
REF*PO*0020070630
REF*ST*03646
REF*DP*043
DTM*999*20070629
RMR*IK*364620070630*PI*543.9*543.9*0
REF*PO*0020070701
REF*ST*03646
REF*DP*043
DTM*999*20070630
RMR*IK*364620070701*PI*370.75*370.75*0
REF*PO*0020070702
REF*ST*03646
REF*DP*043
DTM*999*20070701
RMR*IK*364620070702*PI*324.1*324.1*0
REF*PO*0020070703
REF*ST*03646
REF*DP*043
DTM*999*20070702
RMR*IK*364620070703*PI*440.9*440.9*0
REF*PO*0020070704
REF*ST*03646
REF*DP*043
DTM*999*20070703
RMR*IK*364620070704*PI*516.6*516.6*0
REF*PO*0020070705
REF*ST*03646
REF*DP*043
DTM*999*20070704
RMR*IK*366020070628*PI*3*3*0
REF*PO*0020070629
REF*ST*03660
REF*DP*043
DTM*999*20070628
RMR*IK*366020070629*PI*16.5*16.5*0
REF*PO*0020070630
REF*ST*03660
REF*DP*043
DTM*999*20070629
RMR*IK*366020070702*PI*4.7*4.7*0
REF*PO*0020070703
REF*ST*03660
REF*DP*043
DTM*999*20070702
RMR*IK*366120070628*PI*36.5*36.5*0
REF*PO*0020070629
REF*ST*03661
REF*DP*043
DTM*999*20070628
RMR*IK*366120070629*PI*34.65*34.65*0
REF*PO*0020070630
REF*ST*03661
REF*DP*043
DTM*999*20070629
RMR*IK*366120070630*PI*28.5*28.5*0
REF*PO*0020070701
REF*ST*03661
REF*DP*043
DTM*999*20070630
RMR*IK*366120070701*PI*12*12*0
REF*PO*0020070702
REF*ST*03661
REF*DP*043
DTM*999*20070701
RMR*IK*366120070702*PI*1.25*1.25*0
REF*PO*0020070703
REF*ST*03661
REF*DP*043
DTM*999*20070702
RMR*IK*366120070703*PI*1.8*1.8*0
REF*PO*0020070704
REF*ST*03661
REF*DP*043
DTM*999*20070703
RMR*IK*367220070628*PI*9.6*9.6*0
REF*PO*0020070629
REF*ST*03672
REF*DP*043
DTM*999*20070628
RMR*IK*367220070629*PI*8.25*8.25*0
REF*PO*0020070630
REF*ST*03672
REF*DP*043
DTM*999*20070629
RMR*IK*367220070630*PI*17.7*17.7*0
REF*PO*0020070701
REF*ST*03672
REF*DP*043
DTM*999*20070630
RMR*IK*367220070701*PI*6*6*0
REF*PO*0020070702
REF*ST*03672
REF*DP*043
DTM*999*20070701
RMR*IK*367220070702*PI*16*16*0
REF*PO*0020070703
REF*ST*03672
REF*DP*043
DTM*999*20070702
RMR*IK*367220070703*PI*29*29*0
REF*PO*0020070704
REF*ST*03672
REF*DP*043
DTM*999*20070703
RMR*IK*367220070704*PI*20.65*20.65*0
REF*PO*0020070705
REF*ST*03672
REF*DP*043
DTM*999*20070704
RMR*IK*367520070628*PI*1.65*1.65*0
REF*PO*0020070629
REF*ST*03675
REF*DP*043
DTM*999*20070628
RMR*IK*367520070701*PI*1.1*1.1*0
REF*PO*0020070702
REF*ST*03675
REF*DP*043
DTM*999*20070701
RMR*IK*367520070702*PI*.55*.55*0
REF*PO*0020070703
REF*ST*03675
REF*DP*043
DTM*999*20070702
RMR*IK*367520070703*PI*1.25*1.25*0
REF*PO*0020070704
REF*ST*03675
REF*DP*043
DTM*999*20070703
RMR*IK*367520070704*PI*3*3*0
REF*PO*0020070705
REF*ST*03675
REF*DP*043
DTM*999*20070704
RMR*IK*368520070628*PI*60.2*60.2*0
REF*PO*0020070629
REF*ST*03685
REF*DP*043
DTM*999*20070628
RMR*IK*368520070629*PI*64.25*64.25*0
REF*PO*0020070630
REF*ST*03685
REF*DP*043
DTM*999*20070629
RMR*IK*368520070630*PI*92.4*92.4*0
REF*PO*0020070701
REF*ST*03685
REF*DP*043
DTM*999*20070630
RMR*IK*368520070701*PI*46.8*46.8*0
REF*PO*0020070702
REF*ST*03685
REF*DP*043
DTM*999*20070701
RMR*IK*368520070702*PI*36.9*36.9*0
REF*PO*0020070703
REF*ST*03685
REF*DP*043
DTM*999*20070702
RMR*IK*368520070703*PI*38.9*38.9*0
REF*PO*0020070704
REF*ST*03685
REF*DP*043
DTM*999*20070703
RMR*IK*368520070704*PI*65.15*65.15*0
REF*PO*0020070705
REF*ST*03685
REF*DP*043
DTM*999*20070704
RMR*IK*370120070630*PI*3.75*3.75*0
REF*PO*0020070701
REF*ST*03701
REF*DP*043
DTM*999*20070630
RMR*IK*370120070703*PI*10.5*10.5*0
REF*PO*0020070704
REF*ST*03701
REF*DP*043
DTM*999*20070703
RMR*IK*370120070704*PI*1.25*1.25*0
REF*PO*0020070705
REF*ST*03701
REF*DP*043
DTM*999*20070704
RMR*IK*370320070628*PI*295.95*295.95*0
REF*PO*0020070629
REF*ST*03703
REF*DP*043
DTM*999*20070628
RMR*IK*370320070629*PI*411.6*411.6*0
REF*PO*0020070630
REF*ST*03703
REF*DP*043
DTM*999*20070629
RMR*IK*370320070630*PI*554.05*554.05*0
REF*PO*0020070701
REF*ST*03703
REF*DP*043
DTM*999*20070630
RMR*IK*370320070701*PI*372.55*372.55*0
REF*PO*0020070702
REF*ST*03703
REF*DP*043
DTM*999*20070701
RMR*IK*370320070702*PI*283.5*283.5*0
REF*PO*0020070703
REF*ST*03703
REF*DP*043
DTM*999*20070702
RMR*IK*370320070703*PI*527.1*527.1*0
REF*PO*0020070704
REF*ST*03703
REF*DP*043
DTM*999*20070703
RMR*IK*370320070704*PI*307*307*0
REF*PO*0020070705
REF*ST*03703
REF*DP*043
DTM*999*20070704
RMR*IK*371320070628*PI*64.05*64.05*0
REF*PO*0020070629
REF*ST*03713
REF*DP*043
DTM*999*20070628
RMR*IK*371320070629*PI*2.5*2.5*0
REF*PO*0020070630
REF*ST*03713
REF*DP*043
DTM*999*20070629
RMR*IK*371320070630*PI*22.2*22.2*0
REF*PO*0020070701
REF*ST*03713
REF*DP*043
DTM*999*20070630
RMR*IK*371320070702*PI*34.6*34.6*0
REF*PO*0020070703
REF*ST*03713
REF*DP*043
DTM*999*20070702
RMR*IK*371320070703*PI*5.85*5.85*0
REF*PO*0020070704
REF*ST*03713
REF*DP*043
DTM*999*20070703
RMR*IK*371320070704*PI*5*5*0
REF*PO*0020070705
REF*ST*03713
REF*DP*043
DTM*999*20070704
RMR*IK*371520070628*PI*117.05*117.05*0
REF*PO*0020070629
REF*ST*03715
REF*DP*043
DTM*999*20070628
RMR*IK*371520070629*PI*119.2*119.2*0
REF*PO*0020070630
REF*ST*03715
REF*DP*043
DTM*999*20070629
RMR*IK*371520070630*PI*202.75*202.75*0
REF*PO*0020070701
REF*ST*03715
REF*DP*043
DTM*999*20070630
RMR*IK*371520070701*PI*28.8*28.8*0
REF*PO*0020070702
REF*ST*03715
REF*DP*043
DTM*999*20070701
RMR*IK*371520070702*PI*92.85*92.85*0
REF*PO*0020070703
REF*ST*03715
REF*DP*043
DTM*999*20070702
RMR*IK*371520070703*PI*139.8*139.8*0
REF*PO*0020070704
REF*ST*03715
REF*DP*043
DTM*999*20070703
RMR*IK*371520070704*PI*144.35*144.35*0
REF*PO*0020070705
REF*ST*03715
REF*DP*043
DTM*999*20070704
RMR*IK*382220070628*PI*72.2*72.2*0
REF*PO*0020070629
REF*ST*03822
REF*DP*043
DTM*999*20070628
RMR*IK*382220070629*PI*63.55*63.55*0
REF*PO*0020070630
REF*ST*03822
REF*DP*043
DTM*999*20070629
RMR*IK*382220070630*PI*123*123*0
REF*PO*0020070701
REF*ST*03822
REF*DP*043
DTM*999*20070630
RMR*IK*382220070701*PI*137.75*137.75*0
REF*PO*0020070702
REF*ST*03822
REF*DP*043
DTM*999*20070701
RMR*IK*382220070702*PI*75.6*75.6*0
REF*PO*0020070703
REF*ST*03822
REF*DP*043
DTM*999*20070702
RMR*IK*382220070703*PI*136.2*136.2*0
REF*PO*0020070704
REF*ST*03822
REF*DP*043
DTM*999*20070703
RMR*IK*382220070704*PI*85.7*85.7*0
REF*PO*0020070705
REF*ST*03822
REF*DP*043
DTM*999*20070704
RMR*IK*383620070628*PI*116.7*116.7*0
REF*PO*0020070629
REF*ST*03836
REF*DP*043
DTM*999*20070628
RMR*IK*383620070629*PI*171.65*171.65*0
REF*PO*0020070630
REF*ST*03836
REF*DP*043
DTM*999*20070629
RMR*IK*383620070630*PI*77.5*77.5*0
REF*PO*0020070701
REF*ST*03836
REF*DP*043
DTM*999*20070630
RMR*IK*383620070701*PI*38*38*0
REF*PO*0020070702
REF*ST*03836
REF*DP*043
DTM*999*20070701
RMR*IK*383620070702*PI*25.15*25.15*0
REF*PO*0020070703
REF*ST*03836
REF*DP*043
DTM*999*20070702
RMR*IK*383620070703*PI*48.25*48.25*0
REF*PO*0020070704
REF*ST*03836
REF*DP*043
DTM*999*20070703
RMR*IK*383620070704*PI*56.4*56.4*0
REF*PO*0020070705
REF*ST*03836
REF*DP*043
DTM*999*20070704
RMR*IK*384820070628*PI*225.5*225.5*0
REF*PO*0020070629
REF*ST*03848
REF*DP*043
DTM*999*20070628
RMR*IK*384820070629*PI*145.35*145.35*0
REF*PO*0020070630
REF*ST*03848
REF*DP*043
DTM*999*20070629
RMR*IK*384820070630*PI*94.4*94.4*0
REF*PO*0020070701
REF*ST*03848
REF*DP*043
DTM*999*20070630
RMR*IK*384820070701*PI*36.7*36.7*0
REF*PO*0020070702
REF*ST*03848
REF*DP*043
DTM*999*20070701
RMR*IK*384820070702*PI*101.7*101.7*0
REF*PO*0020070703
REF*ST*03848
REF*DP*043
DTM*999*20070702
RMR*IK*384820070703*PI*49.6*49.6*0
REF*PO*0020070704
REF*ST*03848
REF*DP*043
DTM*999*20070703
RMR*IK*384820070704*PI*70.45*70.45*0
REF*PO*0020070705
REF*ST*03848
REF*DP*043
DTM*999*20070704
RMR*IK*387620070628*PI*36.55*36.55*0
REF*PO*0020070629
REF*ST*03876
REF*DP*043
DTM*999*20070628
RMR*IK*387620070629*PI*15*15*0
REF*PO*0020070630
REF*ST*03876
REF*DP*043
DTM*999*20070629
RMR*IK*387620070630*PI*31.8*31.8*0
REF*PO*0020070701
REF*ST*03876
REF*DP*043
DTM*999*20070630
RMR*IK*387620070701*PI*13.45*13.45*0
REF*PO*0020070702
REF*ST*03876
REF*DP*043
DTM*999*20070701
RMR*IK*387620070702*PI*13.95*13.95*0
REF*PO*0020070703
REF*ST*03876
REF*DP*043
DTM*999*20070702
RMR*IK*387620070703*PI*30.75*30.75*0
REF*PO*0020070704
REF*ST*03876
REF*DP*043
DTM*999*20070703
RMR*IK*387620070704*PI*10.25*10.25*0
REF*PO*0020070705
REF*ST*03876
REF*DP*043
DTM*999*20070704
RMR*IK*390520070628*PI*.4*.4*0
REF*PO*0020070629
REF*ST*03905
REF*DP*043
DTM*999*20070628
RMR*IK*390520070702*PI*1.1*1.1*0
REF*PO*0020070703
REF*ST*03905
REF*DP*043
DTM*999*20070702
RMR*IK*390520070703*PI*4.95*4.95*0
REF*PO*0020070704
REF*ST*03905
REF*DP*043
DTM*999*20070703
RMR*IK*390520070704*PI*3*3*0
REF*PO*0020070705
REF*ST*03905
REF*DP*043
DTM*999*20070704
RMR*IK*392920070628*PI*5.5*5.5*0
REF*PO*0020070629
REF*ST*03929
REF*DP*043
DTM*999*20070628
RMR*IK*392920070629*PI*5.75*5.75*0
REF*PO*0020070630
REF*ST*03929
REF*DP*043
DTM*999*20070629
RMR*IK*392920070630*PI*.55*.55*0
REF*PO*0020070701
REF*ST*03929
REF*DP*043
DTM*999*20070630
RMR*IK*392920070701*PI*4.95*4.95*0
REF*PO*0020070702
REF*ST*03929
REF*DP*043
DTM*999*20070701
RMR*IK*392920070702*PI*4.1*4.1*0
REF*PO*0020070703
REF*ST*03929
REF*DP*043
DTM*999*20070702
RMR*IK*392920070703*PI*4.35*4.35*0
REF*PO*0020070704
REF*ST*03929
REF*DP*043
DTM*999*20070703
RMR*IK*393920070629*PI*3*3*0
REF*PO*0020070630
REF*ST*03939
REF*DP*043
DTM*999*20070629
RMR*IK*393920070630*PI*6*6*0
REF*PO*0020070701
REF*ST*03939
REF*DP*043
DTM*999*20070630
RMR*IK*393920070701*PI*12*12*0
REF*PO*0020070702
REF*ST*03939
REF*DP*043
DTM*999*20070701
RMR*IK*394120070628*PI*152.05*152.05*0
REF*PO*0020070629
REF*ST*03941
REF*DP*043
DTM*999*20070628
RMR*IK*394120070629*PI*359.7*359.7*0
REF*PO*0020070630
REF*ST*03941
REF*DP*043
DTM*999*20070629
RMR*IK*394120070630*PI*350.75*350.75*0
REF*PO*0020070701
REF*ST*03941
REF*DP*043
DTM*999*20070630
RMR*IK*394120070701*PI*220.2*220.2*0
REF*PO*0020070702
REF*ST*03941
REF*DP*043
DTM*999*20070701
RMR*IK*394120070702*PI*221.75*221.75*0
REF*PO*0020070703
REF*ST*03941
REF*DP*043
DTM*999*20070702
RMR*IK*394120070703*PI*239.65*239.65*0
REF*PO*0020070704
REF*ST*03941
REF*DP*043
DTM*999*20070703
RMR*IK*394120070704*PI*149.15*149.15*0
REF*PO*0020070705
REF*ST*03941
REF*DP*043
DTM*999*20070704
RMR*IK*394620070628*PI*12.75*12.75*0
REF*PO*0020070629
REF*ST*03946
REF*DP*043
DTM*999*20070628
RMR*IK*394620070629*PI*4.4*4.4*0
REF*PO*0020070630
REF*ST*03946
REF*DP*043
DTM*999*20070629
RMR*IK*394620070630*PI*5.8*5.8*0
REF*PO*0020070701
REF*ST*03946
REF*DP*043
DTM*999*20070630
RMR*IK*395720070630*PI*2.5*2.5*0
REF*PO*0020070701
REF*ST*03957
REF*DP*043
DTM*999*20070630
RMR*IK*395720070702*PI*10.5*10.5*0
REF*PO*0020070703
REF*ST*03957
REF*DP*043
DTM*999*20070702
RMR*IK*396620070628*PI*11.3*11.3*0
REF*PO*0020070629
REF*ST*03966
REF*DP*043
DTM*999*20070628
RMR*IK*396620070629*PI*56*56*0
REF*PO*0020070630
REF*ST*03966
REF*DP*043
DTM*999*20070629
RMR*IK*396620070630*PI*34.5*34.5*0
REF*PO*0020070701
REF*ST*03966
REF*DP*043
DTM*999*20070630
RMR*IK*396620070701*PI*6.75*6.75*0
REF*PO*0020070702
REF*ST*03966
REF*DP*043
DTM*999*20070701
RMR*IK*396620070702*PI*24.85*24.85*0
REF*PO*0020070703
REF*ST*03966
REF*DP*043
DTM*999*20070702
RMR*IK*396620070703*PI*58.35*58.35*0
REF*PO*0020070704
REF*ST*03966
REF*DP*043
DTM*999*20070703
RMR*IK*396620070704*PI*21.4*21.4*0
REF*PO*0020070705
REF*ST*03966
REF*DP*043
DTM*999*20070704
RMR*IK*396720070628*PI*6.55*6.55*0
REF*PO*0020070629
REF*ST*03967
REF*DP*043
DTM*999*20070628
RMR*IK*396720070629*PI*18.25*18.25*0
REF*PO*0020070630
REF*ST*03967
REF*DP*043
DTM*999*20070629
RMR*IK*396720070630*PI*5.75*5.75*0
REF*PO*0020070701
REF*ST*03967
REF*DP*043
DTM*999*20070630
RMR*IK*396720070701*PI*2.5*2.5*0
REF*PO*0020070702
REF*ST*03967
REF*DP*043
DTM*999*20070701
RMR*IK*396720070702*PI*5.25*5.25*0
REF*PO*0020070703
REF*ST*03967
REF*DP*043
DTM*999*20070702
RMR*IK*396720070703*PI*3*3*0
REF*PO*0020070704
REF*ST*03967
REF*DP*043
DTM*999*20070703
RMR*IK*397520070628*PI*15.05*15.05*0
REF*PO*0020070629
REF*ST*03975
REF*DP*043
DTM*999*20070628
RMR*IK*397520070629*PI*12.9*12.9*0
REF*PO*0020070630
REF*ST*03975
REF*DP*043
DTM*999*20070629
RMR*IK*397520070630*PI*15.3*15.3*0
REF*PO*0020070701
REF*ST*03975
REF*DP*043
DTM*999*20070630
RMR*IK*397520070702*PI*3*3*0
REF*PO*0020070703
REF*ST*03975
REF*DP*043
DTM*999*20070702
RMR*IK*397520070703*PI*.55*.55*0
REF*PO*0020070704
REF*ST*03975
REF*DP*043
DTM*999*20070703
RMR*IK*397820070628*PI*1.1*1.1*0
REF*PO*0020070629
REF*ST*03978
REF*DP*043
DTM*999*20070628
RMR*IK*397820070629*PI*22.4*22.4*0
REF*PO*0020070630
REF*ST*03978
REF*DP*043
DTM*999*20070629
RMR*IK*397820070630*PI*33.6*33.6*0
REF*PO*0020070701
REF*ST*03978
REF*DP*043
DTM*999*20070630
RMR*IK*397820070701*PI*14.05*14.05*0
REF*PO*0020070702
REF*ST*03978
REF*DP*043
DTM*999*20070701
RMR*IK*397820070702*PI*27.6*27.6*0
REF*PO*0020070703
REF*ST*03978
REF*DP*043
DTM*999*20070702
RMR*IK*397820070703*PI*23.25*23.25*0
REF*PO*0020070704
REF*ST*03978
REF*DP*043
DTM*999*20070703
RMR*IK*397820070704*PI*21.9*21.9*0
REF*PO*0020070705
REF*ST*03978
REF*DP*043
DTM*999*20070704
RMR*IK*399120070628*PI*1.25*1.25*0
REF*PO*0020070629
REF*ST*03991
REF*DP*043
DTM*999*20070628
RMR*IK*399120070629*PI*7.2*7.2*0
REF*PO*0020070630
REF*ST*03991
REF*DP*043
DTM*999*20070629
RMR*IK*399120070630*PI*6.15*6.15*0
REF*PO*0020070701
REF*ST*03991
REF*DP*043
DTM*999*20070630
RMR*IK*399120070701*PI*1.1*1.1*0
REF*PO*0020070702
REF*ST*03991
REF*DP*043
DTM*999*20070701
RMR*IK*399120070702*PI*5*5*0
REF*PO*0020070703
REF*ST*03991
REF*DP*043
DTM*999*20070702
RMR*IK*399120070704*PI*2.5*2.5*0
REF*PO*0020070705
REF*ST*03991
REF*DP*043
DTM*999*20070704
RMR*IK*399420070628*PI*4.65*4.65*0
REF*PO*0020070629
REF*ST*03994
REF*DP*043
DTM*999*20070628
RMR*IK*399420070629*PI*6.55*6.55*0
REF*PO*0020070630
REF*ST*03994
REF*DP*043
DTM*999*20070629
RMR*IK*399420070630*PI*1.25*1.25*0
REF*PO*0020070701
REF*ST*03994
REF*DP*043
DTM*999*20070630
RMR*IK*399420070702*PI*8.2*8.2*0
REF*PO*0020070703
REF*ST*03994
REF*DP*043
DTM*999*20070702
RMR*IK*399420070703*PI*.8*.8*0
REF*PO*0020070704
REF*ST*03994
REF*DP*043
DTM*999*20070703
RMR*IK*399420070704*PI*4.95*4.95*0
REF*PO*0020070705
REF*ST*03994
REF*DP*043
DTM*999*20070704
RMR*IK*399620070628*PI*86.6*86.6*0
REF*PO*0020070629
REF*ST*03996
REF*DP*043
DTM*999*20070628
RMR*IK*399620070629*PI*32.5*32.5*0
REF*PO*0020070630
REF*ST*03996
REF*DP*043
DTM*999*20070629
RMR*IK*399620070630*PI*72.45*72.45*0
REF*PO*0020070701
REF*ST*03996
REF*DP*043
DTM*999*20070630
RMR*IK*399620070701*PI*32.95*32.95*0
REF*PO*0020070702
REF*ST*03996
REF*DP*043
DTM*999*20070701
RMR*IK*399620070702*PI*21.7*21.7*0
REF*PO*0020070703
REF*ST*03996
REF*DP*043
DTM*999*20070702
RMR*IK*399620070703*PI*54.6*54.6*0
REF*PO*0020070704
REF*ST*03996
REF*DP*043
DTM*999*20070703
RMR*IK*399620070704*PI*31.6*31.6*0
REF*PO*0020070705
REF*ST*03996
REF*DP*043
DTM*999*20070704
RMR*IK*403320070628*PI*7.5*7.5*0
REF*PO*0020070629
REF*ST*04033
REF*DP*043
DTM*999*20070628
RMR*IK*403320070630*PI*5*5*0
REF*PO*0020070701
REF*ST*04033
REF*DP*043
DTM*999*20070630
RMR*IK*403320070702*PI*13.75*13.75*0
REF*PO*0020070703
REF*ST*04033
REF*DP*043
DTM*999*20070702
RMR*IK*403320070704*PI*8.75*8.75*0
REF*PO*0020070705
REF*ST*04033
REF*DP*043
DTM*999*20070704
RMR*IK*407120070628*PI*51.45*51.45*0
REF*PO*0020070629
REF*ST*04071
REF*DP*043
DTM*999*20070628
RMR*IK*407120070629*PI*78.5*78.5*0
REF*PO*0020070630
REF*ST*04071
REF*DP*043
DTM*999*20070629
RMR*IK*407120070630*PI*63.6*63.6*0
REF*PO*0020070701
REF*ST*04071
REF*DP*043
DTM*999*20070630
RMR*IK*407120070701*PI*51.6*51.6*0
REF*PO*0020070702
REF*ST*04071
REF*DP*043
DTM*999*20070701
RMR*IK*407120070702*PI*49.75*49.75*0
REF*PO*0020070703
REF*ST*04071
REF*DP*043
DTM*999*20070702
RMR*IK*407120070703*PI*27.1*27.1*0
REF*PO*0020070704
REF*ST*04071
REF*DP*043
DTM*999*20070703
RMR*IK*407120070704*PI*40.35*40.35*0
REF*PO*0020070705
REF*ST*04071
REF*DP*043
DTM*999*20070704
RMR*IK*409320070628*PI*382.1*382.1*0
REF*PO*0020070629
REF*ST*04093
REF*DP*043
DTM*999*20070628
RMR*IK*409320070629*PI*327.45*327.45*0
REF*PO*0020070630
REF*ST*04093
REF*DP*043
DTM*999*20070629
RMR*IK*409320070630*PI*552.15*552.15*0
REF*PO*0020070701
REF*ST*04093
REF*DP*043
DTM*999*20070630
RMR*IK*409320070701*PI*423.05*423.05*0
REF*PO*0020070702
REF*ST*04093
REF*DP*043
DTM*999*20070701
RMR*IK*409320070702*PI*410.8*410.8*0
REF*PO*0020070703
REF*ST*04093
REF*DP*043
DTM*999*20070702
RMR*IK*409320070703*PI*325.4*325.4*0
REF*PO*0020070704
REF*ST*04093
REF*DP*043
DTM*999*20070703
RMR*IK*409320070704*PI*274.35*274.35*0
REF*PO*0020070705
REF*ST*04093
REF*DP*043
DTM*999*20070704
RMR*IK*410320070628*PI*212.5*212.5*0
REF*PO*0020070629
REF*ST*04103
REF*DP*043
DTM*999*20070628
RMR*IK*410320070629*PI*380.3*380.3*0
REF*PO*0020070630
REF*ST*04103
REF*DP*043
DTM*999*20070629
RMR*IK*410320070630*PI*341.15*341.15*0
REF*PO*0020070701
REF*ST*04103
REF*DP*043
DTM*999*20070630
RMR*IK*410320070701*PI*137.9*137.9*0
REF*PO*0020070702
REF*ST*04103
REF*DP*043
DTM*999*20070701
RMR*IK*410320070702*PI*183.8*183.8*0
REF*PO*0020070703
REF*ST*04103
REF*DP*043
DTM*999*20070702
RMR*IK*410320070703*PI*460*460*0
REF*PO*0020070704
REF*ST*04103
REF*DP*043
DTM*999*20070703
RMR*IK*410320070704*PI*222.7*222.7*0
REF*PO*0020070705
REF*ST*04103
REF*DP*043
DTM*999*20070704
RMR*IK*412220070628*PI*4.95*4.95*0
REF*PO*0020070629
REF*ST*04122
REF*DP*043
DTM*999*20070628
RMR*IK*412220070629*PI*19.5*19.5*0
REF*PO*0020070630
REF*ST*04122
REF*DP*043
DTM*999*20070629
RMR*IK*412220070630*PI*6.75*6.75*0
REF*PO*0020070701
REF*ST*04122
REF*DP*043
DTM*999*20070630
RMR*IK*412220070701*PI*16.45*16.45*0
REF*PO*0020070702
REF*ST*04122
REF*DP*043
DTM*999*20070701
RMR*IK*412220070702*PI*1.1*1.1*0
REF*PO*0020070703
REF*ST*04122
REF*DP*043
DTM*999*20070702
RMR*IK*412220070704*PI*9*9*0
REF*PO*0020070705
REF*ST*04122
REF*DP*043
DTM*999*20070704
RMR*IK*418920070629*PI*.4*.4*0
REF*PO*0020070630
REF*ST*04189
REF*DP*043
DTM*999*20070629
RMR*IK*418920070701*PI*13.4*13.4*0
REF*PO*0020070702
REF*ST*04189
REF*DP*043
DTM*999*20070701
RMR*IK*418920070704*PI*5.25*5.25*0
REF*PO*0020070705
REF*ST*04189
REF*DP*043
DTM*999*20070704
RMR*IK*419820070628*PI*23.3*23.3*0
REF*PO*0020070629
REF*ST*04198
REF*DP*043
DTM*999*20070628
RMR*IK*419820070629*PI*6.05*6.05*0
REF*PO*0020070630
REF*ST*04198
REF*DP*043
DTM*999*20070629
RMR*IK*419820070630*PI*11.8*11.8*0
REF*PO*0020070701
REF*ST*04198
REF*DP*043
DTM*999*20070630
RMR*IK*419820070701*PI*1.5*1.5*0
REF*PO*0020070703
REF*ST*04198
REF*DP*043
DTM*999*20070701
RMR*IK*419820070702*PI*5.25*5.25*0
REF*PO*0020070703
REF*ST*04198
REF*DP*043
DTM*999*20070702
RMR*IK*419820070703*PI*2.2*2.2*0
REF*PO*0020070704
REF*ST*04198
REF*DP*043
DTM*999*20070703
RMR*IK*419820070704*PI*.8*.8*0
REF*PO*0020070705
REF*ST*04198
REF*DP*043
DTM*999*20070704
RMR*IK*424420070628*PI*206.95*206.95*0
REF*PO*0020070629
REF*ST*04244
REF*DP*043
DTM*999*20070628
RMR*IK*424420070629*PI*379.95*379.95*0
REF*PO*0020070630
REF*ST*04244
REF*DP*043
DTM*999*20070629
RMR*IK*424420070630*PI*452.5*452.5*0
REF*PO*0020070701
REF*ST*04244
REF*DP*043
DTM*999*20070630
RMR*IK*424420070701*PI*358.35*358.35*0
REF*PO*0020070702
REF*ST*04244
REF*DP*043
DTM*999*20070701
RMR*IK*424420070702*PI*257.8*257.8*0
REF*PO*0020070703
REF*ST*04244
REF*DP*043
DTM*999*20070702
RMR*IK*424420070703*PI*150.15*150.15*0
REF*PO*0020070704
REF*ST*04244
REF*DP*043
DTM*999*20070703
RMR*IK*424420070704*PI*203.55*203.55*0
REF*PO*0020070705
REF*ST*04244
REF*DP*043
DTM*999*20070704
RMR*IK*430820070628*PI*34*34*0
REF*PO*0020070629
REF*ST*04308
REF*DP*043
DTM*999*20070628
RMR*IK*430820070629*PI*41.65*41.65*0
REF*PO*0020070630
REF*ST*04308
REF*DP*043
DTM*999*20070629
RMR*IK*430820070630*PI*81.3*81.3*0
REF*PO*0020070701
REF*ST*04308
REF*DP*043
DTM*999*20070630
RMR*IK*430820070701*PI*15.95*15.95*0
REF*PO*0020070702
REF*ST*04308
REF*DP*043
DTM*999*20070701
RMR*IK*430820070702*PI*134.9*134.9*0
REF*PO*0020070703
REF*ST*04308
REF*DP*043
DTM*999*20070702
RMR*IK*430820070703*PI*28.25*28.25*0
REF*PO*0020070704
REF*ST*04308
REF*DP*043
DTM*999*20070703
RMR*IK*430820070704*PI*41.55*41.55*0
REF*PO*0020070705
REF*ST*04308
REF*DP*043
DTM*999*20070704
RMR*IK*431220070628*PI*151.25*151.25*0
REF*PO*0020070629
REF*ST*04312
REF*DP*043
DTM*999*20070628
RMR*IK*431220070629*PI*135.95*135.95*0
REF*PO*0020070630
REF*ST*04312
REF*DP*043
DTM*999*20070629
RMR*IK*431220070630*PI*104.25*104.25*0
REF*PO*0020070701
REF*ST*04312
REF*DP*043
DTM*999*20070630
RMR*IK*431220070701*PI*43.3*43.3*0
REF*PO*0020070702
REF*ST*04312
REF*DP*043
DTM*999*20070701
RMR*IK*431220070702*PI*84.8*84.8*0
REF*PO*0020070703
REF*ST*04312
REF*DP*043
DTM*999*20070702
RMR*IK*431220070703*PI*44.15*44.15*0
REF*PO*0020070704
REF*ST*04312
REF*DP*043
DTM*999*20070703
RMR*IK*431220070704*PI*66.15*66.15*0
REF*PO*0020070705
REF*ST*04312
REF*DP*043
DTM*999*20070704
RMR*IK*447520070628*PI*46.65*46.65*0
REF*PO*0020070629
REF*ST*04475
REF*DP*043
DTM*999*20070628
RMR*IK*447520070629*PI*141.8*141.8*0
REF*PO*0020070630
REF*ST*04475
REF*DP*043
DTM*999*20070629
RMR*IK*447520070630*PI*113.6*113.6*0
REF*PO*0020070701
REF*ST*04475
REF*DP*043
DTM*999*20070630
RMR*IK*447520070701*PI*55.9*55.9*0
REF*PO*0020070702
REF*ST*04475
REF*DP*043
DTM*999*20070701
RMR*IK*447520070702*PI*39.85*39.85*0
REF*PO*0020070703
REF*ST*04475
REF*DP*043
DTM*999*20070702
RMR*IK*447520070703*PI*51.2*51.2*0
REF*PO*0020070704
REF*ST*04475
REF*DP*043
DTM*999*20070703
RMR*IK*447520070704*PI*49.7*49.7*0
REF*PO*0020070705
REF*ST*04475
REF*DP*043
DTM*999*20070704
RMR*IK*448920070628*PI*4.95*4.95*0
REF*PO*0020070629
REF*ST*04489
REF*DP*043
DTM*999*20070628
RMR*IK*448920070629*PI*1.65*1.65*0
REF*PO*0020070630
REF*ST*04489
REF*DP*043
DTM*999*20070629
RMR*IK*448920070630*PI*7.15*7.15*0
REF*PO*0020070701
REF*ST*04489
REF*DP*043
DTM*999*20070630
RMR*IK*448920070701*PI*2.5*2.5*0
REF*PO*0020070702
REF*ST*04489
REF*DP*043
DTM*999*20070701
RMR*IK*448920070704*PI*2.5*2.5*0
REF*PO*0020070705
REF*ST*04489
REF*DP*043
DTM*999*20070704
RMR*IK*471720070628*PI*242.5*242.5*0
REF*PO*0020070629
REF*ST*04717
REF*DP*043
DTM*999*20070628
RMR*IK*471720070629*PI*275.75*275.75*0
REF*PO*0020070630
REF*ST*04717
REF*DP*043
DTM*999*20070629
RMR*IK*471720070630*PI*249.95*249.95*0
REF*PO*0020070701
REF*ST*04717
REF*DP*043
DTM*999*20070630
RMR*IK*471720070701*PI*146.95*146.95*0
REF*PO*0020070702
REF*ST*04717
REF*DP*043
DTM*999*20070701
RMR*IK*471720070702*PI*147.55*147.55*0
REF*PO*0020070703
REF*ST*04717
REF*DP*043
DTM*999*20070702
RMR*IK*471720070703*PI*116.45*116.45*0
REF*PO*0020070704
REF*ST*04717
REF*DP*043
DTM*999*20070703
RMR*IK*471720070704*PI*179.25*179.25*0
REF*PO*0020070705
REF*ST*04717
REF*DP*043
DTM*999*20070704
RMR*IK*471920070628*PI*130.7*130.7*0
REF*PO*0020070629
REF*ST*04719
REF*DP*043
DTM*999*20070628
RMR*IK*471920070629*PI*217.55*217.55*0
REF*PO*0020070630
REF*ST*04719
REF*DP*043
DTM*999*20070629
RMR*IK*471920070630*PI*282.85*282.85*0
REF*PO*0020070701
REF*ST*04719
REF*DP*043
DTM*999*20070630
RMR*IK*471920070701*PI*180.95*180.95*0
REF*PO*0020070702
REF*ST*04719
REF*DP*043
DTM*999*20070701
RMR*IK*471920070702*PI*132.9*132.9*0
REF*PO*0020070703
REF*ST*04719
REF*DP*043
DTM*999*20070702
RMR*IK*471920070703*PI*193.05*193.05*0
REF*PO*0020070704
REF*ST*04719
REF*DP*043
DTM*999*20070703
RMR*IK*471920070704*PI*299.55*299.55*0
REF*PO*0020070705
REF*ST*04719
REF*DP*043
DTM*999*20070704
RMR*IK*472320070628*PI*9.75*9.75*0
REF*PO*0020070629
REF*ST*04723
REF*DP*043
DTM*999*20070628
RMR*IK*472320070630*PI*5.25*5.25*0
REF*PO*0020070701
REF*ST*04723
REF*DP*043
DTM*999*20070630
RMR*IK*472320070701*PI*5.25*5.25*0
REF*PO*0020070702
REF*ST*04723
REF*DP*043
DTM*999*20070701
RMR*IK*472320070702*PI*5*5*0
REF*PO*0020070703
REF*ST*04723
REF*DP*043
DTM*999*20070702
RMR*IK*472320070704*PI*13*13*0
REF*PO*0020070705
REF*ST*04723
REF*DP*043
DTM*999*20070704
RMR*IK*473920070628*PI*58.4*58.4*0
REF*PO*0020070629
REF*ST*04739
REF*DP*043
DTM*999*20070628
RMR*IK*473920070629*PI*46.15*46.15*0
REF*PO*0020070630
REF*ST*04739
REF*DP*043
DTM*999*20070629
RMR*IK*473920070630*PI*6*6*0
REF*PO*0020070701
REF*ST*04739
REF*DP*043
DTM*999*20070630
RMR*IK*473920070701*PI*11.5*11.5*0
REF*PO*0020070702
REF*ST*04739
REF*DP*043
DTM*999*20070701
RMR*IK*473920070702*PI*58.7*58.7*0
REF*PO*0020070703
REF*ST*04739
REF*DP*043
DTM*999*20070702
RMR*IK*473920070703*PI*74.3*74.3*0
REF*PO*0020070704
REF*ST*04739
REF*DP*043
DTM*999*20070703
RMR*IK*473920070704*PI*46.6*46.6*0
REF*PO*0020070705
REF*ST*04739
REF*DP*043
DTM*999*20070704
RMR*IK*475320070628*PI*27.65*27.65*0
REF*PO*0020070629
REF*ST*04753
REF*DP*043
DTM*999*20070628
RMR*IK*475320070629*PI*11.15*11.15*0
REF*PO*0020070630
REF*ST*04753
REF*DP*043
DTM*999*20070629
RMR*IK*475320070630*PI*26.25*26.25*0
REF*PO*0020070701
REF*ST*04753
REF*DP*043
DTM*999*20070630
RMR*IK*475320070701*PI*18.7*18.7*0
REF*PO*0020070702
REF*ST*04753
REF*DP*043
DTM*999*20070701
RMR*IK*475320070702*PI*21.85*21.85*0
REF*PO*0020070703
REF*ST*04753
REF*DP*043
DTM*999*20070702
RMR*IK*475320070703*PI*4.5*4.5*0
REF*PO*0020070704
REF*ST*04753
REF*DP*043
DTM*999*20070703
RMR*IK*475320070704*PI*36*36*0
REF*PO*0020070705
REF*ST*04753
REF*DP*043
DTM*999*20070704
RMR*IK*476020070628*PI*21.55*21.55*0
REF*PO*0020070629
REF*ST*04760
REF*DP*043
DTM*999*20070628
RMR*IK*476020070629*PI*6.65*6.65*0
REF*PO*0020070630
REF*ST*04760
REF*DP*043
DTM*999*20070629
RMR*IK*476020070630*PI*8*8*0
REF*PO*0020070701
REF*ST*04760
REF*DP*043
DTM*999*20070630
RMR*IK*476020070701*PI*1.25*1.25*0
REF*PO*0020070702
REF*ST*04760
REF*DP*043
DTM*999*20070701
RMR*IK*476020070703*PI*5.25*5.25*0
REF*PO*0020070704
REF*ST*04760
REF*DP*043
DTM*999*20070703
RMR*IK*476920070629*PI*2.5*2.5*0
REF*PO*0020070630
REF*ST*04769
REF*DP*043
DTM*999*20070629
RMR*IK*476920070630*PI*3*3*0
REF*PO*0020070701
REF*ST*04769
REF*DP*043
DTM*999*20070630
RMR*IK*476920070701*PI*.8*.8*0
REF*PO*0020070702
REF*ST*04769
REF*DP*043
DTM*999*20070701
RMR*IK*476920070702*PI*.8*.8*0
REF*PO*0020070703
REF*ST*04769
REF*DP*043
DTM*999*20070702
RMR*IK*476920070703*PI*1.25*1.25*0
REF*PO*0020070704
REF*ST*04769
REF*DP*043
DTM*999*20070703
RMR*IK*476920070704*PI*9*9*0
REF*PO*0020070705
REF*ST*04769
REF*DP*043
DTM*999*20070704
RMR*IK*481720070628*PI*58.5*58.5*0
REF*PO*0020070629
REF*ST*04817
REF*DP*043
DTM*999*20070628
RMR*IK*481720070629*PI*56.6*56.6*0
REF*PO*0020070630
REF*ST*04817
REF*DP*043
DTM*999*20070629
RMR*IK*481720070630*PI*160.55*160.55*0
REF*PO*0020070701
REF*ST*04817
REF*DP*043
DTM*999*20070630
RMR*IK*481720070701*PI*66.45*66.45*0
REF*PO*0020070702
REF*ST*04817
REF*DP*043
DTM*999*20070701
RMR*IK*481720070702*PI*78.95*78.95*0
REF*PO*0020070703
REF*ST*04817
REF*DP*043
DTM*999*20070702
RMR*IK*481720070703*PI*62*62*0
REF*PO*0020070704
REF*ST*04817
REF*DP*043
DTM*999*20070703
RMR*IK*481720070704*PI*37.7*37.7*0
REF*PO*0020070705
REF*ST*04817
REF*DP*043
DTM*999*20070704
RMR*IK*483520070628*PI*7.4*7.4*0
REF*PO*0020070629
REF*ST*04835
REF*DP*043
DTM*999*20070628
RMR*IK*483520070629*PI*16.95*16.95*0
REF*PO*0020070630
REF*ST*04835
REF*DP*043
DTM*999*20070629
RMR*IK*483520070630*PI*1.1*1.1*0
REF*PO*0020070701
REF*ST*04835
REF*DP*043
DTM*999*20070630
RMR*IK*483520070701*PI*14.75*14.75*0
REF*PO*0020070702
REF*ST*04835
REF*DP*043
DTM*999*20070701
RMR*IK*483520070702*PI*2.85*2.85*0
REF*PO*0020070703
REF*ST*04835
REF*DP*043
DTM*999*20070702
RMR*IK*483520070703*PI*6.3*6.3*0
REF*PO*0020070704
REF*ST*04835
REF*DP*043
DTM*999*20070703
RMR*IK*483520070704*PI*15.05*15.05*0
REF*PO*0020070705
REF*ST*04835
REF*DP*043
DTM*999*20070704
RMR*IK*488320070628*PI*101*101*0
REF*PO*0020070629
REF*ST*04883
REF*DP*043
DTM*999*20070628
RMR*IK*488320070629*PI*101.45*101.45*0
REF*PO*0020070630
REF*ST*04883
REF*DP*043
DTM*999*20070629
RMR*IK*488320070630*PI*57.5*57.5*0
REF*PO*0020070701
REF*ST*04883
REF*DP*043
DTM*999*20070630
RMR*IK*488320070701*PI*71.4*71.4*0
REF*PO*0020070702
REF*ST*04883
REF*DP*043
DTM*999*20070701
RMR*IK*488320070702*PI*34.7*34.7*0
REF*PO*0020070703
REF*ST*04883
REF*DP*043
DTM*999*20070702
RMR*IK*488320070703*PI*29.15*29.15*0
REF*PO*0020070704
REF*ST*04883
REF*DP*043
DTM*999*20070703
RMR*IK*488320070704*PI*38.95*38.95*0
REF*PO*0020070705
REF*ST*04883
REF*DP*043
DTM*999*20070704
RMR*IK*489820070628*PI*16.25*16.25*0
REF*PO*0020070629
REF*ST*04898
REF*DP*043
DTM*999*20070628
RMR*IK*489820070629*PI*10.65*10.65*0
REF*PO*0020070630
REF*ST*04898
REF*DP*043
DTM*999*20070629
RMR*IK*489820070630*PI*10*10*0
REF*PO*0020070701
REF*ST*04898
REF*DP*043
DTM*999*20070630
RMR*IK*489820070701*PI*8.75*8.75*0
REF*PO*0020070702
REF*ST*04898
REF*DP*043
DTM*999*20070701
RMR*IK*489820070703*PI*2.2*2.2*0
REF*PO*0020070704
REF*ST*04898
REF*DP*043
DTM*999*20070703
RMR*IK*489820070704*PI*30.05*30.05*0
REF*PO*0020070705
REF*ST*04898
REF*DP*043
DTM*999*20070704
RMR*IK*497020070628*PI*212.95*212.95*0
REF*PO*0020070629
REF*ST*04970
REF*DP*043
DTM*999*20070628
RMR*IK*497020070629*PI*213.2*213.2*0
REF*PO*0020070630
REF*ST*04970
REF*DP*043
DTM*999*20070629
RMR*IK*497020070630*PI*243.45*243.45*0
REF*PO*0020070701
REF*ST*04970
REF*DP*043
DTM*999*20070630
RMR*IK*497020070701*PI*120.65*120.65*0
REF*PO*0020070702
REF*ST*04970
REF*DP*043
DTM*999*20070701
RMR*IK*497020070702*PI*148.9*148.9*0
REF*PO*0020070703
REF*ST*04970
REF*DP*043
DTM*999*20070702
RMR*IK*497020070703*PI*280.95*280.95*0
REF*PO*0020070704
REF*ST*04970
REF*DP*043
DTM*999*20070703
RMR*IK*497020070704*PI*212.6*212.6*0
REF*PO*0020070705
REF*ST*04970
REF*DP*043
DTM*999*20070704
RMR*IK*502320070628*PI*10.3*10.3*0
REF*PO*0020070630
REF*ST*05023
REF*DP*043
DTM*999*20070628
RMR*IK*502320070629*PI*4.85*4.85*0
REF*PO*0020070701
REF*ST*05023
REF*DP*043
DTM*999*20070629
RMR*IK*502320070630*PI*2.6*2.6*0
REF*PO*0020070702
REF*ST*05023
REF*DP*043
DTM*999*20070630
RMR*IK*502320070701*PI*2.45*2.45*0
REF*PO*0020070703
REF*ST*05023
REF*DP*043
DTM*999*20070701
RMR*IK*502320070704*PI*5.05*5.05*0
REF*PO*0020070706
REF*ST*05023
REF*DP*043
DTM*999*20070704
RMR*IK*506620070628*PI*.55*.55*0
REF*PO*0020070630
REF*ST*05066
REF*DP*043
DTM*999*20070628
RMR*IK*506620070702*PI*2.5*2.5*0
REF*PO*0020070704
REF*ST*05066
REF*DP*043
DTM*999*20070702
RMR*IK*507020070628*PI*10.5*10.5*0
REF*PO*0020070630
REF*ST*05070
REF*DP*043
DTM*999*20070628
RMR*IK*507020070629*PI*5.8*5.8*0
REF*PO*0020070701
REF*ST*05070
REF*DP*043
DTM*999*20070629
RMR*IK*507020070630*PI*2.75*2.75*0
REF*PO*0020070702
REF*ST*05070
REF*DP*043
DTM*999*20070630
RMR*IK*507020070702*PI*11.25*11.25*0
REF*PO*0020070704
REF*ST*05070
REF*DP*043
DTM*999*20070702
RMR*IK*507020070703*PI*2.2*2.2*0
REF*PO*0020070705
REF*ST*05070
REF*DP*043
DTM*999*20070703
RMR*IK*507020070704*PI*6*6*0
REF*PO*0020070706
REF*ST*05070
REF*DP*043
DTM*999*20070704
RMR*IK*507720070703*PI*19.8*19.8*0
REF*PO*0020070705
REF*ST*05077
REF*DP*043
DTM*999*20070703
RMR*IK*702820070630*PI*6.9*6.9*0
REF*PO*0020070701
REF*ST*07028
REF*DP*043
DTM*999*20070630
RMR*IK*702820070701*PI*3*3*0
REF*PO*0020070702
REF*ST*07028
REF*DP*043
DTM*999*20070701
RMR*IK*704520070628*PI*70.55*70.55*0
REF*PO*0020070629
REF*ST*07045
REF*DP*043
DTM*999*20070628
RMR*IK*704520070629*PI*112.2*112.2*0
REF*PO*0020070630
REF*ST*07045
REF*DP*043
DTM*999*20070629
RMR*IK*704520070630*PI*101.45*101.45*0
REF*PO*0020070701
REF*ST*07045
REF*DP*043
DTM*999*20070630
RMR*IK*704520070701*PI*30.15*30.15*0
REF*PO*0020070702
REF*ST*07045
REF*DP*043
DTM*999*20070701
RMR*IK*704520070702*PI*42.55*42.55*0
REF*PO*0020070703
REF*ST*07045
REF*DP*043
DTM*999*20070702
RMR*IK*704520070703*PI*58.25*58.25*0
REF*PO*0020070704
REF*ST*07045
REF*DP*043
DTM*999*20070703
RMR*IK*704520070704*PI*8.15*8.15*0
REF*PO*0020070705
REF*ST*07045
REF*DP*043
DTM*999*20070704
RMR*IK*705920070628*PI*6*6*0
REF*PO*0020070629
REF*ST*07059
REF*DP*043
DTM*999*20070628
RMR*IK*705920070702*PI*5.1*5.1*0
REF*PO*0020070703
REF*ST*07059
REF*DP*043
DTM*999*20070702
RMR*IK*706320070628*PI*108.75*108.75*0
REF*PO*0020070629
REF*ST*07063
REF*DP*043
DTM*999*20070628
RMR*IK*706320070629*PI*84.25*84.25*0
REF*PO*0020070630
REF*ST*07063
REF*DP*043
DTM*999*20070629
RMR*IK*706320070630*PI*76.25*76.25*0
REF*PO*0020070701
REF*ST*07063
REF*DP*043
DTM*999*20070630
RMR*IK*706320070701*PI*100.25*100.25*0
REF*PO*0020070702
REF*ST*07063
REF*DP*043
DTM*999*20070701
RMR*IK*706320070702*PI*111.25*111.25*0
REF*PO*0020070703
REF*ST*07063
REF*DP*043
DTM*999*20070702
RMR*IK*706320070703*PI*108.25*108.25*0
REF*PO*0020070704
REF*ST*07063
REF*DP*043
DTM*999*20070703
RMR*IK*706320070704*PI*43.25*43.25*0
REF*PO*0020070705
REF*ST*07063
REF*DP*043
DTM*999*20070704
RMR*IK*706420070628*PI*37.25*37.25*0
REF*PO*0020070629
REF*ST*07064
REF*DP*043
DTM*999*20070628
RMR*IK*706420070629*PI*22.75*22.75*0
REF*PO*0020070630
REF*ST*07064
REF*DP*043
DTM*999*20070629
RMR*IK*706420070630*PI*12.2*12.2*0
REF*PO*0020070701
REF*ST*07064
REF*DP*043
DTM*999*20070630
RMR*IK*706420070701*PI*13.65*13.65*0
REF*PO*0020070702
REF*ST*07064
REF*DP*043
DTM*999*20070701
RMR*IK*706420070703*PI*1.25*1.25*0
REF*PO*0020070704
REF*ST*07064
REF*DP*043
DTM*999*20070703
RMR*IK*706420070704*PI*43.8*43.8*0
REF*PO*0020070705
REF*ST*07064
REF*DP*043
DTM*999*20070704
RMR*IK*706620070628*PI*66.45*66.45*0
REF*PO*0020070629
REF*ST*07066
REF*DP*043
DTM*999*20070628
RMR*IK*706620070629*PI*101.95*101.95*0
REF*PO*0020070630
REF*ST*07066
REF*DP*043
DTM*999*20070629
RMR*IK*706620070630*PI*156.1*156.1*0
REF*PO*0020070701
REF*ST*07066
REF*DP*043
DTM*999*20070630
RMR*IK*706620070701*PI*86.55*86.55*0
REF*PO*0020070702
REF*ST*07066
REF*DP*043
DTM*999*20070701
RMR*IK*706620070702*PI*107.3*107.3*0
REF*PO*0020070703
REF*ST*07066
REF*DP*043
DTM*999*20070702
RMR*IK*706620070703*PI*76.9*76.9*0
REF*PO*0020070704
REF*ST*07066
REF*DP*043
DTM*999*20070703
RMR*IK*706620070704*PI*60.8*60.8*0
REF*PO*0020070705
REF*ST*07066
REF*DP*043
DTM*999*20070704
RMR*IK*706920070628*PI*77.1*77.1*0
REF*PO*0020070629
REF*ST*07069
REF*DP*043
DTM*999*20070628
RMR*IK*706920070629*PI*65*65*0
REF*PO*0020070630
REF*ST*07069
REF*DP*043
DTM*999*20070629
RMR*IK*706920070630*PI*75.85*75.85*0
REF*PO*0020070701
REF*ST*07069
REF*DP*043
DTM*999*20070630
RMR*IK*706920070701*PI*50.65*50.65*0
REF*PO*0020070702
REF*ST*07069
REF*DP*043
DTM*999*20070701
RMR*IK*706920070702*PI*13.25*13.25*0
REF*PO*0020070703
REF*ST*07069
REF*DP*043
DTM*999*20070702
RMR*IK*706920070703*PI*123.75*123.75*0
REF*PO*0020070704
REF*ST*07069
REF*DP*043
DTM*999*20070703
RMR*IK*706920070704*PI*48.65*48.65*0
REF*PO*0020070705
REF*ST*07069
REF*DP*043
DTM*999*20070704
RMR*IK*707620070628*PI*170.6*170.6*0
REF*PO*0020070629
REF*ST*07076
REF*DP*043
DTM*999*20070628
RMR*IK*707620070629*PI*202.6*202.6*0
REF*PO*0020070630
REF*ST*07076
REF*DP*043
DTM*999*20070629
RMR*IK*707620070630*PI*237.25*237.25*0
REF*PO*0020070701
REF*ST*07076
REF*DP*043
DTM*999*20070630
RMR*IK*707620070701*PI*91.1*91.1*0
REF*PO*0020070702
REF*ST*07076
REF*DP*043
DTM*999*20070701
RMR*IK*707620070702*PI*183.6*183.6*0
REF*PO*0020070703
REF*ST*07076
REF*DP*043
DTM*999*20070702
RMR*IK*707620070703*PI*269.7*269.7*0
REF*PO*0020070704
REF*ST*07076
REF*DP*043
DTM*999*20070703
RMR*IK*707620070704*PI*271.25*271.25*0
REF*PO*0020070705
REF*ST*07076
REF*DP*043
DTM*999*20070704
RMR*IK*713220070628*PI*104*104*0
REF*PO*0020070629
REF*ST*07132
REF*DP*043
DTM*999*20070628
RMR*IK*713220070629*PI*178.6*178.6*0
REF*PO*0020070630
REF*ST*07132
REF*DP*043
DTM*999*20070629
RMR*IK*713220070630*PI*183.4*183.4*0
REF*PO*0020070701
REF*ST*07132
REF*DP*043
DTM*999*20070630
RMR*IK*713220070701*PI*107.25*107.25*0
REF*PO*0020070702
REF*ST*07132
REF*DP*043
DTM*999*20070701
RMR*IK*713220070702*PI*128.5*128.5*0
REF*PO*0020070703
REF*ST*07132
REF*DP*043
DTM*999*20070702
RMR*IK*713220070703*PI*140.25*140.25*0
REF*PO*0020070704
REF*ST*07132
REF*DP*043
DTM*999*20070703
RMR*IK*713220070704*PI*45.6*45.6*0
REF*PO*0020070705
REF*ST*07132
REF*DP*043
DTM*999*20070704
RMR*IK*714620070628*PI*34.3*34.3*0
REF*PO*0020070629
REF*ST*07146
REF*DP*043
DTM*999*20070628
RMR*IK*714620070629*PI*19.4*19.4*0
REF*PO*0020070630
REF*ST*07146
REF*DP*043
DTM*999*20070629
RMR*IK*714620070630*PI*23.05*23.05*0
REF*PO*0020070701
REF*ST*07146
REF*DP*043
DTM*999*20070630
RMR*IK*714620070701*PI*11.85*11.85*0
REF*PO*0020070702
REF*ST*07146
REF*DP*043
DTM*999*20070701
RMR*IK*714620070702*PI*7.3*7.3*0
REF*PO*0020070703
REF*ST*07146
REF*DP*043
DTM*999*20070702
RMR*IK*714620070703*PI*10.55*10.55*0
REF*PO*0020070704
REF*ST*07146
REF*DP*043
DTM*999*20070703
RMR*IK*714620070704*PI*20.25*20.25*0
REF*PO*0020070705
REF*ST*07146
REF*DP*043
DTM*999*20070704
RMR*IK*715420070628*PI*23.55*23.55*0
REF*PO*0020070629
REF*ST*07154
REF*DP*043
DTM*999*20070628
RMR*IK*715420070629*PI*2.5*2.5*0
REF*PO*0020070630
REF*ST*07154
REF*DP*043
DTM*999*20070629
RMR*IK*715420070630*PI*5.5*5.5*0
REF*PO*0020070701
REF*ST*07154
REF*DP*043
DTM*999*20070630
RMR*IK*715420070701*PI*6*6*0
REF*PO*0020070702
REF*ST*07154
REF*DP*043
DTM*999*20070701
RMR*IK*715420070702*PI*.55*.55*0
REF*PO*0020070703
REF*ST*07154
REF*DP*043
DTM*999*20070702
RMR*IK*715420070703*PI*7.05*7.05*0
REF*PO*0020070704
REF*ST*07154
REF*DP*043
DTM*999*20070703
RMR*IK*715420070704*PI*4.5*4.5*0
REF*PO*0020070705
REF*ST*07154
REF*DP*043
DTM*999*20070704
RMR*IK*718420070628*PI*138.15*138.15*0
REF*PO*0020070629
REF*ST*07184
REF*DP*043
DTM*999*20070628
RMR*IK*718420070629*PI*311.15*311.15*0
REF*PO*0020070630
REF*ST*07184
REF*DP*043
DTM*999*20070629
RMR*IK*718420070630*PI*306.25*306.25*0
REF*PO*0020070701
REF*ST*07184
REF*DP*043
DTM*999*20070630
RMR*IK*718420070701*PI*189.15*189.15*0
REF*PO*0020070702
REF*ST*07184
REF*DP*043
DTM*999*20070701
RMR*IK*718420070702*PI*286.35*286.35*0
REF*PO*0020070703
REF*ST*07184
REF*DP*043
DTM*999*20070702
RMR*IK*718420070703*PI*327.05*327.05*0
REF*PO*0020070704
REF*ST*07184
REF*DP*043
DTM*999*20070703
RMR*IK*718420070704*PI*188.65*188.65*0
REF*PO*0020070705
REF*ST*07184
REF*DP*043
DTM*999*20070704
RMR*IK*725520070628*PI*138.1*138.1*0
REF*PO*0020070629
REF*ST*07255
REF*DP*043
DTM*999*20070628
RMR*IK*725520070629*PI*436.55*436.55*0
REF*PO*0020070630
REF*ST*07255
REF*DP*043
DTM*999*20070629
RMR*IK*725520070630*PI*407.6*407.6*0
REF*PO*0020070701
REF*ST*07255
REF*DP*043
DTM*999*20070630
RMR*IK*725520070701*PI*231.95*231.95*0
REF*PO*0020070702
REF*ST*07255
REF*DP*043
DTM*999*20070701
RMR*IK*725520070702*PI*289.3*289.3*0
REF*PO*0020070703
REF*ST*07255
REF*DP*043
DTM*999*20070702
RMR*IK*725520070703*PI*122.1*122.1*0
REF*PO*0020070704
REF*ST*07255
REF*DP*043
DTM*999*20070703
RMR*IK*725520070704*PI*196.75*196.75*0
REF*PO*0020070705
REF*ST*07255
REF*DP*043
DTM*999*20070704
RMR*IK*735420070628*PI*130.45*130.45*0
REF*PO*0020070629
REF*ST*07354
REF*DP*043
DTM*999*20070628
RMR*IK*735420070629*PI*60.25*60.25*0
REF*PO*0020070630
REF*ST*07354
REF*DP*043
DTM*999*20070629
RMR*IK*735420070630*PI*90.05*90.05*0
REF*PO*0020070701
REF*ST*07354
REF*DP*043
DTM*999*20070630
RMR*IK*735420070701*PI*97.55*97.55*0
REF*PO*0020070702
REF*ST*07354
REF*DP*043
DTM*999*20070701
RMR*IK*735420070702*PI*128.5*128.5*0
REF*PO*0020070703
REF*ST*07354
REF*DP*043
DTM*999*20070702
RMR*IK*735420070703*PI*107.95*107.95*0
REF*PO*0020070704
REF*ST*07354
REF*DP*043
DTM*999*20070703
RMR*IK*735420070704*PI*64.4*64.4*0
REF*PO*0020070705
REF*ST*07354
REF*DP*043
DTM*999*20070704
RMR*IK*735820070628*PI*298.15*298.15*0
REF*PO*0020070629
REF*ST*07358
REF*DP*043
DTM*999*20070628
RMR*IK*735820070629*PI*549.55*549.55*0
REF*PO*0020070630
REF*ST*07358
REF*DP*043
DTM*999*20070629
RMR*IK*735820070630*PI*619.85*619.85*0
REF*PO*0020070701
REF*ST*07358
REF*DP*043
DTM*999*20070630
RMR*IK*735820070701*PI*447.9*447.9*0
REF*PO*0020070702
REF*ST*07358
REF*DP*043
DTM*999*20070701
RMR*IK*735820070702*PI*438.05*438.05*0
REF*PO*0020070703
REF*ST*07358
REF*DP*043
DTM*999*20070702
RMR*IK*735820070703*PI*423.6*423.6*0
REF*PO*0020070704
REF*ST*07358
REF*DP*043
DTM*999*20070703
RMR*IK*735820070704*PI*394.6*394.6*0
REF*PO*0020070705
REF*ST*07358
REF*DP*043
DTM*999*20070704
RMR*IK*736020070628*PI*3*3*0
REF*PO*0020070629
REF*ST*07360
REF*DP*043
DTM*999*20070628
RMR*IK*736020070629*PI*7.25*7.25*0
REF*PO*0020070630
REF*ST*07360
REF*DP*043
DTM*999*20070629
RMR*IK*736020070630*PI*3*3*0
REF*PO*0020070701
REF*ST*07360
REF*DP*043
DTM*999*20070630
RMR*IK*736020070701*PI*1.1*1.1*0
REF*PO*0020070702
REF*ST*07360
REF*DP*043
DTM*999*20070701
RMR*IK*736020070703*PI*8.2*8.2*0
REF*PO*0020070704
REF*ST*07360
REF*DP*043
DTM*999*20070703
RMR*IK*736020070704*PI*.8*.8*0
REF*PO*0020070705
REF*ST*07360
REF*DP*043
DTM*999*20070704
RMR*IK*736220070628*PI*20.8*20.8*0
REF*PO*0020070629
REF*ST*07362
REF*DP*043
DTM*999*20070628
RMR*IK*736220070629*PI*5.95*5.95*0
REF*PO*0020070630
REF*ST*07362
REF*DP*043
DTM*999*20070629
RMR*IK*736220070630*PI*6.5*6.5*0
REF*PO*0020070701
REF*ST*07362
REF*DP*043
DTM*999*20070630
RMR*IK*736220070701*PI*20.65*20.65*0
REF*PO*0020070702
REF*ST*07362
REF*DP*043
DTM*999*20070701
RMR*IK*736220070702*PI*15*15*0
REF*PO*0020070703
REF*ST*07362
REF*DP*043
DTM*999*20070702
RMR*IK*736220070703*PI*10.65*10.65*0
REF*PO*0020070704
REF*ST*07362
REF*DP*043
DTM*999*20070703
RMR*IK*736220070704*PI*9.35*9.35*0
REF*PO*0020070705
REF*ST*07362
REF*DP*043
DTM*999*20070704
RMR*IK*738820070701*PI*3.4*3.4*0
REF*PO*0020070702
REF*ST*07388
REF*DP*043
DTM*999*20070701
RMR*IK*738820070702*PI*7.25*7.25*0
REF*PO*0020070703
REF*ST*07388
REF*DP*043
DTM*999*20070702
RMR*IK*738820070703*PI*12*12*0
REF*PO*0020070704
REF*ST*07388
REF*DP*043
DTM*999*20070703
RMR*IK*739720070702*PI*4.25*4.25*0
REF*PO*0020070703
REF*ST*07397
REF*DP*043
DTM*999*20070702
RMR*IK*743720070629*PI*3*3*0
REF*PO*0020070630
REF*ST*07437
REF*DP*043
DTM*999*20070629
RMR*IK*743720070630*PI*21*21*0
REF*PO*0020070701
REF*ST*07437
REF*DP*043
DTM*999*20070630
RMR*IK*743720070702*PI*1.65*1.65*0
REF*PO*0020070703
REF*ST*07437
REF*DP*043
DTM*999*20070702
RMR*IK*743720070703*PI*3*3*0
REF*PO*0020070704
REF*ST*07437
REF*DP*043
DTM*999*20070703
RMR*IK*746020070628*PI*43.4*43.4*0
REF*PO*0020070629
REF*ST*07460
REF*DP*043
DTM*999*20070628
RMR*IK*746020070629*PI*58.6*58.6*0
REF*PO*0020070630
REF*ST*07460
REF*DP*043
DTM*999*20070629
RMR*IK*746020070630*PI*97.65*97.65*0
REF*PO*0020070701
REF*ST*07460
REF*DP*043
DTM*999*20070630
RMR*IK*746020070701*PI*26.15*26.15*0
REF*PO*0020070702
REF*ST*07460
REF*DP*043
DTM*999*20070701
RMR*IK*746020070702*PI*27*27*0
REF*PO*0020070703
REF*ST*07460
REF*DP*043
DTM*999*20070702
RMR*IK*746020070703*PI*54*54*0
REF*PO*0020070704
REF*ST*07460
REF*DP*043
DTM*999*20070703
RMR*IK*746020070704*PI*23.75*23.75*0
REF*PO*0020070705
REF*ST*07460
REF*DP*043
DTM*999*20070704
RMR*IK*746120070628*PI*81.8*81.8*0
REF*PO*0020070629
REF*ST*07461
REF*DP*043
DTM*999*20070628
RMR*IK*746120070629*PI*44.4*44.4*0
REF*PO*0020070630
REF*ST*07461
REF*DP*043
DTM*999*20070629
RMR*IK*746120070630*PI*108.35*108.35*0
REF*PO*0020070701
REF*ST*07461
REF*DP*043
DTM*999*20070630
RMR*IK*746120070701*PI*82.6*82.6*0
REF*PO*0020070702
REF*ST*07461
REF*DP*043
DTM*999*20070701
RMR*IK*746120070702*PI*43.65*43.65*0
REF*PO*0020070703
REF*ST*07461
REF*DP*043
DTM*999*20070702
RMR*IK*746120070703*PI*46.85*46.85*0
REF*PO*0020070704
REF*ST*07461
REF*DP*043
DTM*999*20070703
RMR*IK*746120070704*PI*23.25*23.25*0
REF*PO*0020070705
REF*ST*07461
REF*DP*043
DTM*999*20070704
RMR*IK*747720070629*PI*8.5*8.5*0
REF*PO*0020070630
REF*ST*07477
REF*DP*043
DTM*999*20070629
RMR*IK*747720070630*PI*4.25*4.25*0
REF*PO*0020070701
REF*ST*07477
REF*DP*043
DTM*999*20070630
RMR*IK*755820070628*PI*1.1*1.1*0
REF*PO*0020070629
REF*ST*07558
REF*DP*043
DTM*999*20070628
RMR*IK*755820070629*PI*10.4*10.4*0
REF*PO*0020070630
REF*ST*07558
REF*DP*043
DTM*999*20070629
RMR*IK*755820070630*PI*6.3*6.3*0
REF*PO*0020070701
REF*ST*07558
REF*DP*043
DTM*999*20070630
RMR*IK*755820070701*PI*14.55*14.55*0
REF*PO*0020070702
REF*ST*07558
REF*DP*043
DTM*999*20070701
RMR*IK*755820070702*PI*15.95*15.95*0
REF*PO*0020070703
REF*ST*07558
REF*DP*043
DTM*999*20070702
RMR*IK*755820070704*PI*4.8*4.8*0
REF*PO*0020070705
REF*ST*07558
REF*DP*043
DTM*999*20070704
RMR*IK*760720070628*PI*118.55*118.55*0
REF*PO*0020070629
REF*ST*07607
REF*DP*043
DTM*999*20070628
RMR*IK*760720070629*PI*251.65*251.65*0
REF*PO*0020070630
REF*ST*07607
REF*DP*043
DTM*999*20070629
RMR*IK*760720070630*PI*246.65*246.65*0
REF*PO*0020070701
REF*ST*07607
REF*DP*043
DTM*999*20070630
RMR*IK*760720070701*PI*257.3*257.3*0
REF*PO*0020070702
REF*ST*07607
REF*DP*043
DTM*999*20070701
RMR*IK*760720070702*PI*238.3*238.3*0
REF*PO*0020070703
REF*ST*07607
REF*DP*043
DTM*999*20070702
RMR*IK*760720070703*PI*239.95*239.95*0
REF*PO*0020070704
REF*ST*07607
REF*DP*043
DTM*999*20070703
RMR*IK*760720070704*PI*238.15*238.15*0
REF*PO*0020070705
REF*ST*07607
REF*DP*043
DTM*999*20070704
RMR*IK*761020070628*PI*75.3*75.3*0
REF*PO*0020070629
REF*ST*07610
REF*DP*043
DTM*999*20070628
RMR*IK*761020070629*PI*109.55*109.55*0
REF*PO*0020070630
REF*ST*07610
REF*DP*043
DTM*999*20070629
RMR*IK*761020070630*PI*196.65*196.65*0
REF*PO*0020070701
REF*ST*07610
REF*DP*043
DTM*999*20070630
RMR*IK*761020070701*PI*94*94*0
REF*PO*0020070702
REF*ST*07610
REF*DP*043
DTM*999*20070701
RMR*IK*761020070702*PI*109.2*109.2*0
REF*PO*0020070703
REF*ST*07610
REF*DP*043
DTM*999*20070702
RMR*IK*761020070703*PI*80.1*80.1*0
REF*PO*0020070704
REF*ST*07610
REF*DP*043
DTM*999*20070703
RMR*IK*761020070704*PI*88.2*88.2*0
REF*PO*0020070705
REF*ST*07610
REF*DP*043
DTM*999*20070704
RMR*IK*762920070628*PI*12.8*12.8*0
REF*PO*0020070629
REF*ST*07629
REF*DP*043
DTM*999*20070628
RMR*IK*762920070629*PI*14.4*14.4*0
REF*PO*0020070630
REF*ST*07629
REF*DP*043
DTM*999*20070629
RMR*IK*762920070630*PI*21.25*21.25*0
REF*PO*0020070701
REF*ST*07629
REF*DP*043
DTM*999*20070630
RMR*IK*762920070701*PI*27*27*0
REF*PO*0020070702
REF*ST*07629
REF*DP*043
DTM*999*20070701
RMR*IK*762920070702*PI*3*3*0
REF*PO*0020070703
REF*ST*07629
REF*DP*043
DTM*999*20070702
RMR*IK*762920070703*PI*9.9*9.9*0
REF*PO*0020070704
REF*ST*07629
REF*DP*043
DTM*999*20070703
RMR*IK*762920070704*PI*14.5*14.5*0
REF*PO*0020070705
REF*ST*07629
REF*DP*043
DTM*999*20070704
RMR*IK*763720070628*PI*1.1*1.1*0
REF*PO*0020070629
REF*ST*07637
REF*DP*043
DTM*999*20070628
RMR*IK*763720070629*PI*8.35*8.35*0
REF*PO*0020070630
REF*ST*07637
REF*DP*043
DTM*999*20070629
RMR*IK*763720070630*PI*16.95*16.95*0
REF*PO*0020070701
REF*ST*07637
REF*DP*043
DTM*999*20070630
RMR*IK*763720070701*PI*19.1*19.1*0
REF*PO*0020070702
REF*ST*07637
REF*DP*043
DTM*999*20070701
RMR*IK*763720070702*PI*1.1*1.1*0
REF*PO*0020070703
REF*ST*07637
REF*DP*043
DTM*999*20070702
RMR*IK*763720070703*PI*10.5*10.5*0
REF*PO*0020070704
REF*ST*07637
REF*DP*043
DTM*999*20070703
RMR*IK*763720070704*PI*6.95*6.95*0
REF*PO*0020070705
REF*ST*07637
REF*DP*043
DTM*999*20070704
RMR*IK*771820070628*PI*146.65*146.65*0
REF*PO*0020070629
REF*ST*07718
REF*DP*043
DTM*999*20070628
RMR*IK*771820070629*PI*198.45*198.45*0
REF*PO*0020070630
REF*ST*07718
REF*DP*043
DTM*999*20070629
RMR*IK*771820070630*PI*232.65*232.65*0
REF*PO*0020070701
REF*ST*07718
REF*DP*043
DTM*999*20070630
RMR*IK*771820070701*PI*68.6*68.6*0
REF*PO*0020070702
REF*ST*07718
REF*DP*043
DTM*999*20070701
RMR*IK*771820070702*PI*91.8*91.8*0
REF*PO*0020070703
REF*ST*07718
REF*DP*043
DTM*999*20070702
RMR*IK*771820070703*PI*244.1*244.1*0
REF*PO*0020070704
REF*ST*07718
REF*DP*043
DTM*999*20070703
RMR*IK*771820070704*PI*81.3*81.3*0
REF*PO*0020070705
REF*ST*07718
REF*DP*043
DTM*999*20070704
RMR*IK*771920070628*PI*42.6*42.6*0
REF*PO*0020070629
REF*ST*07719
REF*DP*043
DTM*999*20070628
RMR*IK*771920070629*PI*21.05*21.05*0
REF*PO*0020070630
REF*ST*07719
REF*DP*043
DTM*999*20070629
RMR*IK*771920070630*PI*15.8*15.8*0
REF*PO*0020070701
REF*ST*07719
REF*DP*043
DTM*999*20070630
RMR*IK*771920070701*PI*1.1*1.1*0
REF*PO*0020070702
REF*ST*07719
REF*DP*043
DTM*999*20070701
RMR*IK*771920070702*PI*18.15*18.15*0
REF*PO*0020070703
REF*ST*07719
REF*DP*043
DTM*999*20070702
RMR*IK*771920070703*PI*33.9*33.9*0
REF*PO*0020070704
REF*ST*07719
REF*DP*043
DTM*999*20070703
RMR*IK*771920070704*PI*4.55*4.55*0
REF*PO*0020070705
REF*ST*07719
REF*DP*043
DTM*999*20070704
RMR*IK*921720070628*PI*.8*.8*0
REF*PO*0020070629
REF*ST*09217
REF*DP*043
DTM*999*20070628
RMR*IK*921720070629*PI*7.65*7.65*0
REF*PO*0020070630
REF*ST*09217
REF*DP*043
DTM*999*20070629
RMR*IK*921720070630*PI*.55*.55*0
REF*PO*0020070701
REF*ST*09217
REF*DP*043
DTM*999*20070630
RMR*IK*921720070702*PI*2.5*2.5*0
REF*PO*0020070703
REF*ST*09217
REF*DP*043
DTM*999*20070702
RMR*IK*921720070703*PI*2.45*2.45*0
REF*PO*0020070704
REF*ST*09217
REF*DP*043
DTM*999*20070703
RMR*IK*951320070628*PI*161.05*161.05*0
REF*PO*0020070629
REF*ST*09513
REF*DP*043
DTM*999*20070628
RMR*IK*951320070629*PI*125.9*125.9*0
REF*PO*0020070630
REF*ST*09513
REF*DP*043
DTM*999*20070629
RMR*IK*951320070630*PI*196.2*196.2*0
REF*PO*0020070701
REF*ST*09513
REF*DP*043
DTM*999*20070630
RMR*IK*951320070701*PI*122.85*122.85*0
REF*PO*0020070702
REF*ST*09513
REF*DP*043
DTM*999*20070701
RMR*IK*951320070702*PI*52.15*52.15*0
REF*PO*0020070703
REF*ST*09513
REF*DP*043
DTM*999*20070702
RMR*IK*951320070703*PI*95.25*95.25*0
REF*PO*0020070704
REF*ST*09513
REF*DP*043
DTM*999*20070703
RMR*IK*951320070704*PI*37.45*37.45*0
REF*PO*0020070705
REF*ST*09513
REF*DP*043
DTM*999*20070704
RMR*IK*956020070628*PI*6.55*6.55*0
REF*PO*0020070629
REF*ST*09560
REF*DP*043
DTM*999*20070628
RMR*IK*956020070629*PI*23.85*23.85*0
REF*PO*0020070630
REF*ST*09560
REF*DP*043
DTM*999*20070629
RMR*IK*956020070630*PI*5.3*5.3*0
REF*PO*0020070701
REF*ST*09560
REF*DP*043
DTM*999*20070630
RMR*IK*956020070701*PI*12*12*0
REF*PO*0020070702
REF*ST*09560
REF*DP*043
DTM*999*20070701
RMR*IK*956020070702*PI*2.1*2.1*0
REF*PO*0020070703
REF*ST*09560
REF*DP*043
DTM*999*20070702
RMR*IK*956020070703*PI*14.7*14.7*0
REF*PO*0020070704
REF*ST*09560
REF*DP*043
DTM*999*20070703
RMR*IK*956020070704*PI*1.1*1.1*0
REF*PO*0020070705
REF*ST*09560
REF*DP*043
DTM*999*20070704
RMR*IK*956020070726*PI*-3*-3*0
REF*PO*0020070727
REF*ST*09560
REF*DP*043
DTM*999*20070726
RMR*IK*957120070628*PI*14.85*14.85*0
REF*PO*0020070629
REF*ST*09571
REF*DP*043
DTM*999*20070628
RMR*IK*957120070629*PI*19.3*19.3*0
REF*PO*0020070630
REF*ST*09571
REF*DP*043
DTM*999*20070629
RMR*IK*957120070630*PI*58.7*58.7*0
REF*PO*0020070701
REF*ST*09571
REF*DP*043
DTM*999*20070630
RMR*IK*957120070701*PI*12.35*12.35*0
REF*PO*0020070702
REF*ST*09571
REF*DP*043
DTM*999*20070701
RMR*IK*957120070702*PI*2.5*2.5*0
REF*PO*0020070703
REF*ST*09571
REF*DP*043
DTM*999*20070702
RMR*IK*957120070703*PI*7.7*7.7*0
REF*PO*0020070704
REF*ST*09571
REF*DP*043
DTM*999*20070703
RMR*IK*957120070704*PI*4.85*4.85*0
REF*PO*0020070705
REF*ST*09571
REF*DP*043
DTM*999*20070704
RMR*IK*962020070628*PI*79.3*79.3*0
REF*PO*0020070629
REF*ST*09620
REF*DP*043
DTM*999*20070628
RMR*IK*962020070629*PI*158.9*158.9*0
REF*PO*0020070630
REF*ST*09620
REF*DP*043
DTM*999*20070629
RMR*IK*962020070630*PI*146.1*146.1*0
REF*PO*0020070701
REF*ST*09620
REF*DP*043
DTM*999*20070630
RMR*IK*962020070701*PI*65.3*65.3*0
REF*PO*0020070702
REF*ST*09620
REF*DP*043
DTM*999*20070701
RMR*IK*962020070702*PI*74.5*74.5*0
REF*PO*0020070703
REF*ST*09620
REF*DP*043
DTM*999*20070702
RMR*IK*962020070703*PI*49.45*49.45*0
REF*PO*0020070704
REF*ST*09620
REF*DP*043
DTM*999*20070703
RMR*IK*962020070704*PI*68.75*68.75*0
REF*PO*0020070705
REF*ST*09620
REF*DP*043
DTM*999*20070704
RMR*IK*962120070628*PI*166.55*166.55*0
REF*PO*0020070629
REF*ST*09621
REF*DP*043
DTM*999*20070628
RMR*IK*962120070629*PI*134.75*134.75*0
REF*PO*0020070630
REF*ST*09621
REF*DP*043
DTM*999*20070629
RMR*IK*962120070630*PI*140.35*140.35*0
REF*PO*0020070701
REF*ST*09621
REF*DP*043
DTM*999*20070630
RMR*IK*962120070701*PI*143.95*143.95*0
REF*PO*0020070702
REF*ST*09621
REF*DP*043
DTM*999*20070701
RMR*IK*962120070702*PI*114.5*114.5*0
REF*PO*0020070703
REF*ST*09621
REF*DP*043
DTM*999*20070702
RMR*IK*962120070703*PI*200.55*200.55*0
REF*PO*0020070704
REF*ST*09621
REF*DP*043
DTM*999*20070703
RMR*IK*962120070704*PI*105.35*105.35*0
REF*PO*0020070705
REF*ST*09621
REF*DP*043
DTM*999*20070704
RMR*IK*962220070628*PI*3*3*0
REF*PO*0020070629
REF*ST*09622
REF*DP*043
DTM*999*20070628
RMR*IK*962220070630*PI*6.3*6.3*0
REF*PO*0020070701
REF*ST*09622
REF*DP*043
DTM*999*20070630
RMR*IK*962220070702*PI*5.75*5.75*0
REF*PO*0020070703
REF*ST*09622
REF*DP*043
DTM*999*20070702
RMR*IK*962220070703*PI*2.75*2.75*0
REF*PO*0020070704
REF*ST*09622
REF*DP*043
DTM*999*20070703
RMR*IK*962520070628*PI*2.5*2.5*0
REF*PO*0020070629
REF*ST*09625
REF*DP*043
DTM*999*20070628
RMR*IK*962520070629*PI*1.65*1.65*0
REF*PO*0020070630
REF*ST*09625
REF*DP*043
DTM*999*20070629
RMR*IK*962520070630*PI*16.65*16.65*0
REF*PO*0020070701
REF*ST*09625
REF*DP*043
DTM*999*20070630
RMR*IK*962520070701*PI*14.55*14.55*0
REF*PO*0020070702
REF*ST*09625
REF*DP*043
DTM*999*20070701
RMR*IK*962520070702*PI*13.55*13.55*0
REF*PO*0020070703
REF*ST*09625
REF*DP*043
DTM*999*20070702
RMR*IK*962520070703*PI*6.05*6.05*0
REF*PO*0020070704
REF*ST*09625
REF*DP*043
DTM*999*20070703
RMR*IK*962520070704*PI*20.8*20.8*0
REF*PO*0020070705
REF*ST*09625
REF*DP*043
DTM*999*20070704
RMR*IK*962920070628*PI*50.6*50.6*0
REF*PO*0020070629
REF*ST*09629
REF*DP*043
DTM*999*20070628
RMR*IK*962920070629*PI*54.25*54.25*0
REF*PO*0020070630
REF*ST*09629
REF*DP*043
DTM*999*20070629
RMR*IK*962920070630*PI*78.3*78.3*0
REF*PO*0020070701
REF*ST*09629
REF*DP*043
DTM*999*20070630
RMR*IK*962920070701*PI*20*20*0
REF*PO*0020070702
REF*ST*09629
REF*DP*043
DTM*999*20070701
RMR*IK*962920070702*PI*81*81*0
REF*PO*0020070703
REF*ST*09629
REF*DP*043
DTM*999*20070702
RMR*IK*962920070703*PI*88.15*88.15*0
REF*PO*0020070704
REF*ST*09629
REF*DP*043
DTM*999*20070703
RMR*IK*962920070704*PI*24.1*24.1*0
REF*PO*0020070705
REF*ST*09629
REF*DP*043
DTM*999*20070704
RMR*IK*963320070628*PI*190*190*0
REF*PO*0020070629
REF*ST*09633
REF*DP*043
DTM*999*20070628
RMR*IK*963320070629*PI*192.7*192.7*0
REF*PO*0020070630
REF*ST*09633
REF*DP*043
DTM*999*20070629
RMR*IK*963320070630*PI*478.4*478.4*0
REF*PO*0020070701
REF*ST*09633
REF*DP*043
DTM*999*20070630
RMR*IK*963320070701*PI*314.6*314.6*0
REF*PO*0020070702
REF*ST*09633
REF*DP*043
DTM*999*20070701
RMR*IK*963320070702*PI*207.2*207.2*0
REF*PO*0020070703
REF*ST*09633
REF*DP*043
DTM*999*20070702
RMR*IK*963320070703*PI*388.15*388.15*0
REF*PO*0020070704
REF*ST*09633
REF*DP*043
DTM*999*20070703
RMR*IK*963320070704*PI*206.3*206.3*0
REF*PO*0020070705
REF*ST*09633
REF*DP*043
DTM*999*20070704
RMR*IK*963920070628*PI*21.55*21.55*0
REF*PO*0020070629
REF*ST*09639
REF*DP*043
DTM*999*20070628
RMR*IK*963920070629*PI*16*16*0
REF*PO*0020070630
REF*ST*09639
REF*DP*043
DTM*999*20070629
RMR*IK*963920070630*PI*23.45*23.45*0
REF*PO*0020070701
REF*ST*09639
REF*DP*043
DTM*999*20070630
RMR*IK*963920070701*PI*9.05*9.05*0
REF*PO*0020070702
REF*ST*09639
REF*DP*043
DTM*999*20070701
RMR*IK*963920070702*PI*11*11*0
REF*PO*0020070703
REF*ST*09639
REF*DP*043
DTM*999*20070702
RMR*IK*963920070703*PI*3*3*0
REF*PO*0020070704
REF*ST*09639
REF*DP*043
DTM*999*20070703
RMR*IK*963920070704*PI*12.75*12.75*0
REF*PO*0020070705
REF*ST*09639
REF*DP*043
DTM*999*20070704
RMR*IK*964820070628*PI*142.7*142.7*0
REF*PO*0020070629
REF*ST*09648
REF*DP*043
DTM*999*20070628
RMR*IK*964820070629*PI*192.15*192.15*0
REF*PO*0020070630
REF*ST*09648
REF*DP*043
DTM*999*20070629
RMR*IK*964820070630*PI*320.05*320.05*0
REF*PO*0020070701
REF*ST*09648
REF*DP*043
DTM*999*20070630
RMR*IK*964820070701*PI*117.7*117.7*0
REF*PO*0020070702
REF*ST*09648
REF*DP*043
DTM*999*20070701
RMR*IK*964820070702*PI*180.85*180.85*0
REF*PO*0020070703
REF*ST*09648
REF*DP*043
DTM*999*20070702
RMR*IK*964820070703*PI*159.25*159.25*0
REF*PO*0020070704
REF*ST*09648
REF*DP*043
DTM*999*20070703
RMR*IK*964820070704*PI*145.1*145.1*0
REF*PO*0020070705
REF*ST*09648
REF*DP*043
DTM*999*20070704
RMR*IK*967420070628*PI*202.3*202.3*0
REF*PO*0020070629
REF*ST*09674
REF*DP*043
DTM*999*20070628
RMR*IK*967420070629*PI*198.3*198.3*0
REF*PO*0020070630
REF*ST*09674
REF*DP*043
DTM*999*20070629
RMR*IK*967420070630*PI*207.45*207.45*0
REF*PO*0020070701
REF*ST*09674
REF*DP*043
DTM*999*20070630
RMR*IK*967420070701*PI*171.2*171.2*0
REF*PO*0020070702
REF*ST*09674
REF*DP*043
DTM*999*20070701
RMR*IK*967420070702*PI*62.55*62.55*0
REF*PO*0020070703
REF*ST*09674
REF*DP*043
DTM*999*20070702
RMR*IK*967420070703*PI*212.3*212.3*0
REF*PO*0020070704
REF*ST*09674
REF*DP*043
DTM*999*20070703
RMR*IK*967420070704*PI*152.9*152.9*0
REF*PO*0020070705
REF*ST*09674
REF*DP*043
DTM*999*20070704
RMR*IK*971420070628*PI*3.3*3.3*0
REF*PO*0020070629
REF*ST*09714
REF*DP*043
DTM*999*20070628
RMR*IK*971420070629*PI*11.15*11.15*0
REF*PO*0020070630
REF*ST*09714
REF*DP*043
DTM*999*20070629
RMR*IK*971420070630*PI*14.1*14.1*0
REF*PO*0020070701
REF*ST*09714
REF*DP*043
DTM*999*20070630
RMR*IK*971420070701*PI*15.35*15.35*0
REF*PO*0020070702
REF*ST*09714
REF*DP*043
DTM*999*20070701
RMR*IK*971420070702*PI*8.3*8.3*0
REF*PO*0020070703
REF*ST*09714
REF*DP*043
DTM*999*20070702
RMR*IK*971420070703*PI*3*3*0
REF*PO*0020070704
REF*ST*09714
REF*DP*043
DTM*999*20070703
RMR*IK*972820070628*PI*22.85*22.85*0
REF*PO*0020070629
REF*ST*09728
REF*DP*043
DTM*999*20070628
RMR*IK*972820070629*PI*30.9*30.9*0
REF*PO*0020070630
REF*ST*09728
REF*DP*043
DTM*999*20070629
RMR*IK*972820070630*PI*25.25*25.25*0
REF*PO*0020070701
REF*ST*09728
REF*DP*043
DTM*999*20070630
RMR*IK*972820070701*PI*49.4*49.4*0
REF*PO*0020070702
REF*ST*09728
REF*DP*043
DTM*999*20070701
RMR*IK*972820070702*PI*54.3*54.3*0
REF*PO*0020070703
REF*ST*09728
REF*DP*043
DTM*999*20070702
RMR*IK*972820070703*PI*112.3*112.3*0
REF*PO*0020070704
REF*ST*09728
REF*DP*043
DTM*999*20070703
RMR*IK*972820070704*PI*63.85*63.85*0
REF*PO*0020070705
REF*ST*09728
REF*DP*043
DTM*999*20070704
RMR*IK*973520070628*PI*24.45*24.45*0
REF*PO*0020070629
REF*ST*09735
REF*DP*043
DTM*999*20070628
RMR*IK*973520070629*PI*39.9*39.9*0
REF*PO*0020070630
REF*ST*09735
REF*DP*043
DTM*999*20070629
RMR*IK*973520070630*PI*20.1*20.1*0
REF*PO*0020070701
REF*ST*09735
REF*DP*043
DTM*999*20070630
RMR*IK*973520070701*PI*24*24*0
REF*PO*0020070702
REF*ST*09735
REF*DP*043
DTM*999*20070701
RMR*IK*973520070702*PI*29.55*29.55*0
REF*PO*0020070703
REF*ST*09735
REF*DP*043
DTM*999*20070702
RMR*IK*973520070703*PI*45.9*45.9*0
REF*PO*0020070704
REF*ST*09735
REF*DP*043
DTM*999*20070703
RMR*IK*975820070628*PI*199.7*199.7*0
REF*PO*0020070629
REF*ST*09758
REF*DP*043
DTM*999*20070628
RMR*IK*975820070629*PI*218.5*218.5*0
REF*PO*0020070630
REF*ST*09758
REF*DP*043
DTM*999*20070629
RMR*IK*975820070630*PI*438*438*0
REF*PO*0020070701
REF*ST*09758
REF*DP*043
DTM*999*20070630
RMR*IK*975820070701*PI*208.65*208.65*0
REF*PO*0020070702
REF*ST*09758
REF*DP*043
DTM*999*20070701
RMR*IK*975820070702*PI*318.45*318.45*0
REF*PO*0020070703
REF*ST*09758
REF*DP*043
DTM*999*20070702
RMR*IK*975820070703*PI*414.6*414.6*0
REF*PO*0020070704
REF*ST*09758
REF*DP*043
DTM*999*20070703
RMR*IK*975820070704*PI*241.95*241.95*0
REF*PO*0020070705
REF*ST*09758
REF*DP*043
DTM*999*20070704
RMR*IK*975820070722*PI*-4.25*-4.25*0
REF*PO*0020070724
REF*ST*09758
REF*DP*043
DTM*999*20070722
SE*3624*0001
GE*1*1000079
IEA*1*001000079
ISA*00*          *00*          *08*9254291001     *12*6154525825     *070731*0420*U*00400*000000094*0*P*>
GS*PD*9254291001*6154525825*20070731*0420*94*X*004010
ST*852*0001
XQ*H*20070731
N9*AD*T00000040
LIN**IN*002916611*ZZ*43*UP*831664001184*****DG*1*VS*00000
ZA*QS***006*20070730
CTP**UCP*2.1
SDQ*EA*ZZ*3194*2*7358*4*7460*1*7719*1*9758*1
CTT*1
SE*9*0001
ST*852*0002
XQ*H*20070731
N9*AD*T00000040
LIN**IN*016303311*ZZ*43*UP*831664001283*****DG*1*VS*00000
ZA*QS***006*20070730
CTP**UCP*3.25
SDQ*EA*ZZ*7437*1
CTT*1
SE*9*0002
ST*852*0003
XQ*H*20070731
N9*AD*T00000040
LIN**IN*025393811*ZZ*43*UP*831664001238*****DG*5*VS*00000
ZA*QS***006*20070730
CTP**UCP*3.25
SDQ*EA*ZZ*3103*1
CTT*1
SE*9*0003
ST*852*0004
XQ*H*20070731
N9*AD*T00000040
LIN**IN*025397611*ZZ*43*UP*831664001245*****DG*1*VS*00000
ZA*QS***006*20070730
CTP**UCP*3
SDQ*EA*ZZ*3408*1*3644*5*3715*2*3836*13*4103*2*4970*1*7076*2*7358*1*7607*1*7610*1
SDQ*EA*ZZ*9621*1
LIN**IN*025397611*ZZ*43*UP*831664001245*****DG*4*VS*00000
ZA*QS***006*20070730
CTP**UCP*3
SDQ*EA*ZZ*3941*2
CTT*2
SE*14*0004
ST*852*0005
XQ*H*20070731
N9*AD*T00000040
LIN**IN*025412011*ZZ*43*UP*831664001276*****DG*1*VS*00000
ZA*QS***006*20070730
CTP**UCP*.7
SDQ*EA*ZZ*4103*1*4244*7*7255*3*9758*5
CTT*1
SE*9*0005
ST*852*0006
XQ*H*20070731
N9*AD*T00000040
LIN**IN*033281811*ZZ*43*UP*831664001290*****DG*1*VS*00000
ZA*QS***006*20070730
CTP**UCP*3.3
SDQ*EA*ZZ*3703*4*4719*2*9758*1
CTT*1
SE*9*0006
ST*852*0007
XQ*H*20070731
N9*AD*T00000040
LIN**IN*044488711*ZZ*43*UP*831664001306*****DG*1*VS*00000
ZA*QS***006*20070730
CTP**UCP*2.6
SDQ*EA*ZZ*7255*1*9758*1
CTT*1
SE*9*0007
ST*852*0008
XQ*H*20070731
N9*AD*T00000040
LIN**IN*053241411*ZZ*43*UP*831664001313*****DG*1*VS*00000
ZA*QS***006*20070730
CTP**UCP*.35
SDQ*EA*ZZ*3685*2*7146*3*7607*4*9625*3
CTT*1
SE*9*0008
ST*852*0009
XQ*H*20070731
N9*AD*T00000040
LIN**IN*076496411*ZZ*43*UP*831664001320*****DG*1*VS*00000
ZA*QS***006*20070730
CTP**UCP*2.1
SDQ*EA*ZZ*3703*2*7184*1*9758*2
CTT*1
SE*9*0009
ST*852*0010
XQ*H*20070731
N9*AD*T00000040
LIN**IN*079180612*ZZ*43*UP*831664001368*****DG*1*VS*00000
ZA*QS***006*20070730
CTP**UCP*4.25
SDQ*EA*ZZ*3084*7*3348*1*3408*1*3646*3*3703*5*4093*1*4103*4*4244*4*4717*5*4719*2
SDQ*EA*ZZ*4739*2*4970*1*7076*2*7132*1*7358*1*7607*2*9674*5
LIN**IN*079180612*ZZ*43*UP*831664001368*****DG*8*VS*00000
ZA*QS***006*20070730
CTP**UCP*4.25
SDQ*EA*ZZ*4719*2
CTT*2
SE*14*0010
ST*852*0011
XQ*H*20070731
N9*AD*T00000040
LIN**IN*096901811*ZZ*43*UP*831664001122*****DG*1*VS*00000
ZA*QS***006*20070730
CTP**UCP*3
SDQ*EA*ZZ*3644*4*3703*1*3715*1*4093*7*4103*2*4244*1*4719*1*4835*1*7132*1*7558*1
SDQ*EA*ZZ*7607*4*7718*1*9633*2*9674*1*9758*3
LIN**IN*096901811*ZZ*43*UP*831664001122*****DG*8*VS*00000
ZA*QS***006*20070730
CTP**UCP*3
SDQ*EA*ZZ*3941*2
CTT*2
SE*14*0011
ST*852*0012
XQ*H*20070731
N9*AD*T00000040
LIN**IN*097065711*ZZ*43*UP*831664000842*****DG*1*VS*00000
ZA*QS***006*20070730
CTP**UCP*5.25
SDQ*EA*ZZ*7255*1*9674*1
LIN**IN*097065711*ZZ*43*UP*831664000842*****DG*4*VS*00000
ZA*QS***006*20070730
CTP**UCP*5.25
SDQ*EA*ZZ*9560*1
LIN**IN*097065711*ZZ*43*UP*831664000842*****DG*5*VS*00000
ZA*QS***006*20070730
CTP**UCP*5.25
SDQ*EA*ZZ*4244*1*7362*1
LIN**IN*097065711*ZZ*43*UP*831664000842*****DG*8*VS*00000
ZA*QS***006*20070730
CTP**UCP*5.25
SDQ*EA*ZZ*3685*1*4719*2
LIN**IN*097065711*ZZ*43*UP*831664000842*****DG*9*VS*00000
ZA*QS***006*20070730
CTP**UCP*5.25
SDQ*EA*ZZ*3103*5
CTT*5
SE*25*0012
ST*852*0013
XQ*H*20070731
N9*AD*T00000040
LIN**IN*097095611*ZZ*43*UP*831664000019*****DG*1*VS*00000
ZA*QS***006*20070730
CTP**UCP*.35
SDQ*EA*ZZ*3660*1*3703*8*3713*3*3994*1*4198*1*4244*7*4717*1*4719*7*4739*6*4835*1
SDQ*EA*ZZ*7076*1*7132*8*7184*1*7255*5*7362*2*7607*1*7719*2*9620*1*9625*1*9633*2
SDQ*EA*ZZ*9648*1*9735*4
CTT*1
SE*11*0013
ST*852*0014
XQ*H*20070731
N9*AD*T00000040
LIN**IN*097095711*ZZ*43*UP*831664000255*****DG*1*VS*00000
ZA*QS***006*20070730
CTP**UCP*.35
SDQ*EA*ZZ*3194*1*3644*4*4198*7*4244*2*4717*6*7045*8*7066*4*9620*1
CTT*1
SE*9*0014
ST*852*0015
XQ*H*20070731
N9*AD*T00000040
LIN**IN*097095811*ZZ*43*UP*831664000699*****DG*1*VS*00000
ZA*QS***006*20070730
CTP**UCP*.35
SDQ*EA*ZZ*3660*2*3713*1*3929*1*4717*1*7719*4
CTT*1
SE*9*0015
ST*852*0016
XQ*H*20070731
N9*AD*T00000040
LIN**IN*097095911*ZZ*43*UP*831664000675*****DG*1*VS*00000
ZA*QS***006*20070730
CTP**UCP*.7
SDQ*EA*ZZ*3408*4*3660*2*3672*4*3703*1*3713*1*4244*1*4719*1*7076*1*7637*3*9629*-2
SDQ*EA*ZZ*9648*6*9758*3
LIN**IN*097095911*ZZ*43*UP*831664000675*****DG*9*VS*00000
ZA*QS***006*20070730
CTP**UCP*.7
SDQ*EA*ZZ*7146*6
CTT*2
SE*14*0016
ST*852*0017
XQ*H*20070731
N9*AD*T00000040
LIN**IN*097096011*ZZ*43*UP*831664000682*****DG*1*VS*00000
ZA*QS***006*20070729
CTP**UCP*.7
SDQ*EA*ZZ*5066*-2
ZA*QS***006*20070730
CTP**UCP*.7
SDQ*EA*ZZ*3063*2*3660*1*3672*2*3703*1*3713*3*3715*3*3822*7*4719*1*7069*1*7255*4
SDQ*EA*ZZ*7354*6*7460*1*7637*1*9674*1
LIN**IN*097096011*ZZ*43*UP*831664000682*****DG*5*VS*00000
ZA*QS***006*20070730
CTP**UCP*.7
SDQ*EA*ZZ*4769*2
CTT*2
SE*17*0017
ST*852*0018
XQ*H*20070731
N9*AD*T00000040
LIN**IN*097096111*ZZ*43*UP*831664000330*****DG*1*VS*00000
ZA*QS***006*20070730
CTP**UCP*.7
SDQ*EA*ZZ*3194*2*3408*1*3644*3*3672*1*3703*3*3713*3*3715*2*4244*2*4717*4*4719*11
SDQ*EA*ZZ*7045*2*7066*2*7069*9*7076*1*7184*4*7255*4*7437*1*7607*1*7610*3*7637*1
SDQ*EA*ZZ*7719*8*9620*3*9625*2*9674*5
CTT*1
SE*11*0018
ST*852*0019
XQ*H*20070731
N9*AD*T00000040
LIN**IN*097096211*ZZ*43*UP*831664000941*****DG*1*VS*00000
ZA*QS***006*20070730
CTP**UCP*.7
SDQ*EA*ZZ*3672*1*3836*10*3876*1*4717*10*4719*10*7045*2*7059*32*7255*3*7358*8*9620*3
SDQ*EA*ZZ*9621*5*9758*6
LIN**IN*097096211*ZZ*43*UP*831664000941*****DG*4*VS*00000
ZA*QS***006*20070730
CTP**UCP*.7
SDQ*EA*ZZ*3701*1
LIN**IN*097096211*ZZ*43*UP*831664000941*****DG*5*VS*00000
ZA*QS***006*20070730
CTP**UCP*.7
SDQ*EA*ZZ*4769*4
CTT*3
SE*18*0019
ST*852*0020
XQ*H*20070731
N9*AD*T00000040
LIN**IN*097096411*ZZ*43*UP*831664000453*****DG*1*VS*00000
ZA*QS***006*20070730
CTP**UCP*3
SDQ*EA*ZZ*3602*1*3646*3*3703*1*3715*1*4244*1*4719*1*7064*1*7132*2*7358*1*7610*3
SDQ*EA*ZZ*9648*1*9674*7*9735*2*9758*1
LIN**IN*097096411*ZZ*43*UP*831664000453*****DG*2*VS*00000
ZA*QS***006*20070730
CTP**UCP*3
SDQ*EA*ZZ*4723*1
CTT*2
SE*14*0020
ST*852*0021
XQ*H*20070731
N9*AD*T00000040
LIN**IN*097096511*ZZ*43*UP*831664000460*****DG*1*VS*00000
ZA*QS***006*20070730
CTP**UCP*3
SDQ*EA*ZZ*3063*2*3715*2*4717*4*4719*9*7045*1*7069*3*7132*2*9674*1
LIN**IN*097096511*ZZ*43*UP*831664000460*****DG*2*VS*00000
ZA*QS***006*20070730
CTP**UCP*3
SDQ*EA*ZZ*4723*1
LIN**IN*097096511*ZZ*43*UP*831664000460*****DG*3*VS*00000
ZA*QS***006*20070730
CTP**UCP*3
SDQ*EA*ZZ*3703*2
LIN**IN*097096511*ZZ*43*UP*831664000460*****DG*5*VS*00000
ZA*QS***006*20070730
CTP**UCP*3
SDQ*EA*ZZ*4103*2
LIN**IN*097096511*ZZ*43*UP*831664000460*****DG*9*VS*00000
ZA*QS***006*20070730
CTP**UCP*3
SDQ*EA*ZZ*3103*1
CTT*5
SE*25*0021
ST*852*0022
XQ*H*20070731
N9*AD*T00000040
LIN**IN*097096711*ZZ*43*UP*831664000484*****DG*1*VS*00000
ZA*QS***006*20070730
CTP**UCP*3.25
SDQ*EA*ZZ*3602*1*3644*3*3703*12*3715*2*3966*-2*4103*4*4244*5*4717*4*4739*1*7045*2
SDQ*EA*ZZ*7066*2*7184*2*7255*1*7607*4*9621*2*9648*3*9674*6
CTT*1
SE*10*0022
ST*852*0023
XQ*H*20070731
N9*AD*T00000040
LIN**IN*097097011*ZZ*43*UP*831664000859*****DG*1*VS*00000
ZA*QS***006*20070730
CTP**UCP*2.55
SDQ*EA*ZZ*3646*2*3703*2*4719*1*7045*9*7066*1*7076*2*7607*4*9620*4*9621*1*9735*5
LIN**IN*097097011*ZZ*43*UP*831664000859*****DG*5*VS*00000
ZA*QS***006*20070730
CTP**UCP*2.55
SDQ*EA*ZZ*7045*4
LIN**IN*097097011*ZZ*43*UP*831664000859*****DG*9*VS*00000
ZA*QS***006*20070730
CTP**UCP*2.55
SDQ*EA*ZZ*3103*11
CTT*3
SE*17*0023
ST*852*0024
XQ*H*20070731
N9*AD*T00000040
LIN**IN*097097111*ZZ*43*UP*831664000781*****DG*1*VS*00000
ZA*QS***006*20070730
CTP**UCP*2.1
SDQ*EA*ZZ*3084*2*4719*1*7066*1*7076*2*7607*2
CTT*1
SE*9*0024
ST*852*0025
XQ*H*20070731
N9*AD*T00000040
LIN**IN*097097611*ZZ*43*UP*831664000514*****DG*1*VS*00000
ZA*QS***006*20070730
CTP**UCP*1.4
SDQ*EA*ZZ*4717*4
CTT*1
SE*9*0025
ST*852*0026
XQ*H*20070731
N9*AD*T00000040
LIN**IN*097098011*ZZ*43*UP*831664000965*****DG*1*VS*00000
ZA*QS***006*20070730
CTP**UCP*.35
SDQ*EA*ZZ*3941*1
CTT*1
SE*9*0026
ST*852*0027
XQ*H*20070731
N9*AD*T00000040
LIN**IN*097098111*ZZ*43*UP*831664000972*****DG*1*VS*00000
ZA*QS***006*20070730
CTP**UCP*.65
SDQ*EA*ZZ*3703*10*4475*15
CTT*1
SE*9*0027
ST*852*0028
XQ*H*20070731
N9*AD*T00000040
LIN**IN*097098311*ZZ*43*UP*831664000996*****DG*1*VS*00000
ZA*QS***006*20070730
CTP**UCP*1.35
SDQ*EA*ZZ*3941*4*4475*15
CTT*1
SE*9*0028
ST*852*0029
XQ*H*20070731
N9*AD*T00000040
LIN**IN*097098411*ZZ*43*UP*831664001009*****DG*1*VS*00000
ZA*QS***006*20070730
CTP**UCP*1.65
SDQ*EA*ZZ*9620*49*9629*7
CTT*1
SE*9*0029
ST*852*0030
XQ*H*20070731
N9*AD*T00000040
LIN**IN*097098511*ZZ*43*UP*831664001016*****DG*1*VS*00000
ZA*QS***006*20070730
CTP**UCP*2
SDQ*EA*ZZ*3703*1*7184*1
CTT*1
SE*9*0030
ST*852*0031
XQ*H*20070731
N9*AD*T00000040
LIN**IN*097098611*ZZ*43*UP*831664001023*****DG*1*VS*00000
ZA*QS***006*20070730
CTP**UCP*2.6
SDQ*EA*ZZ*3703*2*4308*2*4475*2
CTT*1
SE*9*0031
ST*852*0032
XQ*H*20070731
N9*AD*T00000040
LIN**IN*097098811*ZZ*43*UP*831664001047*****DG*1*VS*00000
ZA*QS***006*20070730
CTP**UCP*.5
SDQ*EA*ZZ*4308*10
CTT*1
SE*9*0032
ST*852*0033
XQ*H*20070731
N9*AD*T00000040
LIN**IN*097098911*ZZ*43*UP*831664001054*****DG*1*VS*00000
ZA*QS***006*20070730
CTP**UCP*2.3
SDQ*EA*ZZ*7184*1
CTT*1
SE*9*0033
GE*33*94
IEA*1*000000094
*** SUPERTRACS READY FOR INPUT
