ISA*00*          *00*          *09*006985290EFT   *12*6154525825     *050523*1438*U*00400*000100282*0*P*>
GS*RA*006985290EFT*6154525825*20050523*14385801*100191*X*004010
ST*820*000000001
BPR*I*435806.02*C*ACH*CCP*01*021000018*DA*0300955622*9008965873**01*064102601*DA*3000289*20050524*VEN
TRN*3*770122149*9008965873
DTM*097*20050523
N1*PR*KMART CORPORATION*1*008965873
N1*PE*YOUNGS FARMS*92*00069099588
N1*SE*YOUNGS FARMS*92*00069099588
ENT*1
RMR*IK*306320050416*PI*255.62*255.62*0
REF*PO*0020050417
REF*ST*03063
REF*DP*043
DTM*999*20050416
RMR*IK*306320050417*PI*199.6*199.6*0
REF*PO*0020050418
REF*ST*03063
REF*DP*043
DTM*999*20050417
RMR*IK*306320050418*PI*245.8*245.8*0
REF*PO*0020050419
REF*ST*03063
REF*DP*043
DTM*999*20050418
RMR*IK*306320050419*PI*425.56*425.56*0
REF*PO*0020050420
REF*ST*03063
REF*DP*043
DTM*999*20050419
RMR*IK*306320050420*PI*238.63*238.63*0
REF*PO*0020050421
REF*ST*03063
REF*DP*043
DTM*999*20050420
RMR*IK*306320050421*PI*167.7*167.7*0
REF*PO*0020050422
REF*ST*03063
REF*DP*043
DTM*999*20050421
RMR*IK*306320050422*PI*140.55*140.55*0
REF*PO*0020050423
REF*ST*03063
REF*DP*043
DTM*999*20050422
RMR*IK*306320050423*PI*87.73*87.73*0
REF*PO*0020050424
REF*ST*03063
REF*DP*043
DTM*999*20050423
RMR*IK*306320050424*PI*164.13*164.13*0
REF*PO*0020050425
REF*ST*03063
REF*DP*043
DTM*999*20050424
RMR*IK*306320050425*PI*126.56*126.56*0
REF*PO*0020050426
REF*ST*03063
REF*DP*043
DTM*999*20050425
RMR*IK*306320050426*PI*83.75*83.75*0
REF*PO*0020050427
REF*ST*03063
REF*DP*043
DTM*999*20050426
RMR*IK*306320050427*PI*117.46*117.46*0
REF*PO*0020050428
REF*ST*03063
REF*DP*043
DTM*999*20050427
RMR*IK*308320050416*PI*1970.67*1970.67*0
REF*PO*0020050417
REF*ST*03083
REF*DP*043
DTM*999*20050416
RMR*IK*308320050417*PI*1080.06*1080.06*0
REF*PO*0020050418
REF*ST*03083
REF*DP*043
DTM*999*20050417
RMR*IK*308320050418*PI*1163.78*1163.78*0
REF*PO*0020050419
REF*ST*03083
REF*DP*043
DTM*999*20050418
RMR*IK*308320050419*PI*1081.41*1081.41*0
REF*PO*0020050420
REF*ST*03083
REF*DP*043
DTM*999*20050419
RMR*IK*308320050420*PI*954.3*954.3*0
REF*PO*0020050421
REF*ST*03083
REF*DP*043
DTM*999*20050420
RMR*IK*308320050421*PI*505.6*505.6*0
REF*PO*0020050422
REF*ST*03083
REF*DP*043
DTM*999*20050421
RMR*IK*308320050422*PI*473.67*473.67*0
REF*PO*0020050423
REF*ST*03083
REF*DP*043
DTM*999*20050422
RMR*IK*308320050423*PI*391.35*391.35*0
REF*PO*0020050424
REF*ST*03083
REF*DP*043
DTM*999*20050423
RMR*IK*308320050424*PI*305.9*305.9*0
REF*PO*0020050425
REF*ST*03083
REF*DP*043
DTM*999*20050424
RMR*IK*308320050425*PI*458.14*458.14*0
REF*PO*0020050426
REF*ST*03083
REF*DP*043
DTM*999*20050425
RMR*IK*308320050426*PI*67.35*67.35*0
REF*PO*0020050427
REF*ST*03083
REF*DP*043
DTM*999*20050426
RMR*IK*308320050427*PI*265.89*265.89*0
REF*PO*0020050428
REF*ST*03083
REF*DP*043
DTM*999*20050427
RMR*IK*308420050416*PI*768.93*768.93*0
REF*PO*0020050417
REF*ST*03084
REF*DP*043
DTM*999*20050416
RMR*IK*308420050417*PI*1123.12*1123.12*0
REF*PO*0020050418
REF*ST*03084
REF*DP*043
DTM*999*20050417
RMR*IK*308420050418*PI*953.62*953.62*0
REF*PO*0020050419
REF*ST*03084
REF*DP*043
DTM*999*20050418
RMR*IK*308420050419*PI*765.55*765.55*0
REF*PO*0020050420
REF*ST*03084
REF*DP*043
DTM*999*20050419
RMR*IK*308420050420*PI*411.68*411.68*0
REF*PO*0020050421
REF*ST*03084
REF*DP*043
DTM*999*20050420
RMR*IK*308420050421*PI*696.56*696.56*0
REF*PO*0020050422
REF*ST*03084
REF*DP*043
DTM*999*20050421
RMR*IK*308420050422*PI*612.18*612.18*0
REF*PO*0020050423
REF*ST*03084
REF*DP*043
DTM*999*20050422
RMR*IK*308420050423*PI*271.41*271.41*0
REF*PO*0020050424
REF*ST*03084
REF*DP*043
DTM*999*20050423
RMR*IK*308420050424*PI*316.09*316.09*0
REF*PO*0020050425
REF*ST*03084
REF*DP*043
DTM*999*20050424
RMR*IK*308420050425*PI*240.46*240.46*0
REF*PO*0020050426
REF*ST*03084
REF*DP*043
DTM*999*20050425
RMR*IK*308420050426*PI*201.06*201.06*0
REF*PO*0020050427
REF*ST*03084
REF*DP*043
DTM*999*20050426
RMR*IK*308420050427*PI*374.21*374.21*0
REF*PO*0020050428
REF*ST*03084
REF*DP*043
DTM*999*20050427
RMR*IK*310320050416*PI*992.84*992.84*0
REF*PO*0020050417
REF*ST*03103
REF*DP*043
DTM*999*20050416
RMR*IK*310320050417*PI*1198.54*1198.54*0
REF*PO*0020050418
REF*ST*03103
REF*DP*043
DTM*999*20050417
RMR*IK*310320050418*PI*961.61*961.61*0
REF*PO*0020050419
REF*ST*03103
REF*DP*043
DTM*999*20050418
RMR*IK*310320050419*PI*959.28*959.28*0
REF*PO*0020050420
REF*ST*03103
REF*DP*043
DTM*999*20050419
RMR*IK*310320050420*PI*643.15*643.15*0
REF*PO*0020050421
REF*ST*03103
REF*DP*043
DTM*999*20050420
RMR*IK*310320050421*PI*1269.37*1269.37*0
REF*PO*0020050422
REF*ST*03103
REF*DP*043
DTM*999*20050421
RMR*IK*310320050422*PI*875.32*875.32*0
REF*PO*0020050423
REF*ST*03103
REF*DP*043
DTM*999*20050422
RMR*IK*310320050423*PI*226.54*226.54*0
REF*PO*0020050424
REF*ST*03103
REF*DP*043
DTM*999*20050423
RMR*IK*310320050424*PI*360.58*360.58*0
REF*PO*0020050425
REF*ST*03103
REF*DP*043
DTM*999*20050424
RMR*IK*310320050425*PI*339*339*0
REF*PO*0020050426
REF*ST*03103
REF*DP*043
DTM*999*20050425
RMR*IK*310320050426*PI*204.52*204.52*0
REF*PO*0020050427
REF*ST*03103
REF*DP*043
DTM*999*20050426
RMR*IK*310320050427*PI*306.92*306.92*0
REF*PO*0020050428
REF*ST*03103
REF*DP*043
DTM*999*20050427
RMR*IK*314320050416*PI*523.78*523.78*0
REF*PO*0020050417
REF*ST*03143
REF*DP*043
DTM*999*20050416
RMR*IK*314320050417*PI*369.04*369.04*0
REF*PO*0020050418
REF*ST*03143
REF*DP*043
DTM*999*20050417
RMR*IK*314320050418*PI*233.32*233.32*0
REF*PO*0020050419
REF*ST*03143
REF*DP*043
DTM*999*20050418
RMR*IK*314320050419*PI*320.91*320.91*0
REF*PO*0020050420
REF*ST*03143
REF*DP*043
DTM*999*20050419
RMR*IK*314320050420*PI*498.62*498.62*0
REF*PO*0020050421
REF*ST*03143
REF*DP*043
DTM*999*20050420
RMR*IK*314320050421*PI*439.43*439.43*0
REF*PO*0020050422
REF*ST*03143
REF*DP*043
DTM*999*20050421
RMR*IK*314320050422*PI*471.39*471.39*0
REF*PO*0020050423
REF*ST*03143
REF*DP*043
DTM*999*20050422
RMR*IK*314320050423*PI*202.68*202.68*0
REF*PO*0020050424
REF*ST*03143
REF*DP*043
DTM*999*20050423
RMR*IK*314320050424*PI*105.67*105.67*0
REF*PO*0020050425
REF*ST*03143
REF*DP*043
DTM*999*20050424
RMR*IK*314320050425*PI*273.14*273.14*0
REF*PO*0020050426
REF*ST*03143
REF*DP*043
DTM*999*20050425
RMR*IK*314320050426*PI*141.87*141.87*0
REF*PO*0020050427
REF*ST*03143
REF*DP*043
DTM*999*20050426
RMR*IK*314320050427*PI*319.99*319.99*0
REF*PO*0020050428
REF*ST*03143
REF*DP*043
DTM*999*20050427
RMR*IK*319420050416*PI*272.47*272.47*0
REF*PO*0020050417
REF*ST*03194
REF*DP*043
DTM*999*20050416
RMR*IK*319420050417*PI*273.36*273.36*0
REF*PO*0020050418
REF*ST*03194
REF*DP*043
DTM*999*20050417
RMR*IK*319420050418*PI*207.17*207.17*0
REF*PO*0020050419
REF*ST*03194
REF*DP*043
DTM*999*20050418
RMR*IK*319420050419*PI*49.33*49.33*0
REF*PO*0020050420
REF*ST*03194
REF*DP*043
DTM*999*20050419
RMR*IK*319420050420*PI*76.26*76.26*0
REF*PO*0020050421
REF*ST*03194
REF*DP*043
DTM*999*20050420
RMR*IK*319420050421*PI*236.54*236.54*0
REF*PO*0020050422
REF*ST*03194
REF*DP*043
DTM*999*20050421
RMR*IK*319420050422*PI*239.05*239.05*0
REF*PO*0020050423
REF*ST*03194
REF*DP*043
DTM*999*20050422
RMR*IK*319420050423*PI*340.76*340.76*0
REF*PO*0020050424
REF*ST*03194
REF*DP*043
DTM*999*20050423
RMR*IK*319420050424*PI*153.78*153.78*0
REF*PO*0020050425
REF*ST*03194
REF*DP*043
DTM*999*20050424
RMR*IK*319420050425*PI*314.25*314.25*0
REF*PO*0020050426
REF*ST*03194
REF*DP*043
DTM*999*20050425
RMR*IK*319420050426*PI*235.11*235.11*0
REF*PO*0020050427
REF*ST*03194
REF*DP*043
DTM*999*20050426
RMR*IK*319420050427*PI*246.73*246.73*0
REF*PO*0020050428
REF*ST*03194
REF*DP*043
DTM*999*20050427
RMR*IK*334820050416*PI*291.08*291.08*0
REF*PO*0020050417
REF*ST*03348
REF*DP*043
DTM*999*20050416
RMR*IK*334820050417*PI*304.82*304.82*0
REF*PO*0020050418
REF*ST*03348
REF*DP*043
DTM*999*20050417
RMR*IK*334820050418*PI*156.76*156.76*0
REF*PO*0020050419
REF*ST*03348
REF*DP*043
DTM*999*20050418
RMR*IK*334820050419*PI*308.75*308.75*0
REF*PO*0020050420
REF*ST*03348
REF*DP*043
DTM*999*20050419
RMR*IK*334820050420*PI*281.33*281.33*0
REF*PO*0020050421
REF*ST*03348
REF*DP*043
DTM*999*20050420
RMR*IK*334820050421*PI*78.24*78.24*0
REF*PO*0020050422
REF*ST*03348
REF*DP*043
DTM*999*20050421
RMR*IK*334820050422*PI*75.71*75.71*0
REF*PO*0020050423
REF*ST*03348
REF*DP*043
DTM*999*20050422
RMR*IK*334820050423*PI*91.15*91.15*0
REF*PO*0020050424
REF*ST*03348
REF*DP*043
DTM*999*20050423
RMR*IK*334820050424*PI*139.17*139.17*0
REF*PO*0020050425
REF*ST*03348
REF*DP*043
DTM*999*20050424
RMR*IK*334820050425*PI*224.49*224.49*0
REF*PO*0020050426
REF*ST*03348
REF*DP*043
DTM*999*20050425
RMR*IK*334820050426*PI*64.2*64.2*0
REF*PO*0020050427
REF*ST*03348
REF*DP*043
DTM*999*20050426
RMR*IK*334820050427*PI*125.91*125.91*0
REF*PO*0020050428
REF*ST*03348
REF*DP*043
DTM*999*20050427
RMR*IK*335920050416*PI*319.87*319.87*0
REF*PO*0020050417
REF*ST*03359
REF*DP*043
DTM*999*20050416
RMR*IK*335920050417*PI*349.67*349.67*0
REF*PO*0020050418
REF*ST*03359
REF*DP*043
DTM*999*20050417
RMR*IK*335920050418*PI*284.66*284.66*0
REF*PO*0020050419
REF*ST*03359
REF*DP*043
DTM*999*20050418
RMR*IK*335920050419*PI*237.99*237.99*0
REF*PO*0020050420
REF*ST*03359
REF*DP*043
DTM*999*20050419
RMR*IK*335920050420*PI*212.54*212.54*0
REF*PO*0020050421
REF*ST*03359
REF*DP*043
DTM*999*20050420
RMR*IK*335920050421*PI*198.86*198.86*0
REF*PO*0020050422
REF*ST*03359
REF*DP*043
DTM*999*20050421
RMR*IK*335920050422*PI*204.71*204.71*0
REF*PO*0020050423
REF*ST*03359
REF*DP*043
DTM*999*20050422
RMR*IK*335920050423*PI*269.55*269.55*0
REF*PO*0020050424
REF*ST*03359
REF*DP*043
DTM*999*20050423
RMR*IK*335920050424*PI*261.28*261.28*0
REF*PO*0020050425
REF*ST*03359
REF*DP*043
DTM*999*20050424
RMR*IK*335920050425*PI*255.6*255.6*0
REF*PO*0020050426
REF*ST*03359
REF*DP*043
DTM*999*20050425
RMR*IK*335920050426*PI*111.42*111.42*0
REF*PO*0020050427
REF*ST*03359
REF*DP*043
DTM*999*20050426
RMR*IK*335920050427*PI*300.59*300.59*0
REF*PO*0020050428
REF*ST*03359
REF*DP*043
DTM*999*20050427
RMR*IK*340820050416*PI*534.33*534.33*0
REF*PO*0020050417
REF*ST*03408
REF*DP*043
DTM*999*20050416
RMR*IK*340820050417*PI*281.89*281.89*0
REF*PO*0020050418
REF*ST*03408
REF*DP*043
DTM*999*20050417
RMR*IK*340820050418*PI*395.64*395.64*0
REF*PO*0020050419
REF*ST*03408
REF*DP*043
DTM*999*20050418
RMR*IK*340820050419*PI*581.27*581.27*0
REF*PO*0020050420
REF*ST*03408
REF*DP*043
DTM*999*20050419
RMR*IK*340820050420*PI*372.67*372.67*0
REF*PO*0020050421
REF*ST*03408
REF*DP*043
DTM*999*20050420
RMR*IK*340820050421*PI*240.79*240.79*0
REF*PO*0020050422
REF*ST*03408
REF*DP*043
DTM*999*20050421
RMR*IK*340820050422*PI*163.68*163.68*0
REF*PO*0020050423
REF*ST*03408
REF*DP*043
DTM*999*20050422
RMR*IK*340820050423*PI*179.03*179.03*0
REF*PO*0020050424
REF*ST*03408
REF*DP*043
DTM*999*20050423
RMR*IK*340820050424*PI*142.79*142.79*0
REF*PO*0020050425
REF*ST*03408
REF*DP*043
DTM*999*20050424
RMR*IK*340820050425*PI*215.07*215.07*0
REF*PO*0020050426
REF*ST*03408
REF*DP*043
DTM*999*20050425
RMR*IK*340820050426*PI*85.33*85.33*0
REF*PO*0020050427
REF*ST*03408
REF*DP*043
DTM*999*20050426
RMR*IK*340820050427*PI*284.64*284.64*0
REF*PO*0020050428
REF*ST*03408
REF*DP*043
DTM*999*20050427
RMR*IK*360220050416*PI*839.82*839.82*0
REF*PO*0020050417
REF*ST*03602
REF*DP*043
DTM*999*20050416
RMR*IK*360220050417*PI*523.1*523.1*0
REF*PO*0020050418
REF*ST*03602
REF*DP*043
DTM*999*20050417
RMR*IK*360220050418*PI*436.92*436.92*0
REF*PO*0020050419
REF*ST*03602
REF*DP*043
DTM*999*20050418
RMR*IK*360220050419*PI*399.68*399.68*0
REF*PO*0020050420
REF*ST*03602
REF*DP*043
DTM*999*20050419
RMR*IK*360220050420*PI*297*297*0
REF*PO*0020050421
REF*ST*03602
REF*DP*043
DTM*999*20050420
RMR*IK*360220050421*PI*357.66*357.66*0
REF*PO*0020050422
REF*ST*03602
REF*DP*043
DTM*999*20050421
RMR*IK*360220050422*PI*138.02*138.02*0
REF*PO*0020050423
REF*ST*03602
REF*DP*043
DTM*999*20050422
RMR*IK*360220050423*PI*338.99*338.99*0
REF*PO*0020050424
REF*ST*03602
REF*DP*043
DTM*999*20050423
RMR*IK*360220050424*PI*93.37*93.37*0
REF*PO*0020050425
REF*ST*03602
REF*DP*043
DTM*999*20050424
RMR*IK*360220050425*PI*230.45*230.45*0
REF*PO*0020050426
REF*ST*03602
REF*DP*043
DTM*999*20050425
RMR*IK*360220050426*PI*62.25*62.25*0
REF*PO*0020050427
REF*ST*03602
REF*DP*043
DTM*999*20050426
RMR*IK*360220050427*PI*221.45*221.45*0
REF*PO*0020050428
REF*ST*03602
REF*DP*043
DTM*999*20050427
RMR*IK*364420050416*PI*1935.28*1935.28*0
REF*PO*0020050417
REF*ST*03644
REF*DP*043
DTM*999*20050416
RMR*IK*364420050417*PI*1501.81*1501.81*0
REF*PO*0020050418
REF*ST*03644
REF*DP*043
DTM*999*20050417
RMR*IK*364420050418*PI*810.21*810.21*0
REF*PO*0020050419
REF*ST*03644
REF*DP*043
DTM*999*20050418
RMR*IK*364420050419*PI*1059.49*1059.49*0
REF*PO*0020050420
REF*ST*03644
REF*DP*043
DTM*999*20050419
RMR*IK*364420050420*PI*685.18*685.18*0
REF*PO*0020050421
REF*ST*03644
REF*DP*043
DTM*999*20050420
RMR*IK*364420050421*PI*495.48*495.48*0
REF*PO*0020050422
REF*ST*03644
REF*DP*043
DTM*999*20050421
RMR*IK*364420050422*PI*378.42*378.42*0
REF*PO*0020050423
REF*ST*03644
REF*DP*043
DTM*999*20050422
RMR*IK*364420050423*PI*200.65*200.65*0
REF*PO*0020050424
REF*ST*03644
REF*DP*043
DTM*999*20050423
RMR*IK*364420050424*PI*172.95*172.95*0
REF*PO*0020050425
REF*ST*03644
REF*DP*043
DTM*999*20050424
RMR*IK*364420050425*PI*372.87*372.87*0
REF*PO*0020050426
REF*ST*03644
REF*DP*043
DTM*999*20050425
RMR*IK*364420050426*PI*137.2*137.2*0
REF*PO*0020050427
REF*ST*03644
REF*DP*043
DTM*999*20050426
RMR*IK*364420050427*PI*372.04*372.04*0
REF*PO*0020050428
REF*ST*03644
REF*DP*043
DTM*999*20050427
RMR*IK*364520050416*PI*1*1*0
REF*PO*0020050417
REF*ST*03645
REF*DP*043
DTM*999*20050416
RMR*IK*364620050416*PI*2292.19*2292.19*0
REF*PO*0020050417
REF*ST*03646
REF*DP*043
DTM*999*20050416
RMR*IK*364620050417*PI*1547.17*1547.17*0
REF*PO*0020050418
REF*ST*03646
REF*DP*043
DTM*999*20050417
RMR*IK*364620050418*PI*863.33*863.33*0
REF*PO*0020050419
REF*ST*03646
REF*DP*043
DTM*999*20050418
RMR*IK*364620050419*PI*745.96*745.96*0
REF*PO*0020050420
REF*ST*03646
REF*DP*043
DTM*999*20050419
RMR*IK*364620050420*PI*520.78*520.78*0
REF*PO*0020050421
REF*ST*03646
REF*DP*043
DTM*999*20050420
RMR*IK*364620050421*PI*291.41*291.41*0
REF*PO*0020050422
REF*ST*03646
REF*DP*043
DTM*999*20050421
RMR*IK*364620050422*PI*260.61*260.61*0
REF*PO*0020050423
REF*ST*03646
REF*DP*043
DTM*999*20050422
RMR*IK*364620050423*PI*345.6*345.6*0
REF*PO*0020050424
REF*ST*03646
REF*DP*043
DTM*999*20050423
RMR*IK*364620050424*PI*284.53*284.53*0
REF*PO*0020050425
REF*ST*03646
REF*DP*043
DTM*999*20050424
RMR*IK*364620050425*PI*418.51*418.51*0
REF*PO*0020050426
REF*ST*03646
REF*DP*043
DTM*999*20050425
RMR*IK*364620050426*PI*337.95*337.95*0
REF*PO*0020050427
REF*ST*03646
REF*DP*043
DTM*999*20050426
RMR*IK*364620050427*PI*780.17*780.17*0
REF*PO*0020050428
REF*ST*03646
REF*DP*043
DTM*999*20050427
RMR*IK*366020050416*PI*290.28*290.28*0
REF*PO*0020050417
REF*ST*03660
REF*DP*043
DTM*999*20050416
RMR*IK*366020050417*PI*464.55*464.55*0
REF*PO*0020050418
REF*ST*03660
REF*DP*043
DTM*999*20050417
RMR*IK*366020050418*PI*478.76*478.76*0
REF*PO*0020050419
REF*ST*03660
REF*DP*043
DTM*999*20050418
RMR*IK*366020050419*PI*412.26*412.26*0
REF*PO*0020050420
REF*ST*03660
REF*DP*043
DTM*999*20050419
RMR*IK*366020050420*PI*207.35*207.35*0
REF*PO*0020050421
REF*ST*03660
REF*DP*043
DTM*999*20050420
RMR*IK*366020050421*PI*358.44*358.44*0
REF*PO*0020050422
REF*ST*03660
REF*DP*043
DTM*999*20050421
RMR*IK*366020050422*PI*321.5*321.5*0
REF*PO*0020050423
REF*ST*03660
REF*DP*043
DTM*999*20050422
RMR*IK*366020050423*PI*444.38*444.38*0
REF*PO*0020050424
REF*ST*03660
REF*DP*043
DTM*999*20050423
RMR*IK*366020050424*PI*230.15*230.15*0
REF*PO*0020050425
REF*ST*03660
REF*DP*043
DTM*999*20050424
RMR*IK*366020050425*PI*266.61*266.61*0
REF*PO*0020050426
REF*ST*03660
REF*DP*043
DTM*999*20050425
RMR*IK*366020050426*PI*116.32*116.32*0
REF*PO*0020050427
REF*ST*03660
REF*DP*043
DTM*999*20050426
RMR*IK*366020050427*PI*154.37*154.37*0
REF*PO*0020050428
REF*ST*03660
REF*DP*043
DTM*999*20050427
RMR*IK*367220050416*PI*286.89*286.89*0
REF*PO*0020050417
REF*ST*03672
REF*DP*043
DTM*999*20050416
RMR*IK*367220050417*PI*256.42*256.42*0
REF*PO*0020050418
REF*ST*03672
REF*DP*043
DTM*999*20050417
RMR*IK*367220050418*PI*266.77*266.77*0
REF*PO*0020050419
REF*ST*03672
REF*DP*043
DTM*999*20050418
RMR*IK*367220050419*PI*99.39*99.39*0
REF*PO*0020050420
REF*ST*03672
REF*DP*043
DTM*999*20050419
RMR*IK*367220050420*PI*43.58*43.58*0
REF*PO*0020050421
REF*ST*03672
REF*DP*043
DTM*999*20050420
RMR*IK*367220050421*PI*142.9*142.9*0
REF*PO*0020050422
REF*ST*03672
REF*DP*043
DTM*999*20050421
RMR*IK*367220050422*PI*328.66*328.66*0
REF*PO*0020050423
REF*ST*03672
REF*DP*043
DTM*999*20050422
RMR*IK*367220050423*PI*251.49*251.49*0
REF*PO*0020050424
REF*ST*03672
REF*DP*043
DTM*999*20050423
RMR*IK*367220050424*PI*188.8*188.8*0
REF*PO*0020050425
REF*ST*03672
REF*DP*043
DTM*999*20050424
RMR*IK*367220050425*PI*129.03*129.03*0
REF*PO*0020050426
REF*ST*03672
REF*DP*043
DTM*999*20050425
RMR*IK*367220050426*PI*92.77*92.77*0
REF*PO*0020050427
REF*ST*03672
REF*DP*043
DTM*999*20050426
RMR*IK*367220050427*PI*103.69*103.69*0
REF*PO*0020050428
REF*ST*03672
REF*DP*043
DTM*999*20050427
RMR*IK*368520050416*PI*373.12*373.12*0
REF*PO*0020050417
REF*ST*03685
REF*DP*043
DTM*999*20050416
RMR*IK*368520050417*PI*324.51*324.51*0
REF*PO*0020050418
REF*ST*03685
REF*DP*043
DTM*999*20050417
RMR*IK*368520050418*PI*341.84*341.84*0
REF*PO*0020050419
REF*ST*03685
REF*DP*043
DTM*999*20050418
RMR*IK*368520050419*PI*284.56*284.56*0
REF*PO*0020050420
REF*ST*03685
REF*DP*043
DTM*999*20050419
RMR*IK*368520050420*PI*327.6*327.6*0
REF*PO*0020050421
REF*ST*03685
REF*DP*043
DTM*999*20050420
RMR*IK*368520050421*PI*352.49*352.49*0
REF*PO*0020050422
REF*ST*03685
REF*DP*043
DTM*999*20050421
RMR*IK*368520050422*PI*162.03*162.03*0
REF*PO*0020050423
REF*ST*03685
REF*DP*043
DTM*999*20050422
RMR*IK*368520050423*PI*148.25*148.25*0
REF*PO*0020050424
REF*ST*03685
REF*DP*043
DTM*999*20050423
RMR*IK*368520050424*PI*67.6*67.6*0
REF*PO*0020050425
REF*ST*03685
REF*DP*043
DTM*999*20050424
RMR*IK*368520050425*PI*107.39*107.39*0
REF*PO*0020050426
REF*ST*03685
REF*DP*043
DTM*999*20050425
RMR*IK*368520050426*PI*43.45*43.45*0
REF*PO*0020050427
REF*ST*03685
REF*DP*043
DTM*999*20050426
RMR*IK*368520050427*PI*133.57*133.57*0
REF*PO*0020050428
REF*ST*03685
REF*DP*043
DTM*999*20050427
RMR*IK*370320050416*PI*2497.07*2497.07*0
REF*PO*0020050417
REF*ST*03703
REF*DP*043
DTM*999*20050416
RMR*IK*370320050417*PI*3068.61*3068.61*0
REF*PO*0020050418
REF*ST*03703
REF*DP*043
DTM*999*20050417
RMR*IK*370320050418*PI*1569.22*1569.22*0
REF*PO*0020050419
REF*ST*03703
REF*DP*043
DTM*999*20050418
RMR*IK*370320050419*PI*2208.78*2208.78*0
REF*PO*0020050420
REF*ST*03703
REF*DP*043
DTM*999*20050419
RMR*IK*370320050420*PI*1396.18*1396.18*0
REF*PO*0020050421
REF*ST*03703
REF*DP*043
DTM*999*20050420
RMR*IK*370320050421*PI*1021.22*1021.22*0
REF*PO*0020050422
REF*ST*03703
REF*DP*043
DTM*999*20050421
RMR*IK*370320050422*PI*1267.46*1267.46*0
REF*PO*0020050423
REF*ST*03703
REF*DP*043
DTM*999*20050422
RMR*IK*370320050423*PI*753.05*753.05*0
REF*PO*0020050424
REF*ST*03703
REF*DP*043
DTM*999*20050423
RMR*IK*370320050424*PI*578.64*578.64*0
REF*PO*0020050425
REF*ST*03703
REF*DP*043
DTM*999*20050424
RMR*IK*370320050425*PI*745.17*745.17*0
REF*PO*0020050426
REF*ST*03703
REF*DP*043
DTM*999*20050425
RMR*IK*370320050426*PI*286.51*286.51*0
REF*PO*0020050427
REF*ST*03703
REF*DP*043
DTM*999*20050426
RMR*IK*370320050427*PI*859.35*859.35*0
REF*PO*0020050428
REF*ST*03703
REF*DP*043
DTM*999*20050427
RMR*IK*371320050416*PI*517.71*517.71*0
REF*PO*0020050417
REF*ST*03713
REF*DP*043
DTM*999*20050416
RMR*IK*371320050417*PI*422.88*422.88*0
REF*PO*0020050418
REF*ST*03713
REF*DP*043
DTM*999*20050417
RMR*IK*371320050418*PI*280.05*280.05*0
REF*PO*0020050419
REF*ST*03713
REF*DP*043
DTM*999*20050418
RMR*IK*371320050419*PI*138.89*138.89*0
REF*PO*0020050420
REF*ST*03713
REF*DP*043
DTM*999*20050419
RMR*IK*371320050420*PI*125*125*0
REF*PO*0020050421
REF*ST*03713
REF*DP*043
DTM*999*20050420
RMR*IK*371320050421*PI*461.01*461.01*0
REF*PO*0020050422
REF*ST*03713
REF*DP*043
DTM*999*20050421
RMR*IK*371320050422*PI*151.44*151.44*0
REF*PO*0020050423
REF*ST*03713
REF*DP*043
DTM*999*20050422
RMR*IK*371320050423*PI*424.89*424.89*0
REF*PO*0020050424
REF*ST*03713
REF*DP*043
DTM*999*20050423
RMR*IK*371320050424*PI*173.28*173.28*0
REF*PO*0020050425
REF*ST*03713
REF*DP*043
DTM*999*20050424
RMR*IK*371320050425*PI*232.24*232.24*0
REF*PO*0020050426
REF*ST*03713
REF*DP*043
DTM*999*20050425
RMR*IK*371320050426*PI*110.22*110.22*0
REF*PO*0020050427
REF*ST*03713
REF*DP*043
DTM*999*20050426
RMR*IK*371320050427*PI*253.96*253.96*0
REF*PO*0020050428
REF*ST*03713
REF*DP*043
DTM*999*20050427
RMR*IK*371520050416*PI*760.42*760.42*0
REF*PO*0020050417
REF*ST*03715
REF*DP*043
DTM*999*20050416
RMR*IK*371520050417*PI*843.9*843.9*0
REF*PO*0020050418
REF*ST*03715
REF*DP*043
DTM*999*20050417
RMR*IK*371520050418*PI*1190.89*1190.89*0
REF*PO*0020050419
REF*ST*03715
REF*DP*043
DTM*999*20050418
RMR*IK*371520050419*PI*1050.64*1050.64*0
REF*PO*0020050420
REF*ST*03715
REF*DP*043
DTM*999*20050419
RMR*IK*371520050420*PI*598.48*598.48*0
REF*PO*0020050421
REF*ST*03715
REF*DP*043
DTM*999*20050420
RMR*IK*371520050421*PI*298.56*298.56*0
REF*PO*0020050422
REF*ST*03715
REF*DP*043
DTM*999*20050421
RMR*IK*371520050422*PI*200.49*200.49*0
REF*PO*0020050423
REF*ST*03715
REF*DP*043
DTM*999*20050422
RMR*IK*371520050423*PI*181.61*181.61*0
REF*PO*0020050424
REF*ST*03715
REF*DP*043
DTM*999*20050423
RMR*IK*371520050424*PI*89.2*89.2*0
REF*PO*0020050425
REF*ST*03715
REF*DP*043
DTM*999*20050424
RMR*IK*371520050425*PI*186.67*186.67*0
REF*PO*0020050426
REF*ST*03715
REF*DP*043
DTM*999*20050425
RMR*IK*371520050426*PI*16.55*16.55*0
REF*PO*0020050427
REF*ST*03715
REF*DP*043
DTM*999*20050426
RMR*IK*371520050427*PI*216.88*216.88*0
REF*PO*0020050428
REF*ST*03715
REF*DP*043
DTM*999*20050427
RMR*IK*382220050416*PI*569.11*569.11*0
REF*PO*0020050417
REF*ST*03822
REF*DP*043
DTM*999*20050416
RMR*IK*382220050417*PI*572.31*572.31*0
REF*PO*0020050418
REF*ST*03822
REF*DP*043
DTM*999*20050417
RMR*IK*382220050418*PI*383.98*383.98*0
REF*PO*0020050419
REF*ST*03822
REF*DP*043
DTM*999*20050418
RMR*IK*382220050419*PI*450.1*450.1*0
REF*PO*0020050420
REF*ST*03822
REF*DP*043
DTM*999*20050419
RMR*IK*382220050420*PI*195.75*195.75*0
REF*PO*0020050421
REF*ST*03822
REF*DP*043
DTM*999*20050420
RMR*IK*382220050421*PI*370.87*370.87*0
REF*PO*0020050422
REF*ST*03822
REF*DP*043
DTM*999*20050421
RMR*IK*382220050422*PI*175.63*175.63*0
REF*PO*0020050423
REF*ST*03822
REF*DP*043
DTM*999*20050422
RMR*IK*382220050423*PI*115.97*115.97*0
REF*PO*0020050424
REF*ST*03822
REF*DP*043
DTM*999*20050423
RMR*IK*382220050424*PI*57.37*57.37*0
REF*PO*0020050425
REF*ST*03822
REF*DP*043
DTM*999*20050424
RMR*IK*382220050425*PI*57.05*57.05*0
REF*PO*0020050426
REF*ST*03822
REF*DP*043
DTM*999*20050425
RMR*IK*382220050426*PI*102.42*102.42*0
REF*PO*0020050427
REF*ST*03822
REF*DP*043
DTM*999*20050426
RMR*IK*382220050427*PI*167.66*167.66*0
REF*PO*0020050428
REF*ST*03822
REF*DP*043
DTM*999*20050427
RMR*IK*383620050416*PI*911.64*911.64*0
REF*PO*0020050417
REF*ST*03836
REF*DP*043
DTM*999*20050416
RMR*IK*383620050417*PI*450.6*450.6*0
REF*PO*0020050418
REF*ST*03836
REF*DP*043
DTM*999*20050417
RMR*IK*383620050418*PI*1216.47*1216.47*0
REF*PO*0020050419
REF*ST*03836
REF*DP*043
DTM*999*20050418
RMR*IK*383620050419*PI*736.53*736.53*0
REF*PO*0020050420
REF*ST*03836
REF*DP*043
DTM*999*20050419
RMR*IK*383620050420*PI*507.72*507.72*0
REF*PO*0020050421
REF*ST*03836
REF*DP*043
DTM*999*20050420
RMR*IK*383620050421*PI*617.65*617.65*0
REF*PO*0020050422
REF*ST*03836
REF*DP*043
DTM*999*20050421
RMR*IK*383620050422*PI*456.8*456.8*0
REF*PO*0020050423
REF*ST*03836
REF*DP*043
DTM*999*20050422
RMR*IK*383620050423*PI*297.98*297.98*0
REF*PO*0020050424
REF*ST*03836
REF*DP*043
DTM*999*20050423
RMR*IK*383620050424*PI*385.26*385.26*0
REF*PO*0020050425
REF*ST*03836
REF*DP*043
DTM*999*20050424
RMR*IK*383620050425*PI*251.45*251.45*0
REF*PO*0020050426
REF*ST*03836
REF*DP*043
DTM*999*20050425
RMR*IK*383620050426*PI*99.05*99.05*0
REF*PO*0020050427
REF*ST*03836
REF*DP*043
DTM*999*20050426
RMR*IK*383620050427*PI*253.13*253.13*0
REF*PO*0020050428
REF*ST*03836
REF*DP*043
DTM*999*20050427
RMR*IK*384820050416*PI*878.53*878.53*0
REF*PO*0020050417
REF*ST*03848
REF*DP*043
DTM*999*20050416
RMR*IK*384820050417*PI*605.19*605.19*0
REF*PO*0020050418
REF*ST*03848
REF*DP*043
DTM*999*20050417
RMR*IK*384820050418*PI*487.1*487.1*0
REF*PO*0020050419
REF*ST*03848
REF*DP*043
DTM*999*20050418
RMR*IK*384820050419*PI*928.52*928.52*0
REF*PO*0020050420
REF*ST*03848
REF*DP*043
DTM*999*20050419
RMR*IK*384820050420*PI*739.13*739.13*0
REF*PO*0020050421
REF*ST*03848
REF*DP*043
DTM*999*20050420
RMR*IK*384820050421*PI*439.22*439.22*0
REF*PO*0020050422
REF*ST*03848
REF*DP*043
DTM*999*20050421
RMR*IK*384820050422*PI*124.79*124.79*0
REF*PO*0020050423
REF*ST*03848
REF*DP*043
DTM*999*20050422
RMR*IK*384820050423*PI*327.53*327.53*0
REF*PO*0020050424
REF*ST*03848
REF*DP*043
DTM*999*20050423
RMR*IK*384820050424*PI*247.54*247.54*0
REF*PO*0020050425
REF*ST*03848
REF*DP*043
DTM*999*20050424
RMR*IK*384820050425*PI*544.28*544.28*0
REF*PO*0020050426
REF*ST*03848
REF*DP*043
DTM*999*20050425
RMR*IK*384820050426*PI*205.49*205.49*0
REF*PO*0020050427
REF*ST*03848
REF*DP*043
DTM*999*20050426
RMR*IK*384820050427*PI*423.4*423.4*0
REF*PO*0020050428
REF*ST*03848
REF*DP*043
DTM*999*20050427
RMR*IK*387620050416*PI*319.99*319.99*0
REF*PO*0020050417
REF*ST*03876
REF*DP*043
DTM*999*20050416
RMR*IK*387620050417*PI*144.8*144.8*0
REF*PO*0020050418
REF*ST*03876
REF*DP*043
DTM*999*20050417
RMR*IK*387620050418*PI*109.5*109.5*0
REF*PO*0020050419
REF*ST*03876
REF*DP*043
DTM*999*20050418
RMR*IK*387620050419*PI*84.85*84.85*0
REF*PO*0020050420
REF*ST*03876
REF*DP*043
DTM*999*20050419
RMR*IK*387620050420*PI*69.79*69.79*0
REF*PO*0020050421
REF*ST*03876
REF*DP*043
DTM*999*20050420
RMR*IK*387620050421*PI*162.01*162.01*0
REF*PO*0020050422
REF*ST*03876
REF*DP*043
DTM*999*20050421
RMR*IK*387620050422*PI*144.97*144.97*0
REF*PO*0020050423
REF*ST*03876
REF*DP*043
DTM*999*20050422
RMR*IK*387620050423*PI*40.6*40.6*0
REF*PO*0020050424
REF*ST*03876
REF*DP*043
DTM*999*20050423
RMR*IK*387620050424*PI*52.68*52.68*0
REF*PO*0020050425
REF*ST*03876
REF*DP*043
DTM*999*20050424
RMR*IK*387620050425*PI*92.15*92.15*0
REF*PO*0020050426
REF*ST*03876
REF*DP*043
DTM*999*20050425
RMR*IK*387620050426*PI*111.45*111.45*0
REF*PO*0020050427
REF*ST*03876
REF*DP*043
DTM*999*20050426
RMR*IK*387620050427*PI*86.99*86.99*0
REF*PO*0020050428
REF*ST*03876
REF*DP*043
DTM*999*20050427
RMR*IK*392920050416*PI*360.76*360.76*0
REF*PO*0020050417
REF*ST*03929
REF*DP*043
DTM*999*20050416
RMR*IK*392920050417*PI*300.36*300.36*0
REF*PO*0020050418
REF*ST*03929
REF*DP*043
DTM*999*20050417
RMR*IK*392920050418*PI*236.55*236.55*0
REF*PO*0020050419
REF*ST*03929
REF*DP*043
DTM*999*20050418
RMR*IK*392920050419*PI*183.73*183.73*0
REF*PO*0020050420
REF*ST*03929
REF*DP*043
DTM*999*20050419
RMR*IK*392920050420*PI*143.41*143.41*0
REF*PO*0020050421
REF*ST*03929
REF*DP*043
DTM*999*20050420
RMR*IK*392920050421*PI*33.36*33.36*0
REF*PO*0020050422
REF*ST*03929
REF*DP*043
DTM*999*20050421
RMR*IK*392920050422*PI*81.38*81.38*0
REF*PO*0020050423
REF*ST*03929
REF*DP*043
DTM*999*20050422
RMR*IK*392920050423*PI*182.24*182.24*0
REF*PO*0020050424
REF*ST*03929
REF*DP*043
DTM*999*20050423
RMR*IK*392920050424*PI*100.95*100.95*0
REF*PO*0020050425
REF*ST*03929
REF*DP*043
DTM*999*20050424
RMR*IK*392920050425*PI*147.13*147.13*0
REF*PO*0020050426
REF*ST*03929
REF*DP*043
DTM*999*20050425
RMR*IK*392920050426*PI*30.32*30.32*0
REF*PO*0020050427
REF*ST*03929
REF*DP*043
DTM*999*20050426
RMR*IK*392920050427*PI*82.13*82.13*0
REF*PO*0020050428
REF*ST*03929
REF*DP*043
DTM*999*20050427
RMR*IK*393120050416*PI*396.59*396.59*0
REF*PO*0020050417
REF*ST*03931
REF*DP*043
DTM*999*20050416
RMR*IK*393120050417*PI*264.47*264.47*0
REF*PO*0020050418
REF*ST*03931
REF*DP*043
DTM*999*20050417
RMR*IK*393120050418*PI*130.88*130.88*0
REF*PO*0020050419
REF*ST*03931
REF*DP*043
DTM*999*20050418
RMR*IK*393120050419*PI*139.43*139.43*0
REF*PO*0020050420
REF*ST*03931
REF*DP*043
DTM*999*20050419
RMR*IK*393120050420*PI*138.13*138.13*0
REF*PO*0020050421
REF*ST*03931
REF*DP*043
DTM*999*20050420
RMR*IK*393120050421*PI*50.37*50.37*0
REF*PO*0020050422
REF*ST*03931
REF*DP*043
DTM*999*20050421
RMR*IK*393120050422*PI*55.48*55.48*0
REF*PO*0020050423
REF*ST*03931
REF*DP*043
DTM*999*20050422
RMR*IK*393120050423*PI*156.23*156.23*0
REF*PO*0020050424
REF*ST*03931
REF*DP*043
DTM*999*20050423
RMR*IK*393120050424*PI*164.46*164.46*0
REF*PO*0020050425
REF*ST*03931
REF*DP*043
DTM*999*20050424
RMR*IK*393120050425*PI*206.8*206.8*0
REF*PO*0020050426
REF*ST*03931
REF*DP*043
DTM*999*20050425
RMR*IK*393120050426*PI*37.25*37.25*0
REF*PO*0020050427
REF*ST*03931
REF*DP*043
DTM*999*20050426
RMR*IK*393120050427*PI*180.28*180.28*0
REF*PO*0020050428
REF*ST*03931
REF*DP*043
DTM*999*20050427
RMR*IK*394120050416*PI*1343.41*1343.41*0
REF*PO*0020050417
REF*ST*03941
REF*DP*043
DTM*999*20050416
RMR*IK*394120050417*PI*499.69*499.69*0
REF*PO*0020050418
REF*ST*03941
REF*DP*043
DTM*999*20050417
RMR*IK*394120050418*PI*536.54*536.54*0
REF*PO*0020050419
REF*ST*03941
REF*DP*043
DTM*999*20050418
RMR*IK*394120050419*PI*746.08*746.08*0
REF*PO*0020050420
REF*ST*03941
REF*DP*043
DTM*999*20050419
RMR*IK*394120050420*PI*597.08*597.08*0
REF*PO*0020050421
REF*ST*03941
REF*DP*043
DTM*999*20050420
RMR*IK*394120050421*PI*430.76*430.76*0
REF*PO*0020050422
REF*ST*03941
REF*DP*043
DTM*999*20050421
RMR*IK*394120050422*PI*261.07*261.07*0
REF*PO*0020050423
REF*ST*03941
REF*DP*043
DTM*999*20050422
RMR*IK*394120050423*PI*95.36*95.36*0
REF*PO*0020050424
REF*ST*03941
REF*DP*043
DTM*999*20050423
RMR*IK*394120050424*PI*67.94*67.94*0
REF*PO*0020050425
REF*ST*03941
REF*DP*043
DTM*999*20050424
RMR*IK*394120050425*PI*164.56*164.56*0
REF*PO*0020050426
REF*ST*03941
REF*DP*043
DTM*999*20050425
RMR*IK*394120050426*PI*114.27*114.27*0
REF*PO*0020050427
REF*ST*03941
REF*DP*043
DTM*999*20050426
RMR*IK*394120050427*PI*277.8*277.8*0
REF*PO*0020050428
REF*ST*03941
REF*DP*043
DTM*999*20050427
RMR*IK*396620050416*PI*1079.5*1079.5*0
REF*PO*0020050417
REF*ST*03966
REF*DP*043
DTM*999*20050416
RMR*IK*396620050417*PI*835.39*835.39*0
REF*PO*0020050418
REF*ST*03966
REF*DP*043
DTM*999*20050417
RMR*IK*396620050418*PI*433.83*433.83*0
REF*PO*0020050419
REF*ST*03966
REF*DP*043
DTM*999*20050418
RMR*IK*396620050419*PI*368.8*368.8*0
REF*PO*0020050420
REF*ST*03966
REF*DP*043
DTM*999*20050419
RMR*IK*396620050420*PI*479.81*479.81*0
REF*PO*0020050421
REF*ST*03966
REF*DP*043
DTM*999*20050420
RMR*IK*396620050421*PI*258*258*0
REF*PO*0020050422
REF*ST*03966
REF*DP*043
DTM*999*20050421
RMR*IK*396620050422*PI*237.71*237.71*0
REF*PO*0020050423
REF*ST*03966
REF*DP*043
DTM*999*20050422
RMR*IK*396620050423*PI*162.83*162.83*0
REF*PO*0020050424
REF*ST*03966
REF*DP*043
DTM*999*20050423
RMR*IK*396620050424*PI*200*200*0
REF*PO*0020050425
REF*ST*03966
REF*DP*043
DTM*999*20050424
RMR*IK*396620050425*PI*181.72*181.72*0
REF*PO*0020050426
REF*ST*03966
REF*DP*043
DTM*999*20050425
RMR*IK*396620050426*PI*93.11*93.11*0
REF*PO*0020050427
REF*ST*03966
REF*DP*043
DTM*999*20050426
RMR*IK*396620050427*PI*196.88*196.88*0
REF*PO*0020050428
REF*ST*03966
REF*DP*043
DTM*999*20050427
RMR*IK*397820050416*PI*395.1*395.1*0
REF*PO*0020050417
REF*ST*03978
REF*DP*043
DTM*999*20050416
RMR*IK*397820050417*PI*1086.3*1086.3*0
REF*PO*0020050418
REF*ST*03978
REF*DP*043
DTM*999*20050417
RMR*IK*397820050418*PI*325.86*325.86*0
REF*PO*0020050419
REF*ST*03978
REF*DP*043
DTM*999*20050418
RMR*IK*397820050419*PI*483.33*483.33*0
REF*PO*0020050420
REF*ST*03978
REF*DP*043
DTM*999*20050419
RMR*IK*397820050420*PI*333.34*333.34*0
REF*PO*0020050421
REF*ST*03978
REF*DP*043
DTM*999*20050420
RMR*IK*397820050421*PI*208.73*208.73*0
REF*PO*0020050422
REF*ST*03978
REF*DP*043
DTM*999*20050421
RMR*IK*397820050422*PI*242.13*242.13*0
REF*PO*0020050423
REF*ST*03978
REF*DP*043
DTM*999*20050422
RMR*IK*397820050423*PI*412.22*412.22*0
REF*PO*0020050424
REF*ST*03978
REF*DP*043
DTM*999*20050423
RMR*IK*397820050424*PI*379.85*379.85*0
REF*PO*0020050425
REF*ST*03978
REF*DP*043
DTM*999*20050424
RMR*IK*397820050425*PI*201.07*201.07*0
REF*PO*0020050426
REF*ST*03978
REF*DP*043
DTM*999*20050425
RMR*IK*397820050426*PI*74.89*74.89*0
REF*PO*0020050427
REF*ST*03978
REF*DP*043
DTM*999*20050426
RMR*IK*397820050427*PI*392.38*392.38*0
REF*PO*0020050428
REF*ST*03978
REF*DP*043
DTM*999*20050427
RMR*IK*399620050416*PI*404.92*404.92*0
REF*PO*0020050417
REF*ST*03996
REF*DP*043
DTM*999*20050416
RMR*IK*399620050417*PI*594.4*594.4*0
REF*PO*0020050418
REF*ST*03996
REF*DP*043
DTM*999*20050417
RMR*IK*399620050418*PI*306.6*306.6*0
REF*PO*0020050419
REF*ST*03996
REF*DP*043
DTM*999*20050418
RMR*IK*399620050419*PI*563.69*563.69*0
REF*PO*0020050420
REF*ST*03996
REF*DP*043
DTM*999*20050419
RMR*IK*399620050420*PI*400.46*400.46*0
REF*PO*0020050421
REF*ST*03996
REF*DP*043
DTM*999*20050420
RMR*IK*399620050421*PI*292.05*292.05*0
REF*PO*0020050422
REF*ST*03996
REF*DP*043
DTM*999*20050421
RMR*IK*399620050422*PI*221.08*221.08*0
REF*PO*0020050423
REF*ST*03996
REF*DP*043
DTM*999*20050422
RMR*IK*399620050423*PI*153.53*153.53*0
REF*PO*0020050424
REF*ST*03996
REF*DP*043
DTM*999*20050423
RMR*IK*399620050424*PI*168.04*168.04*0
REF*PO*0020050425
REF*ST*03996
REF*DP*043
DTM*999*20050424
RMR*IK*399620050425*PI*102.26*102.26*0
REF*PO*0020050426
REF*ST*03996
REF*DP*043
DTM*999*20050425
RMR*IK*399620050426*PI*87.17*87.17*0
REF*PO*0020050427
REF*ST*03996
REF*DP*043
DTM*999*20050426
RMR*IK*399620050427*PI*162.11*162.11*0
REF*PO*0020050428
REF*ST*03996
REF*DP*043
DTM*999*20050427
RMR*IK*403320050416*PI*357.53*357.53*0
REF*PO*0020050417
REF*ST*04033
REF*DP*043
DTM*999*20050416
RMR*IK*403320050417*PI*293.16*293.16*0
REF*PO*0020050418
REF*ST*04033
REF*DP*043
DTM*999*20050417
RMR*IK*403320050418*PI*181.35*181.35*0
REF*PO*0020050419
REF*ST*04033
REF*DP*043
DTM*999*20050418
RMR*IK*403320050419*PI*84.2*84.2*0
REF*PO*0020050420
REF*ST*04033
REF*DP*043
DTM*999*20050419
RMR*IK*403320050420*PI*63.18*63.18*0
REF*PO*0020050421
REF*ST*04033
REF*DP*043
DTM*999*20050420
RMR*IK*403320050421*PI*20.65*20.65*0
REF*PO*0020050422
REF*ST*04033
REF*DP*043
DTM*999*20050421
RMR*IK*403320050422*PI*47.89*47.89*0
REF*PO*0020050423
REF*ST*04033
REF*DP*043
DTM*999*20050422
RMR*IK*403320050423*PI*1.64*1.64*0
REF*PO*0020050424
REF*ST*04033
REF*DP*043
DTM*999*20050423
RMR*IK*403320050425*PI*90.58*90.58*0
REF*PO*0020050426
REF*ST*04033
REF*DP*043
DTM*999*20050425
RMR*IK*403320050426*PI*88.34*88.34*0
REF*PO*0020050427
REF*ST*04033
REF*DP*043
DTM*999*20050426
RMR*IK*403320050427*PI*245.27*245.27*0
REF*PO*0020050428
REF*ST*04033
REF*DP*043
DTM*999*20050427
RMR*IK*407120050416*PI*863.28*863.28*0
REF*PO*0020050417
REF*ST*04071
REF*DP*043
DTM*999*20050416
RMR*IK*407120050417*PI*556.95*556.95*0
REF*PO*0020050418
REF*ST*04071
REF*DP*043
DTM*999*20050417
RMR*IK*407120050418*PI*261.81*261.81*0
REF*PO*0020050419
REF*ST*04071
REF*DP*043
DTM*999*20050418
RMR*IK*407120050419*PI*480.28*480.28*0
REF*PO*0020050420
REF*ST*04071
REF*DP*043
DTM*999*20050419
RMR*IK*407120050420*PI*524.46*524.46*0
REF*PO*0020050421
REF*ST*04071
REF*DP*043
DTM*999*20050420
RMR*IK*407120050421*PI*390.8*390.8*0
REF*PO*0020050422
REF*ST*04071
REF*DP*043
DTM*999*20050421
RMR*IK*407120050422*PI*204.95*204.95*0
REF*PO*0020050423
REF*ST*04071
REF*DP*043
DTM*999*20050422
RMR*IK*407120050423*PI*286.09*286.09*0
REF*PO*0020050424
REF*ST*04071
REF*DP*043
DTM*999*20050423
RMR*IK*407120050424*PI*86.47*86.47*0
REF*PO*0020050425
REF*ST*04071
REF*DP*043
DTM*999*20050424
RMR*IK*407120050425*PI*132.41*132.41*0
REF*PO*0020050426
REF*ST*04071
REF*DP*043
DTM*999*20050425
RMR*IK*407120050426*PI*70.9*70.9*0
REF*PO*0020050427
REF*ST*04071
REF*DP*043
DTM*999*20050426
RMR*IK*407120050427*PI*295.91*295.91*0
REF*PO*0020050428
REF*ST*04071
REF*DP*043
DTM*999*20050427
RMR*IK*409320050416*PI*2689.34*2689.34*0
REF*PO*0020050417
REF*ST*04093
REF*DP*043
DTM*999*20050416
RMR*IK*409320050417*PI*2051.15*2051.15*0
REF*PO*0020050418
REF*ST*04093
REF*DP*043
DTM*999*20050417
RMR*IK*409320050418*PI*1622.78*1622.78*0
REF*PO*0020050419
REF*ST*04093
REF*DP*043
DTM*999*20050418
RMR*IK*409320050419*PI*1507.1*1507.1*0
REF*PO*0020050420
REF*ST*04093
REF*DP*043
DTM*999*20050419
RMR*IK*409320050420*PI*1741.8*1741.8*0
REF*PO*0020050421
REF*ST*04093
REF*DP*043
DTM*999*20050420
RMR*IK*409320050421*PI*1233.3*1233.3*0
REF*PO*0020050422
REF*ST*04093
REF*DP*043
DTM*999*20050421
RMR*IK*409320050422*PI*814.06*814.06*0
REF*PO*0020050423
REF*ST*04093
REF*DP*043
DTM*999*20050422
RMR*IK*409320050423*PI*472.68*472.68*0
REF*PO*0020050424
REF*ST*04093
REF*DP*043
DTM*999*20050423
RMR*IK*409320050424*PI*571.81*571.81*0
REF*PO*0020050425
REF*ST*04093
REF*DP*043
DTM*999*20050424
RMR*IK*409320050425*PI*821.86*821.86*0
REF*PO*0020050426
REF*ST*04093
REF*DP*043
DTM*999*20050425
RMR*IK*409320050426*PI*231.02*231.02*0
REF*PO*0020050427
REF*ST*04093
REF*DP*043
DTM*999*20050426
RMR*IK*409320050427*PI*693.93*693.93*0
REF*PO*0020050428
REF*ST*04093
REF*DP*043
DTM*999*20050427
RMR*IK*410320050416*PI*2322.32*2322.32*0
REF*PO*0020050417
REF*ST*04103
REF*DP*043
DTM*999*20050416
RMR*IK*410320050417*PI*2160.18*2160.18*0
REF*PO*0020050418
REF*ST*04103
REF*DP*043
DTM*999*20050417
RMR*IK*410320050418*PI*1514.03*1514.03*0
REF*PO*0020050419
REF*ST*04103
REF*DP*043
DTM*999*20050418
RMR*IK*410320050419*PI*982.73*982.73*0
REF*PO*0020050420
REF*ST*04103
REF*DP*043
DTM*999*20050419
RMR*IK*410320050420*PI*1001.25*1001.25*0
REF*PO*0020050421
REF*ST*04103
REF*DP*043
DTM*999*20050420
RMR*IK*410320050421*PI*1292.85*1292.85*0
REF*PO*0020050422
REF*ST*04103
REF*DP*043
DTM*999*20050421
RMR*IK*410320050422*PI*820.44*820.44*0
REF*PO*0020050423
REF*ST*04103
REF*DP*043
DTM*999*20050422
RMR*IK*410320050423*PI*408.89*408.89*0
REF*PO*0020050424
REF*ST*04103
REF*DP*043
DTM*999*20050423
RMR*IK*410320050424*PI*832.63*832.63*0
REF*PO*0020050425
REF*ST*04103
REF*DP*043
DTM*999*20050424
RMR*IK*410320050425*PI*624.16*624.16*0
REF*PO*0020050426
REF*ST*04103
REF*DP*043
DTM*999*20050425
RMR*IK*410320050426*PI*367.95*367.95*0
REF*PO*0020050427
REF*ST*04103
REF*DP*043
DTM*999*20050426
RMR*IK*410320050427*PI*813.95*813.95*0
REF*PO*0020050428
REF*ST*04103
REF*DP*043
DTM*999*20050427
RMR*IK*421320050416*PI*434.45*434.45*0
REF*PO*0020050417
REF*ST*04213
REF*DP*043
DTM*999*20050416
RMR*IK*421320050417*PI*246.74*246.74*0
REF*PO*0020050418
REF*ST*04213
REF*DP*043
DTM*999*20050417
RMR*IK*421320050418*PI*263.13*263.13*0
REF*PO*0020050419
REF*ST*04213
REF*DP*043
DTM*999*20050418
RMR*IK*421320050419*PI*142.74*142.74*0
REF*PO*0020050420
REF*ST*04213
REF*DP*043
DTM*999*20050419
RMR*IK*421320050420*PI*118.45*118.45*0
REF*PO*0020050421
REF*ST*04213
REF*DP*043
DTM*999*20050420
RMR*IK*421320050421*PI*371.37*371.37*0
REF*PO*0020050422
REF*ST*04213
REF*DP*043
DTM*999*20050421
RMR*IK*421320050422*PI*307.02*307.02*0
REF*PO*0020050423
REF*ST*04213
REF*DP*043
DTM*999*20050422
RMR*IK*421320050423*PI*321.86*321.86*0
REF*PO*0020050424
REF*ST*04213
REF*DP*043
DTM*999*20050423
RMR*IK*421320050424*PI*232.35*232.35*0
REF*PO*0020050425
REF*ST*04213
REF*DP*043
DTM*999*20050424
RMR*IK*421320050425*PI*212.32*212.32*0
REF*PO*0020050426
REF*ST*04213
REF*DP*043
DTM*999*20050425
RMR*IK*421320050426*PI*145.66*145.66*0
REF*PO*0020050427
REF*ST*04213
REF*DP*043
DTM*999*20050426
RMR*IK*421320050427*PI*189.02*189.02*0
REF*PO*0020050428
REF*ST*04213
REF*DP*043
DTM*999*20050427
RMR*IK*424120050416*PI*104.98*104.98*0
REF*PO*0020050417
REF*ST*04241
REF*DP*043
DTM*999*20050416
RMR*IK*424120050417*PI*964.19*964.19*0
REF*PO*0020050418
REF*ST*04241
REF*DP*043
DTM*999*20050417
RMR*IK*424120050418*PI*1057.03*1057.03*0
REF*PO*0020050419
REF*ST*04241
REF*DP*043
DTM*999*20050418
RMR*IK*424120050419*PI*864.98*864.98*0
REF*PO*0020050420
REF*ST*04241
REF*DP*043
DTM*999*20050419
RMR*IK*424120050420*PI*470.84*470.84*0
REF*PO*0020050421
REF*ST*04241
REF*DP*043
DTM*999*20050420
RMR*IK*424120050421*PI*238.1*238.1*0
REF*PO*0020050422
REF*ST*04241
REF*DP*043
DTM*999*20050421
RMR*IK*424120050422*PI*292.23*292.23*0
REF*PO*0020050423
REF*ST*04241
REF*DP*043
DTM*999*20050422
RMR*IK*424120050423*PI*162.94*162.94*0
REF*PO*0020050424
REF*ST*04241
REF*DP*043
DTM*999*20050423
RMR*IK*424120050424*PI*189.32*189.32*0
REF*PO*0020050425
REF*ST*04241
REF*DP*043
DTM*999*20050424
RMR*IK*424120050425*PI*1.03*1.03*0
REF*PO*0020050427
REF*ST*04241
REF*DP*043
DTM*999*20050425
RMR*IK*424120050425*PI*243.27*243.27*0
REF*PO*0020050426
REF*ST*04241
REF*DP*043
DTM*999*20050425
RMR*IK*424120050426*PI*89.26*89.26*0
REF*PO*0020050427
REF*ST*04241
REF*DP*043
DTM*999*20050426
RMR*IK*424120050427*PI*169.29*169.29*0
REF*PO*0020050428
REF*ST*04241
REF*DP*043
DTM*999*20050427
RMR*IK*424420050416*PI*3097.35*3097.35*0
REF*PO*0020050417
REF*ST*04244
REF*DP*043
DTM*999*20050416
RMR*IK*424420050417*PI*2085.52*2085.52*0
REF*PO*0020050418
REF*ST*04244
REF*DP*043
DTM*999*20050417
RMR*IK*424420050418*PI*1005.27*1005.27*0
REF*PO*0020050419
REF*ST*04244
REF*DP*043
DTM*999*20050418
RMR*IK*424420050419*PI*762.14*762.14*0
REF*PO*0020050420
REF*ST*04244
REF*DP*043
DTM*999*20050419
RMR*IK*424420050420*PI*340.6*340.6*0
REF*PO*0020050421
REF*ST*04244
REF*DP*043
DTM*999*20050420
RMR*IK*424420050421*PI*1009.01*1009.01*0
REF*PO*0020050422
REF*ST*04244
REF*DP*043
DTM*999*20050421
RMR*IK*424420050422*PI*1423.33*1423.33*0
REF*PO*0020050423
REF*ST*04244
REF*DP*043
DTM*999*20050422
RMR*IK*424420050423*PI*494.75*494.75*0
REF*PO*0020050424
REF*ST*04244
REF*DP*043
DTM*999*20050423
RMR*IK*424420050424*PI*238.91*238.91*0
REF*PO*0020050425
REF*ST*04244
REF*DP*043
DTM*999*20050424
RMR*IK*424420050425*PI*852.51*852.51*0
REF*PO*0020050426
REF*ST*04244
REF*DP*043
DTM*999*20050425
RMR*IK*424420050426*PI*670.65*670.65*0
REF*PO*0020050427
REF*ST*04244
REF*DP*043
DTM*999*20050426
RMR*IK*424420050427*PI*504.86*504.86*0
REF*PO*0020050428
REF*ST*04244
REF*DP*043
DTM*999*20050427
RMR*IK*430820050416*PI*577.45*577.45*0
REF*PO*0020050417
REF*ST*04308
REF*DP*043
DTM*999*20050416
RMR*IK*430820050417*PI*319.76*319.76*0
REF*PO*0020050418
REF*ST*04308
REF*DP*043
DTM*999*20050417
RMR*IK*430820050418*PI*190.46*190.46*0
REF*PO*0020050419
REF*ST*04308
REF*DP*043
DTM*999*20050418
RMR*IK*430820050419*PI*318.8*318.8*0
REF*PO*0020050420
REF*ST*04308
REF*DP*043
DTM*999*20050419
RMR*IK*430820050420*PI*396.61*396.61*0
REF*PO*0020050421
REF*ST*04308
REF*DP*043
DTM*999*20050420
RMR*IK*430820050421*PI*203.9*203.9*0
REF*PO*0020050422
REF*ST*04308
REF*DP*043
DTM*999*20050421
RMR*IK*430820050422*PI*215.73*215.73*0
REF*PO*0020050423
REF*ST*04308
REF*DP*043
DTM*999*20050422
RMR*IK*430820050423*PI*275.51*275.51*0
REF*PO*0020050424
REF*ST*04308
REF*DP*043
DTM*999*20050423
RMR*IK*430820050424*PI*131.66*131.66*0
REF*PO*0020050425
REF*ST*04308
REF*DP*043
DTM*999*20050424
RMR*IK*430820050425*PI*189.87*189.87*0
REF*PO*0020050426
REF*ST*04308
REF*DP*043
DTM*999*20050425
RMR*IK*430820050426*PI*90.42*90.42*0
REF*PO*0020050427
REF*ST*04308
REF*DP*043
DTM*999*20050426
RMR*IK*430820050427*PI*223.37*223.37*0
REF*PO*0020050428
REF*ST*04308
REF*DP*043
DTM*999*20050427
RMR*IK*431220050416*PI*806.82*806.82*0
REF*PO*0020050417
REF*ST*04312
REF*DP*043
DTM*999*20050416
RMR*IK*431220050417*PI*825.21*825.21*0
REF*PO*0020050418
REF*ST*04312
REF*DP*043
DTM*999*20050417
RMR*IK*431220050418*PI*422.07*422.07*0
REF*PO*0020050419
REF*ST*04312
REF*DP*043
DTM*999*20050418
RMR*IK*431220050419*PI*251.76*251.76*0
REF*PO*0020050420
REF*ST*04312
REF*DP*043
DTM*999*20050419
RMR*IK*431220050420*PI*585.31*585.31*0
REF*PO*0020050421
REF*ST*04312
REF*DP*043
DTM*999*20050420
RMR*IK*431220050421*PI*507.27*507.27*0
REF*PO*0020050422
REF*ST*04312
REF*DP*043
DTM*999*20050421
RMR*IK*431220050422*PI*596.07*596.07*0
REF*PO*0020050423
REF*ST*04312
REF*DP*043
DTM*999*20050422
RMR*IK*431220050423*PI*521.65*521.65*0
REF*PO*0020050424
REF*ST*04312
REF*DP*043
DTM*999*20050423
RMR*IK*431220050424*PI*312.24*312.24*0
REF*PO*0020050425
REF*ST*04312
REF*DP*043
DTM*999*20050424
RMR*IK*431220050425*PI*322.44*322.44*0
REF*PO*0020050426
REF*ST*04312
REF*DP*043
DTM*999*20050425
RMR*IK*431220050426*PI*205.8*205.8*0
REF*PO*0020050427
REF*ST*04312
REF*DP*043
DTM*999*20050426
RMR*IK*431220050427*PI*237.15*237.15*0
REF*PO*0020050428
REF*ST*04312
REF*DP*043
DTM*999*20050427
RMR*IK*447520050416*PI*1213.56*1213.56*0
REF*PO*0020050417
REF*ST*04475
REF*DP*043
DTM*999*20050416
RMR*IK*447520050417*PI*870.13*870.13*0
REF*PO*0020050418
REF*ST*04475
REF*DP*043
DTM*999*20050417
RMR*IK*447520050418*PI*698.1*698.1*0
REF*PO*0020050419
REF*ST*04475
REF*DP*043
DTM*999*20050418
RMR*IK*447520050419*PI*662.98*662.98*0
REF*PO*0020050420
REF*ST*04475
REF*DP*043
DTM*999*20050419
RMR*IK*447520050420*PI*1082.74*1082.74*0
REF*PO*0020050421
REF*ST*04475
REF*DP*043
DTM*999*20050420
RMR*IK*447520050421*PI*593.3*593.3*0
REF*PO*0020050422
REF*ST*04475
REF*DP*043
DTM*999*20050421
RMR*IK*447520050422*PI*419.58*419.58*0
REF*PO*0020050423
REF*ST*04475
REF*DP*043
DTM*999*20050422
RMR*IK*447520050423*PI*404.25*404.25*0
REF*PO*0020050424
REF*ST*04475
REF*DP*043
DTM*999*20050423
RMR*IK*447520050424*PI*251.66*251.66*0
REF*PO*0020050425
REF*ST*04475
REF*DP*043
DTM*999*20050424
RMR*IK*447520050425*PI*358.61*358.61*0
REF*PO*0020050426
REF*ST*04475
REF*DP*043
DTM*999*20050425
RMR*IK*447520050426*PI*113.8*113.8*0
REF*PO*0020050427
REF*ST*04475
REF*DP*043
DTM*999*20050426
RMR*IK*447520050427*PI*447.41*447.41*0
REF*PO*0020050428
REF*ST*04475
REF*DP*043
DTM*999*20050427
RMR*IK*471720050416*PI*1833.64*1833.64*0
REF*PO*0020050417
REF*ST*04717
REF*DP*043
DTM*999*20050416
RMR*IK*471720050417*PI*1103.55*1103.55*0
REF*PO*0020050418
REF*ST*04717
REF*DP*043
DTM*999*20050417
RMR*IK*471720050418*PI*918.08*918.08*0
REF*PO*0020050419
REF*ST*04717
REF*DP*043
DTM*999*20050418
RMR*IK*471720050419*PI*408.69*408.69*0
REF*PO*0020050420
REF*ST*04717
REF*DP*043
DTM*999*20050419
RMR*IK*471720050420*PI*697.56*697.56*0
REF*PO*0020050421
REF*ST*04717
REF*DP*043
DTM*999*20050420
RMR*IK*471720050421*PI*457.23*457.23*0
REF*PO*0020050422
REF*ST*04717
REF*DP*043
DTM*999*20050421
RMR*IK*471720050422*PI*424.72*424.72*0
REF*PO*0020050423
REF*ST*04717
REF*DP*043
DTM*999*20050422
RMR*IK*471720050423*PI*354.09*354.09*0
REF*PO*0020050424
REF*ST*04717
REF*DP*043
DTM*999*20050423
RMR*IK*471720050424*PI*304.12*304.12*0
REF*PO*0020050425
REF*ST*04717
REF*DP*043
DTM*999*20050424
RMR*IK*471720050425*PI*345.34*345.34*0
REF*PO*0020050426
REF*ST*04717
REF*DP*043
DTM*999*20050425
RMR*IK*471720050426*PI*333.19*333.19*0
REF*PO*0020050427
REF*ST*04717
REF*DP*043
DTM*999*20050426
RMR*IK*471720050427*PI*375.13*375.13*0
REF*PO*0020050428
REF*ST*04717
REF*DP*043
DTM*999*20050427
RMR*IK*471920050416*PI*2194.26*2194.26*0
REF*PO*0020050417
REF*ST*04719
REF*DP*043
DTM*999*20050416
RMR*IK*471920050417*PI*1294.56*1294.56*0
REF*PO*0020050418
REF*ST*04719
REF*DP*043
DTM*999*20050417
RMR*IK*471920050418*PI*917.48*917.48*0
REF*PO*0020050419
REF*ST*04719
REF*DP*043
DTM*999*20050418
RMR*IK*471920050419*PI*1133.92*1133.92*0
REF*PO*0020050420
REF*ST*04719
REF*DP*043
DTM*999*20050419
RMR*IK*471920050420*PI*866.53*866.53*0
REF*PO*0020050421
REF*ST*04719
REF*DP*043
DTM*999*20050420
RMR*IK*471920050421*PI*589.05*589.05*0
REF*PO*0020050422
REF*ST*04719
REF*DP*043
DTM*999*20050421
RMR*IK*471920050422*PI*507.26*507.26*0
REF*PO*0020050423
REF*ST*04719
REF*DP*043
DTM*999*20050422
RMR*IK*471920050423*PI*345.71*345.71*0
REF*PO*0020050424
REF*ST*04719
REF*DP*043
DTM*999*20050423
RMR*IK*471920050424*PI*298.31*298.31*0
REF*PO*0020050425
REF*ST*04719
REF*DP*043
DTM*999*20050424
RMR*IK*471920050425*PI*570.25*570.25*0
REF*PO*0020050426
REF*ST*04719
REF*DP*043
DTM*999*20050425
RMR*IK*471920050426*PI*138.58*138.58*0
REF*PO*0020050427
REF*ST*04719
REF*DP*043
DTM*999*20050426
RMR*IK*471920050427*PI*449.95*449.95*0
REF*PO*0020050428
REF*ST*04719
REF*DP*043
DTM*999*20050427
RMR*IK*473920050416*PI*720.22*720.22*0
REF*PO*0020050417
REF*ST*04739
REF*DP*043
DTM*999*20050416
RMR*IK*473920050417*PI*497.49*497.49*0
REF*PO*0020050418
REF*ST*04739
REF*DP*043
DTM*999*20050417
RMR*IK*473920050418*PI*529.53*529.53*0
REF*PO*0020050419
REF*ST*04739
REF*DP*043
DTM*999*20050418
RMR*IK*473920050419*PI*748.09*748.09*0
REF*PO*0020050420
REF*ST*04739
REF*DP*043
DTM*999*20050419
RMR*IK*473920050420*PI*467.08*467.08*0
REF*PO*0020050421
REF*ST*04739
REF*DP*043
DTM*999*20050420
RMR*IK*473920050421*PI*369.22*369.22*0
REF*PO*0020050422
REF*ST*04739
REF*DP*043
DTM*999*20050421
RMR*IK*473920050422*PI*262.21*262.21*0
REF*PO*0020050423
REF*ST*04739
REF*DP*043
DTM*999*20050422
RMR*IK*473920050423*PI*94.38*94.38*0
REF*PO*0020050424
REF*ST*04739
REF*DP*043
DTM*999*20050423
RMR*IK*473920050424*PI*142.63*142.63*0
REF*PO*0020050425
REF*ST*04739
REF*DP*043
DTM*999*20050424
RMR*IK*473920050425*PI*62.73*62.73*0
REF*PO*0020050426
REF*ST*04739
REF*DP*043
DTM*999*20050425
RMR*IK*473920050426*PI*138.74*138.74*0
REF*PO*0020050427
REF*ST*04739
REF*DP*043
DTM*999*20050426
RMR*IK*473920050427*PI*213.35*213.35*0
REF*PO*0020050428
REF*ST*04739
REF*DP*043
DTM*999*20050427
RMR*IK*475320050416*PI*581.05*581.05*0
REF*PO*0020050417
REF*ST*04753
REF*DP*043
DTM*999*20050416
RMR*IK*475320050417*PI*438.3*438.3*0
REF*PO*0020050418
REF*ST*04753
REF*DP*043
DTM*999*20050417
RMR*IK*475320050418*PI*235.94*235.94*0
REF*PO*0020050419
REF*ST*04753
REF*DP*043
DTM*999*20050418
RMR*IK*475320050419*PI*260.5*260.5*0
REF*PO*0020050420
REF*ST*04753
REF*DP*043
DTM*999*20050419
RMR*IK*475320050420*PI*273.59*273.59*0
REF*PO*0020050421
REF*ST*04753
REF*DP*043
DTM*999*20050420
RMR*IK*475320050421*PI*220.53*220.53*0
REF*PO*0020050422
REF*ST*04753
REF*DP*043
DTM*999*20050421
RMR*IK*475320050422*PI*149.22*149.22*0
REF*PO*0020050423
REF*ST*04753
REF*DP*043
DTM*999*20050422
RMR*IK*475320050423*PI*54.55*54.55*0
REF*PO*0020050424
REF*ST*04753
REF*DP*043
DTM*999*20050423
RMR*IK*475320050424*PI*76.02*76.02*0
REF*PO*0020050425
REF*ST*04753
REF*DP*043
DTM*999*20050424
RMR*IK*475320050425*PI*79.22*79.22*0
REF*PO*0020050426
REF*ST*04753
REF*DP*043
DTM*999*20050425
RMR*IK*475320050426*PI*21.74*21.74*0
REF*PO*0020050427
REF*ST*04753
REF*DP*043
DTM*999*20050426
RMR*IK*475320050427*PI*128.14*128.14*0
REF*PO*0020050428
REF*ST*04753
REF*DP*043
DTM*999*20050427
RMR*IK*476020050416*PI*409.86*409.86*0
REF*PO*0020050417
REF*ST*04760
REF*DP*043
DTM*999*20050416
RMR*IK*476020050417*PI*579.24*579.24*0
REF*PO*0020050418
REF*ST*04760
REF*DP*043
DTM*999*20050417
RMR*IK*476020050418*PI*178.6*178.6*0
REF*PO*0020050419
REF*ST*04760
REF*DP*043
DTM*999*20050418
RMR*IK*476020050419*PI*264.5*264.5*0
REF*PO*0020050420
REF*ST*04760
REF*DP*043
DTM*999*20050419
RMR*IK*476020050420*PI*199.55*199.55*0
REF*PO*0020050421
REF*ST*04760
REF*DP*043
DTM*999*20050420
RMR*IK*476020050421*PI*156.54*156.54*0
REF*PO*0020050422
REF*ST*04760
REF*DP*043
DTM*999*20050421
RMR*IK*476020050422*PI*176.12*176.12*0
REF*PO*0020050423
REF*ST*04760
REF*DP*043
DTM*999*20050422
RMR*IK*476020050423*PI*461.54*461.54*0
REF*PO*0020050424
REF*ST*04760
REF*DP*043
DTM*999*20050423
RMR*IK*476020050424*PI*274.07*274.07*0
REF*PO*0020050425
REF*ST*04760
REF*DP*043
DTM*999*20050424
RMR*IK*476020050425*PI*251.73*251.73*0
REF*PO*0020050426
REF*ST*04760
REF*DP*043
DTM*999*20050425
RMR*IK*476020050426*PI*122.62*122.62*0
REF*PO*0020050427
REF*ST*04760
REF*DP*043
DTM*999*20050426
RMR*IK*476020050427*PI*101.89*101.89*0
REF*PO*0020050428
REF*ST*04760
REF*DP*043
DTM*999*20050427
RMR*IK*476920050416*PI*1024.08*1024.08*0
REF*PO*0020050417
REF*ST*04769
REF*DP*043
DTM*999*20050416
RMR*IK*476920050417*PI*553.03*553.03*0
REF*PO*0020050418
REF*ST*04769
REF*DP*043
DTM*999*20050417
RMR*IK*476920050418*PI*438.83*438.83*0
REF*PO*0020050419
REF*ST*04769
REF*DP*043
DTM*999*20050418
RMR*IK*476920050419*PI*274.47*274.47*0
REF*PO*0020050420
REF*ST*04769
REF*DP*043
DTM*999*20050419
RMR*IK*476920050420*PI*341.63*341.63*0
REF*PO*0020050421
REF*ST*04769
REF*DP*043
DTM*999*20050420
RMR*IK*476920050421*PI*245.89*245.89*0
REF*PO*0020050422
REF*ST*04769
REF*DP*043
DTM*999*20050421
RMR*IK*476920050422*PI*262.29*262.29*0
REF*PO*0020050423
REF*ST*04769
REF*DP*043
DTM*999*20050422
RMR*IK*476920050423*PI*481.7*481.7*0
REF*PO*0020050424
REF*ST*04769
REF*DP*043
DTM*999*20050423
RMR*IK*476920050424*PI*351.97*351.97*0
REF*PO*0020050425
REF*ST*04769
REF*DP*043
DTM*999*20050424
RMR*IK*476920050425*PI*299.4*299.4*0
REF*PO*0020050426
REF*ST*04769
REF*DP*043
DTM*999*20050425
RMR*IK*476920050426*PI*157.34*157.34*0
REF*PO*0020050427
REF*ST*04769
REF*DP*043
DTM*999*20050426
RMR*IK*476920050427*PI*196.88*196.88*0
REF*PO*0020050428
REF*ST*04769
REF*DP*043
DTM*999*20050427
RMR*IK*481720050416*PI*538.96*538.96*0
REF*PO*0020050417
REF*ST*04817
REF*DP*043
DTM*999*20050416
RMR*IK*481720050417*PI*237.21*237.21*0
REF*PO*0020050418
REF*ST*04817
REF*DP*043
DTM*999*20050417
RMR*IK*481720050418*PI*301.36*301.36*0
REF*PO*0020050419
REF*ST*04817
REF*DP*043
DTM*999*20050418
RMR*IK*481720050419*PI*139.43*139.43*0
REF*PO*0020050420
REF*ST*04817
REF*DP*043
DTM*999*20050419
RMR*IK*481720050420*PI*128.17*128.17*0
REF*PO*0020050421
REF*ST*04817
REF*DP*043
DTM*999*20050420
RMR*IK*481720050421*PI*116*116*0
REF*PO*0020050422
REF*ST*04817
REF*DP*043
DTM*999*20050421
RMR*IK*481720050422*PI*130.84*130.84*0
REF*PO*0020050423
REF*ST*04817
REF*DP*043
DTM*999*20050422
RMR*IK*481720050423*PI*349.73*349.73*0
REF*PO*0020050424
REF*ST*04817
REF*DP*043
DTM*999*20050423
RMR*IK*481720050424*PI*191.97*191.97*0
REF*PO*0020050425
REF*ST*04817
REF*DP*043
DTM*999*20050424
RMR*IK*481720050425*PI*292.67*292.67*0
REF*PO*0020050426
REF*ST*04817
REF*DP*043
DTM*999*20050425
RMR*IK*481720050426*PI*57.55*57.55*0
REF*PO*0020050427
REF*ST*04817
REF*DP*043
DTM*999*20050426
RMR*IK*481720050427*PI*210.38*210.38*0
REF*PO*0020050428
REF*ST*04817
REF*DP*043
DTM*999*20050427
RMR*IK*483520050416*PI*233.84*233.84*0
REF*PO*0020050417
REF*ST*04835
REF*DP*043
DTM*999*20050416
RMR*IK*483520050417*PI*223.47*223.47*0
REF*PO*0020050418
REF*ST*04835
REF*DP*043
DTM*999*20050417
RMR*IK*483520050418*PI*215.87*215.87*0
REF*PO*0020050419
REF*ST*04835
REF*DP*043
DTM*999*20050418
RMR*IK*483520050419*PI*182.18*182.18*0
REF*PO*0020050420
REF*ST*04835
REF*DP*043
DTM*999*20050419
RMR*IK*483520050420*PI*107.4*107.4*0
REF*PO*0020050421
REF*ST*04835
REF*DP*043
DTM*999*20050420
RMR*IK*483520050421*PI*20.6*20.6*0
REF*PO*0020050422
REF*ST*04835
REF*DP*043
DTM*999*20050421
RMR*IK*483520050422*PI*53.52*53.52*0
REF*PO*0020050423
REF*ST*04835
REF*DP*043
DTM*999*20050422
RMR*IK*483520050423*PI*59.37*59.37*0
REF*PO*0020050424
REF*ST*04835
REF*DP*043
DTM*999*20050423
RMR*IK*483520050424*PI*120.46*120.46*0
REF*PO*0020050425
REF*ST*04835
REF*DP*043
DTM*999*20050424
RMR*IK*483520050425*PI*81.76*81.76*0
REF*PO*0020050426
REF*ST*04835
REF*DP*043
DTM*999*20050425
RMR*IK*483520050426*PI*35.32*35.32*0
REF*PO*0020050427
REF*ST*04835
REF*DP*043
DTM*999*20050426
RMR*IK*483520050427*PI*156.07*156.07*0
REF*PO*0020050428
REF*ST*04835
REF*DP*043
DTM*999*20050427
RMR*IK*488320050416*PI*764.26*764.26*0
REF*PO*0020050417
REF*ST*04883
REF*DP*043
DTM*999*20050416
RMR*IK*488320050417*PI*339.04*339.04*0
REF*PO*0020050418
REF*ST*04883
REF*DP*043
DTM*999*20050417
RMR*IK*488320050418*PI*231.4*231.4*0
REF*PO*0020050419
REF*ST*04883
REF*DP*043
DTM*999*20050418
RMR*IK*488320050419*PI*215.58*215.58*0
REF*PO*0020050420
REF*ST*04883
REF*DP*043
DTM*999*20050419
RMR*IK*488320050420*PI*366.02*366.02*0
REF*PO*0020050421
REF*ST*04883
REF*DP*043
DTM*999*20050420
RMR*IK*488320050421*PI*208.43*208.43*0
REF*PO*0020050422
REF*ST*04883
REF*DP*043
DTM*999*20050421
RMR*IK*488320050422*PI*460.41*460.41*0
REF*PO*0020050423
REF*ST*04883
REF*DP*043
DTM*999*20050422
RMR*IK*488320050423*PI*342.59*342.59*0
REF*PO*0020050424
REF*ST*04883
REF*DP*043
DTM*999*20050423
RMR*IK*488320050424*PI*235.22*235.22*0
REF*PO*0020050425
REF*ST*04883
REF*DP*043
DTM*999*20050424
RMR*IK*488320050425*PI*328.58*328.58*0
REF*PO*0020050426
REF*ST*04883
REF*DP*043
DTM*999*20050425
RMR*IK*488320050426*PI*104.82*104.82*0
REF*PO*0020050427
REF*ST*04883
REF*DP*043
DTM*999*20050426
RMR*IK*488320050427*PI*230.16*230.16*0
REF*PO*0020050428
REF*ST*04883
REF*DP*043
DTM*999*20050427
RMR*IK*489820050416*PI*236.36*236.36*0
REF*PO*0020050417
REF*ST*04898
REF*DP*043
DTM*999*20050416
RMR*IK*489820050417*PI*373.23*373.23*0
REF*PO*0020050418
REF*ST*04898
REF*DP*043
DTM*999*20050417
RMR*IK*489820050418*PI*74.21*74.21*0
REF*PO*0020050419
REF*ST*04898
REF*DP*043
DTM*999*20050418
RMR*IK*489820050419*PI*262.45*262.45*0
REF*PO*0020050420
REF*ST*04898
REF*DP*043
DTM*999*20050419
RMR*IK*489820050420*PI*142.97*142.97*0
REF*PO*0020050421
REF*ST*04898
REF*DP*043
DTM*999*20050420
RMR*IK*489820050421*PI*92.26*92.26*0
REF*PO*0020050422
REF*ST*04898
REF*DP*043
DTM*999*20050421
RMR*IK*489820050422*PI*166.69*166.69*0
REF*PO*0020050423
REF*ST*04898
REF*DP*043
DTM*999*20050422
RMR*IK*489820050423*PI*64.95*64.95*0
REF*PO*0020050424
REF*ST*04898
REF*DP*043
DTM*999*20050423
RMR*IK*489820050424*PI*83.06*83.06*0
REF*PO*0020050425
REF*ST*04898
REF*DP*043
DTM*999*20050424
RMR*IK*489820050425*PI*125.13*125.13*0
REF*PO*0020050426
REF*ST*04898
REF*DP*043
DTM*999*20050425
RMR*IK*489820050426*PI*61.61*61.61*0
REF*PO*0020050427
REF*ST*04898
REF*DP*043
DTM*999*20050426
RMR*IK*489820050427*PI*150.5*150.5*0
REF*PO*0020050428
REF*ST*04898
REF*DP*043
DTM*999*20050427
RMR*IK*496820050416*PI*773.75*773.75*0
REF*PO*0020050417
REF*ST*04968
REF*DP*043
DTM*999*20050416
RMR*IK*496820050417*PI*513.59*513.59*0
REF*PO*0020050418
REF*ST*04968
REF*DP*043
DTM*999*20050417
RMR*IK*496820050418*PI*535.8*535.8*0
REF*PO*0020050419
REF*ST*04968
REF*DP*043
DTM*999*20050418
RMR*IK*496820050419*PI*383.87*383.87*0
REF*PO*0020050420
REF*ST*04968
REF*DP*043
DTM*999*20050419
RMR*IK*496820050420*PI*407.41*407.41*0
REF*PO*0020050421
REF*ST*04968
REF*DP*043
DTM*999*20050420
RMR*IK*496820050421*PI*337.22*337.22*0
REF*PO*0020050422
REF*ST*04968
REF*DP*043
DTM*999*20050421
RMR*IK*496820050422*PI*423.5*423.5*0
REF*PO*0020050423
REF*ST*04968
REF*DP*043
DTM*999*20050422
RMR*IK*496820050423*PI*351.94*351.94*0
REF*PO*0020050424
REF*ST*04968
REF*DP*043
DTM*999*20050423
RMR*IK*496820050424*PI*485.68*485.68*0
REF*PO*0020050425
REF*ST*04968
REF*DP*043
DTM*999*20050424
RMR*IK*496820050425*PI*387.06*387.06*0
REF*PO*0020050426
REF*ST*04968
REF*DP*043
DTM*999*20050425
RMR*IK*496820050426*PI*232.24*232.24*0
REF*PO*0020050427
REF*ST*04968
REF*DP*043
DTM*999*20050426
RMR*IK*496820050427*PI*401.43*401.43*0
REF*PO*0020050428
REF*ST*04968
REF*DP*043
DTM*999*20050427
RMR*IK*496920050416*PI*586.93*586.93*0
REF*PO*0020050417
REF*ST*04969
REF*DP*043
DTM*999*20050416
RMR*IK*496920050417*PI*421.69*421.69*0
REF*PO*0020050418
REF*ST*04969
REF*DP*043
DTM*999*20050417
RMR*IK*496920050418*PI*471.88*471.88*0
REF*PO*0020050419
REF*ST*04969
REF*DP*043
DTM*999*20050418
RMR*IK*496920050419*PI*349.22*349.22*0
REF*PO*0020050420
REF*ST*04969
REF*DP*043
DTM*999*20050419
RMR*IK*496920050420*PI*180.2*180.2*0
REF*PO*0020050421
REF*ST*04969
REF*DP*043
DTM*999*20050420
RMR*IK*496920050421*PI*145.97*145.97*0
REF*PO*0020050422
REF*ST*04969
REF*DP*043
DTM*999*20050421
RMR*IK*496920050422*PI*164.33*164.33*0
REF*PO*0020050423
REF*ST*04969
REF*DP*043
DTM*999*20050422
RMR*IK*496920050423*PI*242.3*242.3*0
REF*PO*0020050424
REF*ST*04969
REF*DP*043
DTM*999*20050423
RMR*IK*496920050424*PI*139.88*139.88*0
REF*PO*0020050425
REF*ST*04969
REF*DP*043
DTM*999*20050424
RMR*IK*496920050425*PI*285.43*285.43*0
REF*PO*0020050426
REF*ST*04969
REF*DP*043
DTM*999*20050425
RMR*IK*496920050426*PI*238.94*238.94*0
REF*PO*0020050427
REF*ST*04969
REF*DP*043
DTM*999*20050426
RMR*IK*496920050427*PI*220.46*220.46*0
REF*PO*0020050428
REF*ST*04969
REF*DP*043
DTM*999*20050427
RMR*IK*497020050416*PI*557.91*557.91*0
REF*PO*0020050417
REF*ST*04970
REF*DP*043
DTM*999*20050416
RMR*IK*497020050417*PI*432.73*432.73*0
REF*PO*0020050418
REF*ST*04970
REF*DP*043
DTM*999*20050417
RMR*IK*497020050418*PI*325.44*325.44*0
REF*PO*0020050419
REF*ST*04970
REF*DP*043
DTM*999*20050418
RMR*IK*497020050419*PI*574.42*574.42*0
REF*PO*0020050420
REF*ST*04970
REF*DP*043
DTM*999*20050419
RMR*IK*497020050420*PI*501.98*501.98*0
REF*PO*0020050421
REF*ST*04970
REF*DP*043
DTM*999*20050420
RMR*IK*497020050421*PI*328.46*328.46*0
REF*PO*0020050422
REF*ST*04970
REF*DP*043
DTM*999*20050421
RMR*IK*497020050422*PI*254.08*254.08*0
REF*PO*0020050423
REF*ST*04970
REF*DP*043
DTM*999*20050422
RMR*IK*497020050423*PI*410.55*410.55*0
REF*PO*0020050424
REF*ST*04970
REF*DP*043
DTM*999*20050423
RMR*IK*497020050424*PI*456.57*456.57*0
REF*PO*0020050425
REF*ST*04970
REF*DP*043
DTM*999*20050424
RMR*IK*497020050425*PI*392.49*392.49*0
REF*PO*0020050426
REF*ST*04970
REF*DP*043
DTM*999*20050425
RMR*IK*497020050426*PI*396.83*396.83*0
REF*PO*0020050427
REF*ST*04970
REF*DP*043
DTM*999*20050426
RMR*IK*497020050427*PI*352.27*352.27*0
REF*PO*0020050428
REF*ST*04970
REF*DP*043
DTM*999*20050427
RMR*IK*704520050416*PI*209.69*209.69*0
REF*PO*0020050417
REF*ST*07045
REF*DP*043
DTM*999*20050416
RMR*IK*704520050417*PI*168.14*168.14*0
REF*PO*0020050418
REF*ST*07045
REF*DP*043
DTM*999*20050417
RMR*IK*704520050418*PI*151.19*151.19*0
REF*PO*0020050419
REF*ST*07045
REF*DP*043
DTM*999*20050418
RMR*IK*704520050419*PI*362.15*362.15*0
REF*PO*0020050420
REF*ST*07045
REF*DP*043
DTM*999*20050419
RMR*IK*704520050420*PI*297.84*297.84*0
REF*PO*0020050421
REF*ST*07045
REF*DP*043
DTM*999*20050420
RMR*IK*704520050421*PI*276.7*276.7*0
REF*PO*0020050422
REF*ST*07045
REF*DP*043
DTM*999*20050421
RMR*IK*704520050422*PI*302.27*302.27*0
REF*PO*0020050423
REF*ST*07045
REF*DP*043
DTM*999*20050422
RMR*IK*704520050423*PI*87.96*87.96*0
REF*PO*0020050424
REF*ST*07045
REF*DP*043
DTM*999*20050423
RMR*IK*704520050424*PI*35.43*35.43*0
REF*PO*0020050425
REF*ST*07045
REF*DP*043
DTM*999*20050424
RMR*IK*704520050425*PI*114.42*114.42*0
REF*PO*0020050426
REF*ST*07045
REF*DP*043
DTM*999*20050425
RMR*IK*704520050426*PI*96.09*96.09*0
REF*PO*0020050427
REF*ST*07045
REF*DP*043
DTM*999*20050426
RMR*IK*704520050427*PI*15.81*15.81*0
REF*PO*0020050428
REF*ST*07045
REF*DP*043
DTM*999*20050427
RMR*IK*705920050416*PI*282.79*282.79*0
REF*PO*0020050417
REF*ST*07059
REF*DP*043
DTM*999*20050416
RMR*IK*705920050417*PI*255.9*255.9*0
REF*PO*0020050418
REF*ST*07059
REF*DP*043
DTM*999*20050417
RMR*IK*705920050418*PI*127.92*127.92*0
REF*PO*0020050419
REF*ST*07059
REF*DP*043
DTM*999*20050418
RMR*IK*705920050419*PI*219.92*219.92*0
REF*PO*0020050420
REF*ST*07059
REF*DP*043
DTM*999*20050419
RMR*IK*705920050420*PI*261.58*261.58*0
REF*PO*0020050421
REF*ST*07059
REF*DP*043
DTM*999*20050420
RMR*IK*705920050421*PI*126.94*126.94*0
REF*PO*0020050422
REF*ST*07059
REF*DP*043
DTM*999*20050421
RMR*IK*705920050422*PI*107.5*107.5*0
REF*PO*0020050423
REF*ST*07059
REF*DP*043
DTM*999*20050422
RMR*IK*705920050423*PI*241.96*241.96*0
REF*PO*0020050424
REF*ST*07059
REF*DP*043
DTM*999*20050423
RMR*IK*705920050424*PI*112.84*112.84*0
REF*PO*0020050425
REF*ST*07059
REF*DP*043
DTM*999*20050424
RMR*IK*705920050425*PI*205.49*205.49*0
REF*PO*0020050426
REF*ST*07059
REF*DP*043
DTM*999*20050425
RMR*IK*705920050426*PI*29.68*29.68*0
REF*PO*0020050427
REF*ST*07059
REF*DP*043
DTM*999*20050426
RMR*IK*705920050427*PI*183.9*183.9*0
REF*PO*0020050428
REF*ST*07059
REF*DP*043
DTM*999*20050427
RMR*IK*706320050517*PI*-6.75*-6.75*0
REF*PO*0020050518
REF*ST*07063
REF*DP*043
DTM*999*20050517
RMR*IK*706420050416*PI*282.2*282.2*0
REF*PO*0020050417
REF*ST*07064
REF*DP*043
DTM*999*20050416
RMR*IK*706420050417*PI*181.66*181.66*0
REF*PO*0020050418
REF*ST*07064
REF*DP*043
DTM*999*20050417
RMR*IK*706420050418*PI*126.07*126.07*0
REF*PO*0020050419
REF*ST*07064
REF*DP*043
DTM*999*20050418
RMR*IK*706420050419*PI*83.58*83.58*0
REF*PO*0020050420
REF*ST*07064
REF*DP*043
DTM*999*20050419
RMR*IK*706420050420*PI*116.19*116.19*0
REF*PO*0020050421
REF*ST*07064
REF*DP*043
DTM*999*20050420
RMR*IK*706420050421*PI*74.93*74.93*0
REF*PO*0020050422
REF*ST*07064
REF*DP*043
DTM*999*20050421
RMR*IK*706420050422*PI*144.58*144.58*0
REF*PO*0020050423
REF*ST*07064
REF*DP*043
DTM*999*20050422
RMR*IK*706420050423*PI*56.85*56.85*0
REF*PO*0020050424
REF*ST*07064
REF*DP*043
DTM*999*20050423
RMR*IK*706420050424*PI*23.18*23.18*0
REF*PO*0020050425
REF*ST*07064
REF*DP*043
DTM*999*20050424
RMR*IK*706420050425*PI*51.99*51.99*0
REF*PO*0020050426
REF*ST*07064
REF*DP*043
DTM*999*20050425
RMR*IK*706420050426*PI*75.55*75.55*0
REF*PO*0020050427
REF*ST*07064
REF*DP*043
DTM*999*20050426
RMR*IK*706420050427*PI*155.95*155.95*0
REF*PO*0020050428
REF*ST*07064
REF*DP*043
DTM*999*20050427
RMR*IK*706620050416*PI*1294.97*1294.97*0
REF*PO*0020050417
REF*ST*07066
REF*DP*043
DTM*999*20050416
RMR*IK*706620050417*PI*857.08*857.08*0
REF*PO*0020050418
REF*ST*07066
REF*DP*043
DTM*999*20050417
RMR*IK*706620050418*PI*573.15*573.15*0
REF*PO*0020050419
REF*ST*07066
REF*DP*043
DTM*999*20050418
RMR*IK*706620050419*PI*362.64*362.64*0
REF*PO*0020050420
REF*ST*07066
REF*DP*043
DTM*999*20050419
RMR*IK*706620050420*PI*259.74*259.74*0
REF*PO*0020050421
REF*ST*07066
REF*DP*043
DTM*999*20050420
RMR*IK*706620050421*PI*258.51*258.51*0
REF*PO*0020050422
REF*ST*07066
REF*DP*043
DTM*999*20050421
RMR*IK*706620050422*PI*410.91*410.91*0
REF*PO*0020050423
REF*ST*07066
REF*DP*043
DTM*999*20050422
RMR*IK*706620050423*PI*526.6*526.6*0
REF*PO*0020050424
REF*ST*07066
REF*DP*043
DTM*999*20050423
RMR*IK*706620050424*PI*272.46*272.46*0
REF*PO*0020050425
REF*ST*07066
REF*DP*043
DTM*999*20050424
RMR*IK*706620050425*PI*401.19*401.19*0
REF*PO*0020050426
REF*ST*07066
REF*DP*043
DTM*999*20050425
RMR*IK*706620050426*PI*174.59*174.59*0
REF*PO*0020050427
REF*ST*07066
REF*DP*043
DTM*999*20050426
RMR*IK*706620050427*PI*199.8*199.8*0
REF*PO*0020050428
REF*ST*07066
REF*DP*043
DTM*999*20050427
RMR*IK*706920050416*PI*1204.12*1204.12*0
REF*PO*0020050417
REF*ST*07069
REF*DP*043
DTM*999*20050416
RMR*IK*706920050417*PI*712.36*712.36*0
REF*PO*0020050418
REF*ST*07069
REF*DP*043
DTM*999*20050417
RMR*IK*706920050418*PI*782.73*782.73*0
REF*PO*0020050419
REF*ST*07069
REF*DP*043
DTM*999*20050418
RMR*IK*706920050419*PI*897.56*897.56*0
REF*PO*0020050420
REF*ST*07069
REF*DP*043
DTM*999*20050419
RMR*IK*706920050420*PI*678.54*678.54*0
REF*PO*0020050421
REF*ST*07069
REF*DP*043
DTM*999*20050420
RMR*IK*706920050421*PI*454.99*454.99*0
REF*PO*0020050422
REF*ST*07069
REF*DP*043
DTM*999*20050421
RMR*IK*706920050422*PI*234.66*234.66*0
REF*PO*0020050423
REF*ST*07069
REF*DP*043
DTM*999*20050422
RMR*IK*706920050423*PI*177.1*177.1*0
REF*PO*0020050424
REF*ST*07069
REF*DP*043
DTM*999*20050423
RMR*IK*706920050424*PI*144.55*144.55*0
REF*PO*0020050425
REF*ST*07069
REF*DP*043
DTM*999*20050424
RMR*IK*706920050425*PI*271.48*271.48*0
REF*PO*0020050426
REF*ST*07069
REF*DP*043
DTM*999*20050425
RMR*IK*706920050426*PI*262.86*262.86*0
REF*PO*0020050427
REF*ST*07069
REF*DP*043
DTM*999*20050426
RMR*IK*706920050427*PI*233.6*233.6*0
REF*PO*0020050428
REF*ST*07069
REF*DP*043
DTM*999*20050427
RMR*IK*707620050416*PI*796.34*796.34*0
REF*PO*0020050417
REF*ST*07076
REF*DP*043
DTM*999*20050416
RMR*IK*707620050417*PI*1350.04*1350.04*0
REF*PO*0020050418
REF*ST*07076
REF*DP*043
DTM*999*20050417
RMR*IK*707620050418*PI*771.33*771.33*0
REF*PO*0020050419
REF*ST*07076
REF*DP*043
DTM*999*20050418
RMR*IK*707620050419*PI*992.59*992.59*0
REF*PO*0020050420
REF*ST*07076
REF*DP*043
DTM*999*20050419
RMR*IK*707620050420*PI*540.41*540.41*0
REF*PO*0020050421
REF*ST*07076
REF*DP*043
DTM*999*20050420
RMR*IK*707620050421*PI*546.23*546.23*0
REF*PO*0020050422
REF*ST*07076
REF*DP*043
DTM*999*20050421
RMR*IK*707620050422*PI*186.96*186.96*0
REF*PO*0020050423
REF*ST*07076
REF*DP*043
DTM*999*20050422
RMR*IK*707620050423*PI*83.9*83.9*0
REF*PO*0020050424
REF*ST*07076
REF*DP*043
DTM*999*20050423
RMR*IK*707620050424*PI*273.78*273.78*0
REF*PO*0020050425
REF*ST*07076
REF*DP*043
DTM*999*20050424
RMR*IK*707620050425*PI*433.68*433.68*0
REF*PO*0020050426
REF*ST*07076
REF*DP*043
DTM*999*20050425
RMR*IK*707620050426*PI*140.65*140.65*0
REF*PO*0020050427
REF*ST*07076
REF*DP*043
DTM*999*20050426
RMR*IK*707620050427*PI*407.4*407.4*0
REF*PO*0020050428
REF*ST*07076
REF*DP*043
DTM*999*20050427
RMR*IK*713220050416*PI*1573.15*1573.15*0
REF*PO*0020050417
REF*ST*07132
REF*DP*043
DTM*999*20050416
RMR*IK*713220050417*PI*973.71*973.71*0
REF*PO*0020050418
REF*ST*07132
REF*DP*043
DTM*999*20050417
RMR*IK*713220050418*PI*1545.71*1545.71*0
REF*PO*0020050419
REF*ST*07132
REF*DP*043
DTM*999*20050418
RMR*IK*713220050419*PI*810.47*810.47*0
REF*PO*0020050420
REF*ST*07132
REF*DP*043
DTM*999*20050419
RMR*IK*713220050420*PI*803.11*803.11*0
REF*PO*0020050421
REF*ST*07132
REF*DP*043
DTM*999*20050420
RMR*IK*713220050421*PI*650.07*650.07*0
REF*PO*0020050422
REF*ST*07132
REF*DP*043
DTM*999*20050421
RMR*IK*713220050422*PI*339.61*339.61*0
REF*PO*0020050423
REF*ST*07132
REF*DP*043
DTM*999*20050422
RMR*IK*713220050423*PI*211.64*211.64*0
REF*PO*0020050424
REF*ST*07132
REF*DP*043
DTM*999*20050423
RMR*IK*713220050424*PI*96.24*96.24*0
REF*PO*0020050425
REF*ST*07132
REF*DP*043
DTM*999*20050424
RMR*IK*713220050425*PI*251.89*251.89*0
REF*PO*0020050426
REF*ST*07132
REF*DP*043
DTM*999*20050425
RMR*IK*713220050426*PI*66.89*66.89*0
REF*PO*0020050427
REF*ST*07132
REF*DP*043
DTM*999*20050426
RMR*IK*713220050427*PI*323.4*323.4*0
REF*PO*0020050428
REF*ST*07132
REF*DP*043
DTM*999*20050427
RMR*IK*714620050416*PI*378.23*378.23*0
REF*PO*0020050417
REF*ST*07146
REF*DP*043
DTM*999*20050416
RMR*IK*714620050417*PI*266.53*266.53*0
REF*PO*0020050418
REF*ST*07146
REF*DP*043
DTM*999*20050417
RMR*IK*714620050418*PI*238.32*238.32*0
REF*PO*0020050419
REF*ST*07146
REF*DP*043
DTM*999*20050418
RMR*IK*714620050419*PI*248.59*248.59*0
REF*PO*0020050420
REF*ST*07146
REF*DP*043
DTM*999*20050419
RMR*IK*714620050420*PI*322.45*322.45*0
REF*PO*0020050421
REF*ST*07146
REF*DP*043
DTM*999*20050420
RMR*IK*714620050421*PI*200.28*200.28*0
REF*PO*0020050422
REF*ST*07146
REF*DP*043
DTM*999*20050421
RMR*IK*714620050422*PI*94.86*94.86*0
REF*PO*0020050423
REF*ST*07146
REF*DP*043
DTM*999*20050422
RMR*IK*714620050423*PI*57.04*57.04*0
REF*PO*0020050424
REF*ST*07146
REF*DP*043
DTM*999*20050423
RMR*IK*714620050424*PI*51.89*51.89*0
REF*PO*0020050425
REF*ST*07146
REF*DP*043
DTM*999*20050424
RMR*IK*714620050425*PI*2.25*2.25*0
REF*PO*0020050426
REF*ST*07146
REF*DP*043
DTM*999*20050425
RMR*IK*714620050426*PI*22.31*22.31*0
REF*PO*0020050427
REF*ST*07146
REF*DP*043
DTM*999*20050426
RMR*IK*714620050427*PI*105.27*105.27*0
REF*PO*0020050428
REF*ST*07146
REF*DP*043
DTM*999*20050427
RMR*IK*715420050416*PI*321.31*321.31*0
REF*PO*0020050417
REF*ST*07154
REF*DP*043
DTM*999*20050416
RMR*IK*715420050417*PI*550.69*550.69*0
REF*PO*0020050418
REF*ST*07154
REF*DP*043
DTM*999*20050417
RMR*IK*715420050418*PI*370.2*370.2*0
REF*PO*0020050419
REF*ST*07154
REF*DP*043
DTM*999*20050418
RMR*IK*715420050419*PI*397.21*397.21*0
REF*PO*0020050420
REF*ST*07154
REF*DP*043
DTM*999*20050419
RMR*IK*715420050420*PI*581.86*581.86*0
REF*PO*0020050421
REF*ST*07154
REF*DP*043
DTM*999*20050420
RMR*IK*715420050421*PI*301.05*301.05*0
REF*PO*0020050422
REF*ST*07154
REF*DP*043
DTM*999*20050421
RMR*IK*715420050422*PI*342.34*342.34*0
REF*PO*0020050423
REF*ST*07154
REF*DP*043
DTM*999*20050422
RMR*IK*715420050423*PI*252.23*252.23*0
REF*PO*0020050424
REF*ST*07154
REF*DP*043
DTM*999*20050423
RMR*IK*715420050424*PI*95.08*95.08*0
REF*PO*0020050425
REF*ST*07154
REF*DP*043
DTM*999*20050424
RMR*IK*715420050425*PI*292.07*292.07*0
REF*PO*0020050426
REF*ST*07154
REF*DP*043
DTM*999*20050425
RMR*IK*715420050426*PI*153.77*153.77*0
REF*PO*0020050427
REF*ST*07154
REF*DP*043
DTM*999*20050426
RMR*IK*715420050427*PI*463.59*463.59*0
REF*PO*0020050428
REF*ST*07154
REF*DP*043
DTM*999*20050427
RMR*IK*718420050416*PI*1701.96*1701.96*0
REF*PO*0020050417
REF*ST*07184
REF*DP*043
DTM*999*20050416
RMR*IK*718420050417*PI*1704.22*1704.22*0
REF*PO*0020050418
REF*ST*07184
REF*DP*043
DTM*999*20050417
RMR*IK*718420050418*PI*789*789*0
REF*PO*0020050419
REF*ST*07184
REF*DP*043
DTM*999*20050418
RMR*IK*718420050419*PI*1812.54*1812.54*0
REF*PO*0020050420
REF*ST*07184
REF*DP*043
DTM*999*20050419
RMR*IK*718420050420*PI*747.57*747.57*0
REF*PO*0020050421
REF*ST*07184
REF*DP*043
DTM*999*20050420
RMR*IK*718420050421*PI*763.99*763.99*0
REF*PO*0020050422
REF*ST*07184
REF*DP*043
DTM*999*20050421
RMR*IK*718420050422*PI*528.25*528.25*0
REF*PO*0020050423
REF*ST*07184
REF*DP*043
DTM*999*20050422
RMR*IK*718420050423*PI*674.92*674.92*0
REF*PO*0020050424
REF*ST*07184
REF*DP*043
DTM*999*20050423
RMR*IK*718420050424*PI*681.65*681.65*0
REF*PO*0020050425
REF*ST*07184
REF*DP*043
DTM*999*20050424
RMR*IK*718420050425*PI*581.86*581.86*0
REF*PO*0020050426
REF*ST*07184
REF*DP*043
DTM*999*20050425
RMR*IK*718420050426*PI*240.48*240.48*0
REF*PO*0020050427
REF*ST*07184
REF*DP*043
DTM*999*20050426
RMR*IK*718420050427*PI*705*705*0
REF*PO*0020050428
REF*ST*07184
REF*DP*043
DTM*999*20050427
RMR*IK*725520050416*PI*986.94*986.94*0
REF*PO*0020050417
REF*ST*07255
REF*DP*043
DTM*999*20050416
RMR*IK*725520050417*PI*768.46*768.46*0
REF*PO*0020050418
REF*ST*07255
REF*DP*043
DTM*999*20050417
RMR*IK*725520050418*PI*1011.89*1011.89*0
REF*PO*0020050419
REF*ST*07255
REF*DP*043
DTM*999*20050418
RMR*IK*725520050419*PI*987.68*987.68*0
REF*PO*0020050420
REF*ST*07255
REF*DP*043
DTM*999*20050419
RMR*IK*725520050420*PI*960.06*960.06*0
REF*PO*0020050421
REF*ST*07255
REF*DP*043
DTM*999*20050420
RMR*IK*725520050421*PI*678.82*678.82*0
REF*PO*0020050422
REF*ST*07255
REF*DP*043
DTM*999*20050421
RMR*IK*725520050422*PI*277.22*277.22*0
REF*PO*0020050423
REF*ST*07255
REF*DP*043
DTM*999*20050422
RMR*IK*725520050423*PI*193.3*193.3*0
REF*PO*0020050424
REF*ST*07255
REF*DP*043
DTM*999*20050423
RMR*IK*725520050424*PI*113.57*113.57*0
REF*PO*0020050425
REF*ST*07255
REF*DP*043
DTM*999*20050424
RMR*IK*725520050425*PI*387.11*387.11*0
REF*PO*0020050426
REF*ST*07255
REF*DP*043
DTM*999*20050425
RMR*IK*725520050426*PI*103.16*103.16*0
REF*PO*0020050427
REF*ST*07255
REF*DP*043
DTM*999*20050426
RMR*IK*725520050427*PI*299.69*299.69*0
REF*PO*0020050428
REF*ST*07255
REF*DP*043
DTM*999*20050427
RMR*IK*735820050416*PI*2147.46*2147.46*0
REF*PO*0020050417
REF*ST*07358
REF*DP*043
DTM*999*20050416
RMR*IK*735820050417*PI*1563.14*1563.14*0
REF*PO*0020050418
REF*ST*07358
REF*DP*043
DTM*999*20050417
RMR*IK*735820050418*PI*1316.43*1316.43*0
REF*PO*0020050419
REF*ST*07358
REF*DP*043
DTM*999*20050418
RMR*IK*735820050419*PI*1127.7*1127.7*0
REF*PO*0020050420
REF*ST*07358
REF*DP*043
DTM*999*20050419
RMR*IK*735820050420*PI*811.62*811.62*0
REF*PO*0020050421
REF*ST*07358
REF*DP*043
DTM*999*20050420
RMR*IK*735820050421*PI*1161.66*1161.66*0
REF*PO*0020050422
REF*ST*07358
REF*DP*043
DTM*999*20050421
RMR*IK*735820050422*PI*612.81*612.81*0
REF*PO*0020050423
REF*ST*07358
REF*DP*043
DTM*999*20050422
RMR*IK*735820050423*PI*321.82*321.82*0
REF*PO*0020050424
REF*ST*07358
REF*DP*043
DTM*999*20050423
RMR*IK*735820050424*PI*333.48*333.48*0
REF*PO*0020050425
REF*ST*07358
REF*DP*043
DTM*999*20050424
RMR*IK*735820050425*PI*450.27*450.27*0
REF*PO*0020050426
REF*ST*07358
REF*DP*043
DTM*999*20050425
RMR*IK*735820050426*PI*111.22*111.22*0
REF*PO*0020050427
REF*ST*07358
REF*DP*043
DTM*999*20050426
RMR*IK*735820050427*PI*421.09*421.09*0
REF*PO*0020050428
REF*ST*07358
REF*DP*043
DTM*999*20050427
RMR*IK*736220050416*PI*360.01*360.01*0
REF*PO*0020050417
REF*ST*07362
REF*DP*043
DTM*999*20050416
RMR*IK*736220050417*PI*249.73*249.73*0
REF*PO*0020050418
REF*ST*07362
REF*DP*043
DTM*999*20050417
RMR*IK*736220050418*PI*66.46*66.46*0
REF*PO*0020050419
REF*ST*07362
REF*DP*043
DTM*999*20050418
RMR*IK*736220050419*PI*146.52*146.52*0
REF*PO*0020050420
REF*ST*07362
REF*DP*043
DTM*999*20050419
RMR*IK*736220050420*PI*79.45*79.45*0
REF*PO*0020050421
REF*ST*07362
REF*DP*043
DTM*999*20050420
RMR*IK*736220050421*PI*114.99*114.99*0
REF*PO*0020050422
REF*ST*07362
REF*DP*043
DTM*999*20050421
RMR*IK*736220050422*PI*160.43*160.43*0
REF*PO*0020050423
REF*ST*07362
REF*DP*043
DTM*999*20050422
RMR*IK*736220050423*PI*89.19*89.19*0
REF*PO*0020050424
REF*ST*07362
REF*DP*043
DTM*999*20050423
RMR*IK*736220050424*PI*229.19*229.19*0
REF*PO*0020050425
REF*ST*07362
REF*DP*043
DTM*999*20050424
RMR*IK*736220050425*PI*310.7*310.7*0
REF*PO*0020050426
REF*ST*07362
REF*DP*043
DTM*999*20050425
RMR*IK*736220050426*PI*75.92*75.92*0
REF*PO*0020050427
REF*ST*07362
REF*DP*043
DTM*999*20050426
RMR*IK*736220050427*PI*223.42*223.42*0
REF*PO*0020050428
REF*ST*07362
REF*DP*043
DTM*999*20050427
RMR*IK*743720050416*PI*152.86*152.86*0
REF*PO*0020050417
REF*ST*07437
REF*DP*043
DTM*999*20050416
RMR*IK*743720050417*PI*106.21*106.21*0
REF*PO*0020050418
REF*ST*07437
REF*DP*043
DTM*999*20050417
RMR*IK*743720050418*PI*99.66*99.66*0
REF*PO*0020050419
REF*ST*07437
REF*DP*043
DTM*999*20050418
RMR*IK*743720050419*PI*266.13*266.13*0
REF*PO*0020050420
REF*ST*07437
REF*DP*043
DTM*999*20050419
RMR*IK*743720050420*PI*294.7*294.7*0
REF*PO*0020050421
REF*ST*07437
REF*DP*043
DTM*999*20050420
RMR*IK*743720050421*PI*216.86*216.86*0
REF*PO*0020050422
REF*ST*07437
REF*DP*043
DTM*999*20050421
RMR*IK*743720050422*PI*146.84*146.84*0
REF*PO*0020050423
REF*ST*07437
REF*DP*043
DTM*999*20050422
RMR*IK*743720050423*PI*119.78*119.78*0
REF*PO*0020050424
REF*ST*07437
REF*DP*043
DTM*999*20050423
RMR*IK*743720050424*PI*85.13*85.13*0
REF*PO*0020050425
REF*ST*07437
REF*DP*043
DTM*999*20050424
RMR*IK*743720050425*PI*96.05*96.05*0
REF*PO*0020050426
REF*ST*07437
REF*DP*043
DTM*999*20050425
RMR*IK*743720050426*PI*36.83*36.83*0
REF*PO*0020050427
REF*ST*07437
REF*DP*043
DTM*999*20050426
RMR*IK*743720050427*PI*187.94*187.94*0
REF*PO*0020050428
REF*ST*07437
REF*DP*043
DTM*999*20050427
RMR*IK*746020050416*PI*785.78*785.78*0
REF*PO*0020050417
REF*ST*07460
REF*DP*043
DTM*999*20050416
RMR*IK*746020050417*PI*338.55*338.55*0
REF*PO*0020050418
REF*ST*07460
REF*DP*043
DTM*999*20050417
RMR*IK*746020050418*PI*213.99*213.99*0
REF*PO*0020050419
REF*ST*07460
REF*DP*043
DTM*999*20050418
RMR*IK*746020050419*PI*640.29*640.29*0
REF*PO*0020050420
REF*ST*07460
REF*DP*043
DTM*999*20050419
RMR*IK*746020050420*PI*256.08*256.08*0
REF*PO*0020050421
REF*ST*07460
REF*DP*043
DTM*999*20050420
RMR*IK*746020050421*PI*316.56*316.56*0
REF*PO*0020050422
REF*ST*07460
REF*DP*043
DTM*999*20050421
RMR*IK*746020050422*PI*183.91*183.91*0
REF*PO*0020050423
REF*ST*07460
REF*DP*043
DTM*999*20050422
RMR*IK*746020050423*PI*44.69*44.69*0
REF*PO*0020050424
REF*ST*07460
REF*DP*043
DTM*999*20050423
RMR*IK*746020050424*PI*41.83*41.83*0
REF*PO*0020050425
REF*ST*07460
REF*DP*043
DTM*999*20050424
RMR*IK*746020050425*PI*206.78*206.78*0
REF*PO*0020050426
REF*ST*07460
REF*DP*043
DTM*999*20050425
RMR*IK*746020050426*PI*170.44*170.44*0
REF*PO*0020050427
REF*ST*07460
REF*DP*043
DTM*999*20050426
RMR*IK*746020050427*PI*131.73*131.73*0
REF*PO*0020050428
REF*ST*07460
REF*DP*043
DTM*999*20050427
RMR*IK*746120050416*PI*961.05*961.05*0
REF*PO*0020050417
REF*ST*07461
REF*DP*043
DTM*999*20050416
RMR*IK*746120050417*PI*683.47*683.47*0
REF*PO*0020050418
REF*ST*07461
REF*DP*043
DTM*999*20050417
RMR*IK*746120050418*PI*438.43*438.43*0
REF*PO*0020050419
REF*ST*07461
REF*DP*043
DTM*999*20050418
RMR*IK*746120050419*PI*248.77*248.77*0
REF*PO*0020050420
REF*ST*07461
REF*DP*043
DTM*999*20050419
RMR*IK*746120050420*PI*636.95*636.95*0
REF*PO*0020050421
REF*ST*07461
REF*DP*043
DTM*999*20050420
RMR*IK*746120050421*PI*385.74*385.74*0
REF*PO*0020050422
REF*ST*07461
REF*DP*043
DTM*999*20050421
RMR*IK*746120050422*PI*275.06*275.06*0
REF*PO*0020050423
REF*ST*07461
REF*DP*043
DTM*999*20050422
RMR*IK*746120050423*PI*147.24*147.24*0
REF*PO*0020050424
REF*ST*07461
REF*DP*043
DTM*999*20050423
RMR*IK*746120050424*PI*202.64*202.64*0
REF*PO*0020050425
REF*ST*07461
REF*DP*043
DTM*999*20050424
RMR*IK*746120050425*PI*208.92*208.92*0
REF*PO*0020050426
REF*ST*07461
REF*DP*043
DTM*999*20050425
RMR*IK*746120050426*PI*117.91*117.91*0
REF*PO*0020050427
REF*ST*07461
REF*DP*043
DTM*999*20050426
RMR*IK*746120050427*PI*352.6*352.6*0
REF*PO*0020050428
REF*ST*07461
REF*DP*043
DTM*999*20050427
RMR*IK*760720050416*PI*1466.77*1466.77*0
REF*PO*0020050417
REF*ST*07607
REF*DP*043
DTM*999*20050416
RMR*IK*760720050417*PI*1103.02*1103.02*0
REF*PO*0020050418
REF*ST*07607
REF*DP*043
DTM*999*20050417
RMR*IK*760720050418*PI*1005.36*1005.36*0
REF*PO*0020050419
REF*ST*07607
REF*DP*043
DTM*999*20050418
RMR*IK*760720050419*PI*879.83*879.83*0
REF*PO*0020050420
REF*ST*07607
REF*DP*043
DTM*999*20050419
RMR*IK*760720050420*PI*901.79*901.79*0
REF*PO*0020050421
REF*ST*07607
REF*DP*043
DTM*999*20050420
RMR*IK*760720050421*PI*1135.17*1135.17*0
REF*PO*0020050422
REF*ST*07607
REF*DP*043
DTM*999*20050421
RMR*IK*760720050422*PI*740.53*740.53*0
REF*PO*0020050423
REF*ST*07607
REF*DP*043
DTM*999*20050422
RMR*IK*760720050423*PI*144.31*144.31*0
REF*PO*0020050424
REF*ST*07607
REF*DP*043
DTM*999*20050423
RMR*IK*760720050424*PI*88.46*88.46*0
REF*PO*0020050425
REF*ST*07607
REF*DP*043
DTM*999*20050424
RMR*IK*760720050425*PI*301.6*301.6*0
REF*PO*0020050426
REF*ST*07607
REF*DP*043
DTM*999*20050425
RMR*IK*760720050426*PI*211.39*211.39*0
REF*PO*0020050427
REF*ST*07607
REF*DP*043
DTM*999*20050426
RMR*IK*760720050427*PI*223.46*223.46*0
REF*PO*0020050428
REF*ST*07607
REF*DP*043
DTM*999*20050427
RMR*IK*761020050416*PI*653.32*653.32*0
REF*PO*0020050417
REF*ST*07610
REF*DP*043
DTM*999*20050416
RMR*IK*761020050417*PI*653.25*653.25*0
REF*PO*0020050418
REF*ST*07610
REF*DP*043
DTM*999*20050417
RMR*IK*761020050418*PI*359.04*359.04*0
REF*PO*0020050419
REF*ST*07610
REF*DP*043
DTM*999*20050418
RMR*IK*761020050419*PI*272.93*272.93*0
REF*PO*0020050420
REF*ST*07610
REF*DP*043
DTM*999*20050419
RMR*IK*761020050420*PI*298.61*298.61*0
REF*PO*0020050421
REF*ST*07610
REF*DP*043
DTM*999*20050420
RMR*IK*761020050421*PI*240.82*240.82*0
REF*PO*0020050422
REF*ST*07610
REF*DP*043
DTM*999*20050421
RMR*IK*761020050422*PI*117.12*117.12*0
REF*PO*0020050423
REF*ST*07610
REF*DP*043
DTM*999*20050422
RMR*IK*761020050423*PI*159.18*159.18*0
REF*PO*0020050424
REF*ST*07610
REF*DP*043
DTM*999*20050423
RMR*IK*761020050424*PI*118.63*118.63*0
REF*PO*0020050425
REF*ST*07610
REF*DP*043
DTM*999*20050424
RMR*IK*761020050425*PI*265.35*265.35*0
REF*PO*0020050426
REF*ST*07610
REF*DP*043
DTM*999*20050425
RMR*IK*761020050426*PI*103.32*103.32*0
REF*PO*0020050427
REF*ST*07610
REF*DP*043
DTM*999*20050426
RMR*IK*761020050427*PI*141.27*141.27*0
REF*PO*0020050428
REF*ST*07610
REF*DP*043
DTM*999*20050427
RMR*IK*762920050416*PI*576.13*576.13*0
REF*PO*0020050417
REF*ST*07629
REF*DP*043
DTM*999*20050416
RMR*IK*762920050417*PI*353.57*353.57*0
REF*PO*0020050418
REF*ST*07629
REF*DP*043
DTM*999*20050417
RMR*IK*762920050418*PI*298.4*298.4*0
REF*PO*0020050419
REF*ST*07629
REF*DP*043
DTM*999*20050418
RMR*IK*762920050419*PI*404.24*404.24*0
REF*PO*0020050420
REF*ST*07629
REF*DP*043
DTM*999*20050419
RMR*IK*762920050420*PI*472.04*472.04*0
REF*PO*0020050421
REF*ST*07629
REF*DP*043
DTM*999*20050420
RMR*IK*762920050421*PI*363.23*363.23*0
REF*PO*0020050422
REF*ST*07629
REF*DP*043
DTM*999*20050421
RMR*IK*762920050422*PI*215.45*215.45*0
REF*PO*0020050423
REF*ST*07629
REF*DP*043
DTM*999*20050422
RMR*IK*762920050423*PI*233.09*233.09*0
REF*PO*0020050424
REF*ST*07629
REF*DP*043
DTM*999*20050423
RMR*IK*762920050424*PI*197.55*197.55*0
REF*PO*0020050425
REF*ST*07629
REF*DP*043
DTM*999*20050424
RMR*IK*762920050425*PI*326.5*326.5*0
REF*PO*0020050426
REF*ST*07629
REF*DP*043
DTM*999*20050425
RMR*IK*762920050426*PI*98.25*98.25*0
REF*PO*0020050427
REF*ST*07629
REF*DP*043
DTM*999*20050426
RMR*IK*762920050427*PI*161.5*161.5*0
REF*PO*0020050428
REF*ST*07629
REF*DP*043
DTM*999*20050427
RMR*IK*763720050416*PI*176.11*176.11*0
REF*PO*0020050417
REF*ST*07637
REF*DP*043
DTM*999*20050416
RMR*IK*763720050417*PI*182.81*182.81*0
REF*PO*0020050418
REF*ST*07637
REF*DP*043
DTM*999*20050417
RMR*IK*763720050418*PI*134.55*134.55*0
REF*PO*0020050419
REF*ST*07637
REF*DP*043
DTM*999*20050418
RMR*IK*763720050419*PI*94.78*94.78*0
REF*PO*0020050420
REF*ST*07637
REF*DP*043
DTM*999*20050419
RMR*IK*763720050420*PI*112.14*112.14*0
REF*PO*0020050421
REF*ST*07637
REF*DP*043
DTM*999*20050420
RMR*IK*763720050421*PI*64.59*64.59*0
REF*PO*0020050422
REF*ST*07637
REF*DP*043
DTM*999*20050421
RMR*IK*763720050422*PI*232.79*232.79*0
REF*PO*0020050423
REF*ST*07637
REF*DP*043
DTM*999*20050422
RMR*IK*763720050423*PI*280.74*280.74*0
REF*PO*0020050424
REF*ST*07637
REF*DP*043
DTM*999*20050423
RMR*IK*763720050424*PI*180.61*180.61*0
REF*PO*0020050425
REF*ST*07637
REF*DP*043
DTM*999*20050424
RMR*IK*763720050425*PI*224.65*224.65*0
REF*PO*0020050426
REF*ST*07637
REF*DP*043
DTM*999*20050425
RMR*IK*763720050426*PI*49.72*49.72*0
REF*PO*0020050427
REF*ST*07637
REF*DP*043
DTM*999*20050426
RMR*IK*763720050427*PI*158.71*158.71*0
REF*PO*0020050428
REF*ST*07637
REF*DP*043
DTM*999*20050427
RMR*IK*771820050416*PI*2685.52*2685.52*0
REF*PO*0020050417
REF*ST*07718
REF*DP*043
DTM*999*20050416
RMR*IK*771820050417*PI*1816.69*1816.69*0
REF*PO*0020050418
REF*ST*07718
REF*DP*043
DTM*999*20050417
RMR*IK*771820050418*PI*1236.3*1236.3*0
REF*PO*0020050419
REF*ST*07718
REF*DP*043
DTM*999*20050418
RMR*IK*771820050419*PI*1653.44*1653.44*0
REF*PO*0020050420
REF*ST*07718
REF*DP*043
DTM*999*20050419
RMR*IK*771820050420*PI*1440.25*1440.25*0
REF*PO*0020050421
REF*ST*07718
REF*DP*043
DTM*999*20050420
RMR*IK*771820050421*PI*795.83*795.83*0
REF*PO*0020050422
REF*ST*07718
REF*DP*043
DTM*999*20050421
RMR*IK*771820050422*PI*1008.22*1008.22*0
REF*PO*0020050423
REF*ST*07718
REF*DP*043
DTM*999*20050422
RMR*IK*771820050423*PI*722.93*722.93*0
REF*PO*0020050424
REF*ST*07718
REF*DP*043
DTM*999*20050423
RMR*IK*771820050424*PI*393.94*393.94*0
REF*PO*0020050425
REF*ST*07718
REF*DP*043
DTM*999*20050424
RMR*IK*771820050425*PI*606.22*606.22*0
REF*PO*0020050426
REF*ST*07718
REF*DP*043
DTM*999*20050425
RMR*IK*771820050426*PI*158.37*158.37*0
REF*PO*0020050427
REF*ST*07718
REF*DP*043
DTM*999*20050426
RMR*IK*771820050427*PI*503*503*0
REF*PO*0020050428
REF*ST*07718
REF*DP*043
DTM*999*20050427
RMR*IK*771920050416*PI*336.14*336.14*0
REF*PO*0020050417
REF*ST*07719
REF*DP*043
DTM*999*20050416
RMR*IK*771920050417*PI*252.36*252.36*0
REF*PO*0020050418
REF*ST*07719
REF*DP*043
DTM*999*20050417
RMR*IK*771920050418*PI*202.6*202.6*0
REF*PO*0020050419
REF*ST*07719
REF*DP*043
DTM*999*20050418
RMR*IK*771920050419*PI*134.59*134.59*0
REF*PO*0020050420
REF*ST*07719
REF*DP*043
DTM*999*20050419
RMR*IK*771920050420*PI*249.87*249.87*0
REF*PO*0020050421
REF*ST*07719
REF*DP*043
DTM*999*20050420
RMR*IK*771920050421*PI*329.97*329.97*0
REF*PO*0020050422
REF*ST*07719
REF*DP*043
DTM*999*20050421
RMR*IK*771920050422*PI*254.54*254.54*0
REF*PO*0020050423
REF*ST*07719
REF*DP*043
DTM*999*20050422
RMR*IK*771920050423*PI*345.37*345.37*0
REF*PO*0020050424
REF*ST*07719
REF*DP*043
DTM*999*20050423
RMR*IK*771920050424*PI*199.27*199.27*0
REF*PO*0020050425
REF*ST*07719
REF*DP*043
DTM*999*20050424
RMR*IK*771920050425*PI*127.96*127.96*0
REF*PO*0020050426
REF*ST*07719
REF*DP*043
DTM*999*20050425
RMR*IK*771920050426*PI*136.7*136.7*0
REF*PO*0020050427
REF*ST*07719
REF*DP*043
DTM*999*20050426
RMR*IK*771920050427*PI*216.91*216.91*0
REF*PO*0020050428
REF*ST*07719
REF*DP*043
DTM*999*20050427
RMR*IK*956020050416*PI*379.82*379.82*0
REF*PO*0020050417
REF*ST*09560
REF*DP*043
DTM*999*20050416
RMR*IK*956020050417*PI*185.32*185.32*0
REF*PO*0020050418
REF*ST*09560
REF*DP*043
DTM*999*20050417
RMR*IK*956020050418*PI*106.16*106.16*0
REF*PO*0020050419
REF*ST*09560
REF*DP*043
DTM*999*20050418
RMR*IK*956020050419*PI*190.68*190.68*0
REF*PO*0020050420
REF*ST*09560
REF*DP*043
DTM*999*20050419
RMR*IK*956020050420*PI*235.16*235.16*0
REF*PO*0020050421
REF*ST*09560
REF*DP*043
DTM*999*20050420
RMR*IK*956020050421*PI*80.19*80.19*0
REF*PO*0020050422
REF*ST*09560
REF*DP*043
DTM*999*20050421
RMR*IK*956020050422*PI*104.02*104.02*0
REF*PO*0020050423
REF*ST*09560
REF*DP*043
DTM*999*20050422
RMR*IK*956020050423*PI*120.87*120.87*0
REF*PO*0020050424
REF*ST*09560
REF*DP*043
DTM*999*20050423
RMR*IK*956020050424*PI*73.18*73.18*0
REF*PO*0020050425
REF*ST*09560
REF*DP*043
DTM*999*20050424
RMR*IK*956020050425*PI*45.64*45.64*0
REF*PO*0020050426
REF*ST*09560
REF*DP*043
DTM*999*20050425
RMR*IK*956020050426*PI*18.05*18.05*0
REF*PO*0020050427
REF*ST*09560
REF*DP*043
DTM*999*20050426
RMR*IK*956020050427*PI*62.65*62.65*0
REF*PO*0020050428
REF*ST*09560
REF*DP*043
DTM*999*20050427
RMR*IK*957120050416*PI*211.7*211.7*0
REF*PO*0020050417
REF*ST*09571
REF*DP*043
DTM*999*20050416
RMR*IK*957120050417*PI*142.48*142.48*0
REF*PO*0020050418
REF*ST*09571
REF*DP*043
DTM*999*20050417
RMR*IK*957120050418*PI*149.34*149.34*0
REF*PO*0020050419
REF*ST*09571
REF*DP*043
DTM*999*20050418
RMR*IK*957120050419*PI*67.71*67.71*0
REF*PO*0020050420
REF*ST*09571
REF*DP*043
DTM*999*20050419
RMR*IK*957120050420*PI*143.92*143.92*0
REF*PO*0020050421
REF*ST*09571
REF*DP*043
DTM*999*20050420
RMR*IK*957120050421*PI*66.26*66.26*0
REF*PO*0020050422
REF*ST*09571
REF*DP*043
DTM*999*20050421
RMR*IK*957120050422*PI*31.77*31.77*0
REF*PO*0020050423
REF*ST*09571
REF*DP*043
DTM*999*20050422
RMR*IK*957120050423*PI*29.96*29.96*0
REF*PO*0020050424
REF*ST*09571
REF*DP*043
DTM*999*20050423
RMR*IK*957120050424*PI*58.85*58.85*0
REF*PO*0020050425
REF*ST*09571
REF*DP*043
DTM*999*20050424
RMR*IK*957120050425*PI*195.67*195.67*0
REF*PO*0020050426
REF*ST*09571
REF*DP*043
DTM*999*20050425
RMR*IK*957120050426*PI*56.68*56.68*0
REF*PO*0020050427
REF*ST*09571
REF*DP*043
DTM*999*20050426
RMR*IK*957120050427*PI*58.63*58.63*0
REF*PO*0020050428
REF*ST*09571
REF*DP*043
DTM*999*20050427
RMR*IK*962020050416*PI*642.99*642.99*0
REF*PO*0020050417
REF*ST*09620
REF*DP*043
DTM*999*20050416
RMR*IK*962020050417*PI*697.24*697.24*0
REF*PO*0020050418
REF*ST*09620
REF*DP*043
DTM*999*20050417
RMR*IK*962020050418*PI*605.43*605.43*0
REF*PO*0020050419
REF*ST*09620
REF*DP*043
DTM*999*20050418
RMR*IK*962020050419*PI*466.82*466.82*0
REF*PO*0020050420
REF*ST*09620
REF*DP*043
DTM*999*20050419
RMR*IK*962020050420*PI*652.48*652.48*0
REF*PO*0020050421
REF*ST*09620
REF*DP*043
DTM*999*20050420
RMR*IK*962020050421*PI*215.03*215.03*0
REF*PO*0020050422
REF*ST*09620
REF*DP*043
DTM*999*20050421
RMR*IK*962020050422*PI*291.34*291.34*0
REF*PO*0020050423
REF*ST*09620
REF*DP*043
DTM*999*20050422
RMR*IK*962020050423*PI*403.36*403.36*0
REF*PO*0020050424
REF*ST*09620
REF*DP*043
DTM*999*20050423
RMR*IK*962020050424*PI*255.4*255.4*0
REF*PO*0020050425
REF*ST*09620
REF*DP*043
DTM*999*20050424
RMR*IK*962020050425*PI*411.3*411.3*0
REF*PO*0020050426
REF*ST*09620
REF*DP*043
DTM*999*20050425
RMR*IK*962020050426*PI*170.99*170.99*0
REF*PO*0020050427
REF*ST*09620
REF*DP*043
DTM*999*20050426
RMR*IK*962020050427*PI*243.16*243.16*0
REF*PO*0020050428
REF*ST*09620
REF*DP*043
DTM*999*20050427
RMR*IK*962120050416*PI*909.72*909.72*0
REF*PO*0020050417
REF*ST*09621
REF*DP*043
DTM*999*20050416
RMR*IK*962120050417*PI*974.95*974.95*0
REF*PO*0020050418
REF*ST*09621
REF*DP*043
DTM*999*20050417
RMR*IK*962120050418*PI*1021.06*1021.06*0
REF*PO*0020050419
REF*ST*09621
REF*DP*043
DTM*999*20050418
RMR*IK*962120050419*PI*816.3*816.3*0
REF*PO*0020050420
REF*ST*09621
REF*DP*043
DTM*999*20050419
RMR*IK*962120050420*PI*817.4*817.4*0
REF*PO*0020050421
REF*ST*09621
REF*DP*043
DTM*999*20050420
RMR*IK*962120050421*PI*772.37*772.37*0
REF*PO*0020050422
REF*ST*09621
REF*DP*043
DTM*999*20050421
RMR*IK*962120050422*PI*446.57*446.57*0
REF*PO*0020050423
REF*ST*09621
REF*DP*043
DTM*999*20050422
RMR*IK*962120050423*PI*326.79*326.79*0
REF*PO*0020050424
REF*ST*09621
REF*DP*043
DTM*999*20050423
RMR*IK*962120050424*PI*213.49*213.49*0
REF*PO*0020050425
REF*ST*09621
REF*DP*043
DTM*999*20050424
RMR*IK*962120050425*PI*312.29*312.29*0
REF*PO*0020050426
REF*ST*09621
REF*DP*043
DTM*999*20050425
RMR*IK*962120050426*PI*199.83*199.83*0
REF*PO*0020050427
REF*ST*09621
REF*DP*043
DTM*999*20050426
RMR*IK*962120050427*PI*492.42*492.42*0
REF*PO*0020050428
REF*ST*09621
REF*DP*043
DTM*999*20050427
RMR*IK*962220050416*PI*196.87*196.87*0
REF*PO*0020050417
REF*ST*09622
REF*DP*043
DTM*999*20050416
RMR*IK*962220050417*PI*160.44*160.44*0
REF*PO*0020050418
REF*ST*09622
REF*DP*043
DTM*999*20050417
RMR*IK*962220050418*PI*138.49*138.49*0
REF*PO*0020050419
REF*ST*09622
REF*DP*043
DTM*999*20050418
RMR*IK*962220050419*PI*134.51*134.51*0
REF*PO*0020050420
REF*ST*09622
REF*DP*043
DTM*999*20050419
RMR*IK*962220050420*PI*98.88*98.88*0
REF*PO*0020050421
REF*ST*09622
REF*DP*043
DTM*999*20050420
RMR*IK*962220050421*PI*94.35*94.35*0
REF*PO*0020050422
REF*ST*09622
REF*DP*043
DTM*999*20050421
RMR*IK*962220050422*PI*119.74*119.74*0
REF*PO*0020050423
REF*ST*09622
REF*DP*043
DTM*999*20050422
RMR*IK*962220050423*PI*157.14*157.14*0
REF*PO*0020050424
REF*ST*09622
REF*DP*043
DTM*999*20050423
RMR*IK*962220050424*PI*119.89*119.89*0
REF*PO*0020050425
REF*ST*09622
REF*DP*043
DTM*999*20050424
RMR*IK*962220050425*PI*109.17*109.17*0
REF*PO*0020050426
REF*ST*09622
REF*DP*043
DTM*999*20050425
RMR*IK*962220050426*PI*40.68*40.68*0
REF*PO*0020050427
REF*ST*09622
REF*DP*043
DTM*999*20050426
RMR*IK*962220050427*PI*136.82*136.82*0
REF*PO*0020050428
REF*ST*09622
REF*DP*043
DTM*999*20050427
RMR*IK*962520050416*PI*272.22*272.22*0
REF*PO*0020050417
REF*ST*09625
REF*DP*043
DTM*999*20050416
RMR*IK*962520050417*PI*245.4*245.4*0
REF*PO*0020050418
REF*ST*09625
REF*DP*043
DTM*999*20050417
RMR*IK*962520050418*PI*171.54*171.54*0
REF*PO*0020050419
REF*ST*09625
REF*DP*043
DTM*999*20050418
RMR*IK*962520050419*PI*178.87*178.87*0
REF*PO*0020050420
REF*ST*09625
REF*DP*043
DTM*999*20050419
RMR*IK*962520050420*PI*136.01*136.01*0
REF*PO*0020050421
REF*ST*09625
REF*DP*043
DTM*999*20050420
RMR*IK*962520050421*PI*96.66*96.66*0
REF*PO*0020050422
REF*ST*09625
REF*DP*043
DTM*999*20050421
RMR*IK*962520050422*PI*52.98*52.98*0
REF*PO*0020050423
REF*ST*09625
REF*DP*043
DTM*999*20050422
RMR*IK*962520050423*PI*59.27*59.27*0
REF*PO*0020050424
REF*ST*09625
REF*DP*043
DTM*999*20050423
RMR*IK*962520050424*PI*21.14*21.14*0
REF*PO*0020050425
REF*ST*09625
REF*DP*043
DTM*999*20050424
RMR*IK*962520050425*PI*59.56*59.56*0
REF*PO*0020050426
REF*ST*09625
REF*DP*043
DTM*999*20050425
RMR*IK*962520050426*PI*39.88*39.88*0
REF*PO*0020050427
REF*ST*09625
REF*DP*043
DTM*999*20050426
RMR*IK*962520050427*PI*81.79*81.79*0
REF*PO*0020050428
REF*ST*09625
REF*DP*043
DTM*999*20050427
RMR*IK*962920050416*PI*459.2*459.2*0
REF*PO*0020050417
REF*ST*09629
REF*DP*043
DTM*999*20050416
RMR*IK*962920050417*PI*184.29*184.29*0
REF*PO*0020050418
REF*ST*09629
REF*DP*043
DTM*999*20050417
RMR*IK*962920050418*PI*174.54*174.54*0
REF*PO*0020050419
REF*ST*09629
REF*DP*043
DTM*999*20050418
RMR*IK*962920050419*PI*502.33*502.33*0
REF*PO*0020050420
REF*ST*09629
REF*DP*043
DTM*999*20050419
RMR*IK*962920050420*PI*390.65*390.65*0
REF*PO*0020050421
REF*ST*09629
REF*DP*043
DTM*999*20050420
RMR*IK*962920050421*PI*253.14*253.14*0
REF*PO*0020050422
REF*ST*09629
REF*DP*043
DTM*999*20050421
RMR*IK*962920050422*PI*164*164*0
REF*PO*0020050423
REF*ST*09629
REF*DP*043
DTM*999*20050422
RMR*IK*962920050423*PI*243.7*243.7*0
REF*PO*0020050424
REF*ST*09629
REF*DP*043
DTM*999*20050423
RMR*IK*962920050424*PI*178.62*178.62*0
REF*PO*0020050425
REF*ST*09629
REF*DP*043
DTM*999*20050424
RMR*IK*962920050425*PI*186.11*186.11*0
REF*PO*0020050426
REF*ST*09629
REF*DP*043
DTM*999*20050425
RMR*IK*962920050426*PI*80.73*80.73*0
REF*PO*0020050427
REF*ST*09629
REF*DP*043
DTM*999*20050426
RMR*IK*962920050427*PI*219.56*219.56*0
REF*PO*0020050428
REF*ST*09629
REF*DP*043
DTM*999*20050427
RMR*IK*963320050416*PI*1296.16*1296.16*0
REF*PO*0020050417
REF*ST*09633
REF*DP*043
DTM*999*20050416
RMR*IK*963320050417*PI*2384.08*2384.08*0
REF*PO*0020050418
REF*ST*09633
REF*DP*043
DTM*999*20050417
RMR*IK*963320050418*PI*1470.3*1470.3*0
REF*PO*0020050419
REF*ST*09633
REF*DP*043
DTM*999*20050418
RMR*IK*963320050419*PI*945.3*945.3*0
REF*PO*0020050420
REF*ST*09633
REF*DP*043
DTM*999*20050419
RMR*IK*963320050420*PI*603.93*603.93*0
REF*PO*0020050421
REF*ST*09633
REF*DP*043
DTM*999*20050420
RMR*IK*963320050421*PI*402.41*402.41*0
REF*PO*0020050422
REF*ST*09633
REF*DP*043
DTM*999*20050421
RMR*IK*963320050422*PI*531.65*531.65*0
REF*PO*0020050423
REF*ST*09633
REF*DP*043
DTM*999*20050422
RMR*IK*963320050423*PI*218.35*218.35*0
REF*PO*0020050424
REF*ST*09633
REF*DP*043
DTM*999*20050423
RMR*IK*963320050424*PI*82.66*82.66*0
REF*PO*0020050425
REF*ST*09633
REF*DP*043
DTM*999*20050424
RMR*IK*963320050425*PI*363.72*363.72*0
REF*PO*0020050426
REF*ST*09633
REF*DP*043
DTM*999*20050425
RMR*IK*963320050426*PI*251*251*0
REF*PO*0020050427
REF*ST*09633
REF*DP*043
DTM*999*20050426
RMR*IK*963320050427*PI*632.66*632.66*0
REF*PO*0020050428
REF*ST*09633
REF*DP*043
DTM*999*20050427
RMR*IK*963920050416*PI*323.3*323.3*0
REF*PO*0020050417
REF*ST*09639
REF*DP*043
DTM*999*20050416
RMR*IK*963920050417*PI*227.13*227.13*0
REF*PO*0020050418
REF*ST*09639
REF*DP*043
DTM*999*20050417
RMR*IK*963920050418*PI*391.83*391.83*0
REF*PO*0020050419
REF*ST*09639
REF*DP*043
DTM*999*20050418
RMR*IK*963920050419*PI*172.84*172.84*0
REF*PO*0020050420
REF*ST*09639
REF*DP*043
DTM*999*20050419
RMR*IK*963920050420*PI*226.47*226.47*0
REF*PO*0020050421
REF*ST*09639
REF*DP*043
DTM*999*20050420
RMR*IK*963920050421*PI*113.54*113.54*0
REF*PO*0020050422
REF*ST*09639
REF*DP*043
DTM*999*20050421
RMR*IK*963920050422*PI*201.26*201.26*0
REF*PO*0020050423
REF*ST*09639
REF*DP*043
DTM*999*20050422
RMR*IK*963920050423*PI*102.26*102.26*0
REF*PO*0020050424
REF*ST*09639
REF*DP*043
DTM*999*20050423
RMR*IK*963920050424*PI*97.14*97.14*0
REF*PO*0020050425
REF*ST*09639
REF*DP*043
DTM*999*20050424
RMR*IK*963920050425*PI*76.68*76.68*0
REF*PO*0020050426
REF*ST*09639
REF*DP*043
DTM*999*20050425
RMR*IK*963920050426*PI*72.25*72.25*0
REF*PO*0020050427
REF*ST*09639
REF*DP*043
DTM*999*20050426
RMR*IK*963920050427*PI*130.42*130.42*0
REF*PO*0020050428
REF*ST*09639
REF*DP*043
DTM*999*20050427
RMR*IK*964820050416*PI*2860.45*2860.45*0
REF*PO*0020050417
REF*ST*09648
REF*DP*043
DTM*999*20050416
RMR*IK*964820050417*PI*1709.49*1709.49*0
REF*PO*0020050418
REF*ST*09648
REF*DP*043
DTM*999*20050417
RMR*IK*964820050418*PI*2091.96*2091.96*0
REF*PO*0020050419
REF*ST*09648
REF*DP*043
DTM*999*20050418
RMR*IK*964820050419*PI*1684.57*1684.57*0
REF*PO*0020050420
REF*ST*09648
REF*DP*043
DTM*999*20050419
RMR*IK*964820050420*PI*1028.15*1028.15*0
REF*PO*0020050421
REF*ST*09648
REF*DP*043
DTM*999*20050420
RMR*IK*964820050421*PI*1036.64*1036.64*0
REF*PO*0020050422
REF*ST*09648
REF*DP*043
DTM*999*20050421
RMR*IK*964820050422*PI*581.2*581.2*0
REF*PO*0020050423
REF*ST*09648
REF*DP*043
DTM*999*20050422
RMR*IK*964820050423*PI*320.53*320.53*0
REF*PO*0020050424
REF*ST*09648
REF*DP*043
DTM*999*20050423
RMR*IK*964820050424*PI*403.67*403.67*0
REF*PO*0020050425
REF*ST*09648
REF*DP*043
DTM*999*20050424
RMR*IK*964820050425*PI*620.62*620.62*0
REF*PO*0020050426
REF*ST*09648
REF*DP*043
DTM*999*20050425
RMR*IK*964820050426*PI*212.39*212.39*0
REF*PO*0020050427
REF*ST*09648
REF*DP*043
DTM*999*20050426
RMR*IK*964820050427*PI*663.97*663.97*0
REF*PO*0020050428
REF*ST*09648
REF*DP*043
DTM*999*20050427
RMR*IK*967420050416*PI*679.44*679.44*0
REF*PO*0020050417
REF*ST*09674
REF*DP*043
DTM*999*20050416
RMR*IK*967420050417*PI*773.67*773.67*0
REF*PO*0020050418
REF*ST*09674
REF*DP*043
DTM*999*20050417
RMR*IK*967420050418*PI*477.06*477.06*0
REF*PO*0020050419
REF*ST*09674
REF*DP*043
DTM*999*20050418
RMR*IK*967420050419*PI*700.34*700.34*0
REF*PO*0020050420
REF*ST*09674
REF*DP*043
DTM*999*20050419
RMR*IK*967420050420*PI*518.64*518.64*0
REF*PO*0020050421
REF*ST*09674
REF*DP*043
DTM*999*20050420
RMR*IK*967420050421*PI*664.32*664.32*0
REF*PO*0020050422
REF*ST*09674
REF*DP*043
DTM*999*20050421
RMR*IK*967420050422*PI*259.93*259.93*0
REF*PO*0020050423
REF*ST*09674
REF*DP*043
DTM*999*20050422
RMR*IK*967420050423*PI*193.45*193.45*0
REF*PO*0020050424
REF*ST*09674
REF*DP*043
DTM*999*20050423
RMR*IK*967420050424*PI*77.18*77.18*0
REF*PO*0020050425
REF*ST*09674
REF*DP*043
DTM*999*20050424
RMR*IK*967420050425*PI*209.32*209.32*0
REF*PO*0020050426
REF*ST*09674
REF*DP*043
DTM*999*20050425
RMR*IK*967420050426*PI*113.24*113.24*0
REF*PO*0020050427
REF*ST*09674
REF*DP*043
DTM*999*20050426
RMR*IK*967420050427*PI*168.86*168.86*0
REF*PO*0020050428
REF*ST*09674
REF*DP*043
DTM*999*20050427
RMR*IK*972820050416*PI*690.61*690.61*0
REF*PO*0020050417
REF*ST*09728
REF*DP*043
DTM*999*20050416
RMR*IK*972820050417*PI*718.22*718.22*0
REF*PO*0020050418
REF*ST*09728
REF*DP*043
DTM*999*20050417
RMR*IK*972820050418*PI*319.14*319.14*0
REF*PO*0020050419
REF*ST*09728
REF*DP*043
DTM*999*20050418
RMR*IK*972820050419*PI*426.55*426.55*0
REF*PO*0020050420
REF*ST*09728
REF*DP*043
DTM*999*20050419
RMR*IK*972820050420*PI*621.5*621.5*0
REF*PO*0020050421
REF*ST*09728
REF*DP*043
DTM*999*20050420
RMR*IK*972820050421*PI*400.48*400.48*0
REF*PO*0020050422
REF*ST*09728
REF*DP*043
DTM*999*20050421
RMR*IK*972820050422*PI*271.77*271.77*0
REF*PO*0020050423
REF*ST*09728
REF*DP*043
DTM*999*20050422
RMR*IK*972820050423*PI*118.66*118.66*0
REF*PO*0020050424
REF*ST*09728
REF*DP*043
DTM*999*20050423
RMR*IK*972820050424*PI*172.12*172.12*0
REF*PO*0020050425
REF*ST*09728
REF*DP*043
DTM*999*20050424
RMR*IK*972820050425*PI*123.37*123.37*0
REF*PO*0020050426
REF*ST*09728
REF*DP*043
DTM*999*20050425
RMR*IK*972820050426*PI*50.98*50.98*0
REF*PO*0020050427
REF*ST*09728
REF*DP*043
DTM*999*20050426
RMR*IK*972820050427*PI*208.37*208.37*0
REF*PO*0020050428
REF*ST*09728
REF*DP*043
DTM*999*20050427
RMR*IK*973520050416*PI*284.82*284.82*0
REF*PO*0020050417
REF*ST*09735
REF*DP*043
DTM*999*20050416
RMR*IK*973520050417*PI*195.36*195.36*0
REF*PO*0020050418
REF*ST*09735
REF*DP*043
DTM*999*20050417
RMR*IK*973520050418*PI*180.55*180.55*0
REF*PO*0020050419
REF*ST*09735
REF*DP*043
DTM*999*20050418
RMR*IK*973520050419*PI*209.48*209.48*0
REF*PO*0020050420
REF*ST*09735
REF*DP*043
DTM*999*20050419
RMR*IK*973520050420*PI*58.98*58.98*0
REF*PO*0020050421
REF*ST*09735
REF*DP*043
DTM*999*20050420
RMR*IK*973520050421*PI*346.8*346.8*0
REF*PO*0020050422
REF*ST*09735
REF*DP*043
DTM*999*20050421
RMR*IK*973520050422*PI*339.29*339.29*0
REF*PO*0020050423
REF*ST*09735
REF*DP*043
DTM*999*20050422
RMR*IK*973520050423*PI*60.54*60.54*0
REF*PO*0020050424
REF*ST*09735
REF*DP*043
DTM*999*20050423
RMR*IK*973520050424*PI*141.6*141.6*0
REF*PO*0020050425
REF*ST*09735
REF*DP*043
DTM*999*20050424
RMR*IK*973520050425*PI*232.06*232.06*0
REF*PO*0020050426
REF*ST*09735
REF*DP*043
DTM*999*20050425
RMR*IK*973520050426*PI*153.85*153.85*0
REF*PO*0020050427
REF*ST*09735
REF*DP*043
DTM*999*20050426
RMR*IK*973520050427*PI*79.98*79.98*0
REF*PO*0020050428
REF*ST*09735
REF*DP*043
DTM*999*20050427
RMR*IK*975820050416*PI*564.87*564.87*0
REF*PO*0020050417
REF*ST*09758
REF*DP*043
DTM*999*20050416
RMR*IK*975820050417*PI*730.05*730.05*0
REF*PO*0020050418
REF*ST*09758
REF*DP*043
DTM*999*20050417
RMR*IK*975820050418*PI*406.96*406.96*0
REF*PO*0020050419
REF*ST*09758
REF*DP*043
DTM*999*20050418
RMR*IK*975820050419*PI*540.03*540.03*0
REF*PO*0020050420
REF*ST*09758
REF*DP*043
DTM*999*20050419
RMR*IK*975820050420*PI*416.06*416.06*0
REF*PO*0020050421
REF*ST*09758
REF*DP*043
DTM*999*20050420
RMR*IK*975820050421*PI*108.35*108.35*0
REF*PO*0020050422
REF*ST*09758
REF*DP*043
DTM*999*20050421
RMR*IK*975820050422*PI*175.68*175.68*0
REF*PO*0020050423
REF*ST*09758
REF*DP*043
DTM*999*20050422
RMR*IK*975820050423*PI*49.91*49.91*0
REF*PO*0020050424
REF*ST*09758
REF*DP*043
DTM*999*20050423
RMR*IK*975820050424*PI*176.27*176.27*0
REF*PO*0020050425
REF*ST*09758
REF*DP*043
DTM*999*20050424
RMR*IK*975820050425*PI*328.53*328.53*0
REF*PO*0020050426
REF*ST*09758
REF*DP*043
DTM*999*20050425
RMR*IK*975820050426*PI*189.89*189.89*0
REF*PO*0020050427
REF*ST*09758
REF*DP*043
DTM*999*20050426
RMR*IK*975820050427*PI*156.08*156.08*0
REF*PO*0020050428
REF*ST*09758
REF*DP*043
DTM*999*20050427
RMR*IK*981820050416*PI*774.49*774.49*0
REF*PO*0020050417
REF*ST*09818
REF*DP*043
DTM*999*20050416
RMR*IK*981820050417*PI*591.03*591.03*0
REF*PO*0020050418
REF*ST*09818
REF*DP*043
DTM*999*20050417
RMR*IK*981820050418*PI*569.98*569.98*0
REF*PO*0020050419
REF*ST*09818
REF*DP*043
DTM*999*20050418
RMR*IK*981820050419*PI*674.2*674.2*0
REF*PO*0020050420
REF*ST*09818
REF*DP*043
DTM*999*20050419
RMR*IK*981820050420*PI*475.37*475.37*0
REF*PO*0020050421
REF*ST*09818
REF*DP*043
DTM*999*20050420
RMR*IK*981820050421*PI*527.45*527.45*0
REF*PO*0020050422
REF*ST*09818
REF*DP*043
DTM*999*20050421
RMR*IK*981820050422*PI*723.74*723.74*0
REF*PO*0020050423
REF*ST*09818
REF*DP*043
DTM*999*20050422
RMR*IK*981820050423*PI*320.02*320.02*0
REF*PO*0020050424
REF*ST*09818
REF*DP*043
DTM*999*20050423
RMR*IK*981820050424*PI*356.34*356.34*0
REF*PO*0020050425
REF*ST*09818
REF*DP*043
DTM*999*20050424
RMR*IK*981820050425*PI*586.84*586.84*0
REF*PO*0020050426
REF*ST*09818
REF*DP*043
DTM*999*20050425
RMR*IK*981820050426*PI*318.53*318.53*0
REF*PO*0020050427
REF*ST*09818
REF*DP*043
DTM*999*20050426
RMR*IK*981820050427*PI*319.42*319.42*0
REF*PO*0020050428
REF*ST*09818
REF*DP*043
DTM*999*20050427
SE*5299*000000001
GE*1*100191
IEA*1*000100282
ISA*00*          *00*          *09*006985290AC    *12*6154525825     *050524*0425*U*00400*000000731*0*P*>
GS*PD*006985290AC*6154525825*20050524*04251242*108*X*004010
ST*852*000000001
XQ*H*20050524
N9*AD*T00000040
LIN**CB*970657110*ZZ*43*UP*831664000842*****DG*1*VS*00000
ZA*QS***006*20050523
CTP**UCP*3.75
SDQ*EA*ZZ*3063*3*3083*4*3084*5*3143*16*3194*1*3359*8*3644*1*3646*16*3703*15*3715*5
SDQ*EA*ZZ*3822*2*3848*3*3966*3*3978*1*3996*6*4033*3*4071*5*4093*17*4213*1*4244*29
SDQ*EA*ZZ*4308*3*4312*1*4717*4*4719*12*4898*6*4969*5*4970*2*7064*2*7066*9*7069*13
SDQ*EA*ZZ*7076*5*7154*1*7358*4*7437*5*7460*4*7607*5*7610*2*7629*8*7718*5*7719*2
SDQ*EA*ZZ*9620*6*9621*29*9622*4*9629*1*9648*28*9728*1*9758*3
ZA*QS***006*20050523
CTP**UCP*5.5
SDQ*EA*ZZ*3103*2*3941*3*7255*5
LIN**CB*970657110*ZZ*43*UP*831664000842*****DG*3*VS*00000
ZA*QS***006*20050523
CTP**UCP*3.75
SDQ*EA*ZZ*4103*10*4739*2
LIN**CB*970657110*ZZ*43*UP*831664000842*****DG*9*VS*00000
ZA*QS***006*20050523
CTP**UCP*3.75
SDQ*EA*ZZ*4475*1*9639*1
CTT*3
SE*24*000000001
ST*852*000000002
XQ*H*20050524
N9*AD*T00000040
LIN**CB*970955118*ZZ*43*UP*831664000866*****DG*1*VS*00000
ZA*QS***006*20050523
CTP**UCP*2.4
SDQ*EA*ZZ*3644*1
CTT*1
SE*9*000000002
ST*852*000000003
XQ*H*20050524
N9*AD*T00000040
LIN**CB*970956116*ZZ*43*UP*831664000019*****DG*1*VS*00000
ZA*QS***006*20050523
CTP**UCP*.75
SDQ*EA*ZZ*3063*121*3083*102*3084*65*3143*445*3194*52*3348*14*3359*107*3602*188*3644*155*3646*294
SDQ*EA*ZZ*3660*54*3672*2*3685*28*3703*397*3713*30*3715*184*3822*92*3836*72*3848*207*3876*148
SDQ*EA*ZZ*3929*35*3931*29*3966*23*3978*126*3996*34*4033*60*4071*73*4093*562*4213*40*4244*273
SDQ*EA*ZZ*4308*48*4312*241*4475*53*4717*299*4719*86*4760*55*4769*28*4817*62*4835*111*4883*139
SDQ*EA*ZZ*4898*32*4968*88*4969*20*7045*38*7059*18*7064*2*7066*165*7069*213*7076*232*7132*97
SDQ*EA*ZZ*7146*83*7154*76*7184*360*7358*226*7362*147*7437*14*7460*76*7461*112*7607*156*7610*47
SDQ*EA*ZZ*7629*117*7718*486*7719*143*9560*7*9571*1*9620*68*9621*220*9622*22*9625*9*9629*181
SDQ*EA*ZZ*9633*405*9639*193*9648*414*9674*161*9728*141*9735*241*9758*112*9818*102
LIN**CB*970956116*ZZ*43*UP*831664000019*****DG*2*VS*00000
ZA*QS***006*20050523
CTP**UCP*.75
SDQ*EA*ZZ*4970*247
LIN**CB*970956116*ZZ*43*UP*831664000019*****DG*3*VS*00000
ZA*QS***006*20050523
CTP**UCP*.75
SDQ*EA*ZZ*4103*198*4739*112*7637*82
ZA*QS***006*20050523
CTP**UCP*1.03
SDQ*EA*ZZ*3103*113*3941*181*4753*63*7255*135
LIN**CB*970956116*ZZ*43*UP*831664000019*****DG*4*VS*00000
ZA*QS***006*20050523
CTP**UCP*.75
SDQ*EA*ZZ*3996*4
LIN**CB*970956116*ZZ*43*UP*831664000019*****DG*5*VS*00000
ZA*QS***006*20050523
CTP**UCP*.75
SDQ*EA*ZZ*7064*2
LIN**CB*970956116*ZZ*43*UP*831664000019*****DG*9*VS*00000
ZA*QS***006*20050523
CTP**UCP*.75
SDQ*EA*ZZ*3660*7
CTT*6
SE*39*000000003
ST*852*000000004
XQ*H*20050524
N9*AD*T00000040
LIN**CB*970957114*ZZ*43*UP*831664000255*****DG*1*VS*00000
ZA*QS***006*20050523
CTP**UCP*.75
SDQ*EA*ZZ*3063*8*3083*35*3084*1*3143*1*3194*12*3348*3*3408*1*3644*1*3660*1*3672*2
SDQ*EA*ZZ*3703*9*3715*1*3822*4*3848*8*3876*12*3929*15*3966*22*3996*9*4071*7*4093*3
SDQ*EA*ZZ*4103*9*4213*1*4244*2*4308*9*4312*9*4475*1*4717*28*4719*9*4760*4*4769*1
SDQ*EA*ZZ*4817*1*4969*1*4970*1*7045*8*7064*3*7066*8*7069*10*7132*5*7146*3*7154*5
SDQ*EA*ZZ*7184*10*7358*10*7362*2*7460*7*7607*20*7629*1*7718*54*7719*2*9620*5*9621*4
SDQ*EA*ZZ*9633*5*9648*17*9674*43*9728*4*9758*7
LIN**CB*970957114*ZZ*43*UP*831664000255*****DG*3*VS*00000
ZA*QS***006*20050523
CTP**UCP*.75
SDQ*EA*ZZ*3103*1*3941*2*4753*17*7255*12
CTT*2
SE*18*000000004
ST*852*000000005
XQ*H*20050524
N9*AD*T00000040
LIN**CB*970958112*ZZ*43*UP*831664000699*****DG*1*VS*00000
ZA*QS***006*20050523
CTP**UCP*.75
SDQ*EA*ZZ*3083*4*3194*6*3408*1*3646*3*3672*4*3685*2*3715*1*3996*1*4071*3*4213*1
SDQ*EA*ZZ*4244*1*4717*1*4970*1*7460*5*7461*3*7718*5*9674*5*9728*1*9818*2
LIN**CB*970958112*ZZ*43*UP*831664000699*****DG*3*VS*00000
ZA*QS***006*20050523
CTP**UCP*.75
SDQ*EA*ZZ*3941*7*7255*2
CTT*2
SE*14*000000005
ST*852*000000006
XQ*H*20050524
N9*AD*T00000040
LIN**CB*970959110*ZZ*43*UP*831664000675*****DG*1*VS*00000
ZA*QS***006*20050523
CTP**UCP*1.85
SDQ*EA*ZZ*3063*4*3083*16*3084*3*3143*22*3194*9*3348*1*3359*1*3408*1*3660*4*3685*1
SDQ*EA*ZZ*3703*5*3715*4*3836*7*3876*2*3941*5*3978*1*3996*3*4071*4*4093*3*4103*3
SDQ*EA*ZZ*4213*2*4244*13*4475*25*4717*1*4719*11*4753*5*4769*3*4817*4*4835*4*4883*2
SDQ*EA*ZZ*4968*1*4970*1*7045*1*7066*11*7069*6*7076*1*7146*11*7184*6*7255*26*7358*6
SDQ*EA*ZZ*7460*8*7461*2*7607*4*7610*5*7718*2*7719*8*9560*1*9571*1*9621*10*9622*1
SDQ*EA*ZZ*9629*9*9633*10*9648*6*9728*7*9735*5*9758*3*9818*3
LIN**CB*970959110*ZZ*43*UP*831664000675*****DG*4*VS*00000
ZA*QS***006*20050523
CTP**UCP*1.85
SDQ*EA*ZZ*9571*1
LIN**CB*970959110*ZZ*43*UP*831664000675*****DG*5*VS*00000
ZA*QS***006*20050523
CTP**UCP*1.85
SDQ*EA*ZZ*4312*7
CTT*3
SE*22*000000006
ST*852*000000007
XQ*H*20050524
N9*AD*T00000040
LIN**CB*970960118*ZZ*43*UP*831664000682*****DG*1*VS*00000
ZA*QS***006*20050523
CTP**UCP*1.35
SDQ*EA*ZZ*3063*9*3083*37*3084*25*3143*2*3194*23*3348*9*3408*6*3602*3*3644*18*3646*2
SDQ*EA*ZZ*3660*6*3672*6*3685*2*3703*19*3713*2*3715*5*3836*13*3848*12*3929*9*3931*3
SDQ*EA*ZZ*3941*4*3966*22*3978*11*3996*3*4071*5*4093*42*4213*18*4244*27*4308*12*4312*4
SDQ*EA*ZZ*4475*10*4717*15*4719*17*4739*1*4753*2*4760*2*4769*16*4817*3*4898*7*4968*6
SDQ*EA*ZZ*4969*18*4970*44*7045*1*7064*10*7069*1*7076*20*7132*18*7146*3*7154*2*7184*10
SDQ*EA*ZZ*7255*22*7358*15*7362*7*7437*2*7460*8*7607*13*7610*9*7637*1*7718*15*9560*2
SDQ*EA*ZZ*9571*1*9620*5*9621*12*9625*4*9629*14*9633*3*9639*9*9648*28*9674*13*9728*4
SDQ*EA*ZZ*9735*2*9758*31*9818*13
LIN**CB*970960118*ZZ*43*UP*831664000682*****DG*3*VS*00000
ZA*QS***006*20050523
CTP**UCP*1.35
SDQ*EA*ZZ*4103*21
LIN**CB*970960118*ZZ*43*UP*831664000682*****DG*5*VS*00000
ZA*QS***006*20050523
CTP**UCP*1.35
SDQ*EA*ZZ*4968*2
CTT*3
SE*24*000000007
ST*852*000000008
XQ*H*20050524
N9*AD*T00000040
LIN**CB*970961116*ZZ*43*UP*831664000330*****DG*1*VS*00000
ZA*QS***006*20050523
CTP**UCP*1.85
SDQ*EA*ZZ*3063*4*3083*6*3084*2*3143*2*3194*2*3359*1*3408*3*3602*3*3644*1*3646*1
SDQ*EA*ZZ*3685*4*3703*7*3713*1*3848*6*3931*7*3941*9*3966*9*3978*1*4071*3*4093*1
SDQ*EA*ZZ*4103*4*4213*2*4244*1*4308*5*4475*10*4717*3*4719*4*4739*9*4769*5*4968*1
SDQ*EA*ZZ*4970*3*7045*2*7059*2*7076*3*7154*3*7184*8*7255*6*7358*7*7362*4*7437*2
SDQ*EA*ZZ*7460*1*7607*17*7629*1*7637*2*7718*8*9560*1*9620*14*9621*1*9625*2*9629*11
SDQ*EA*ZZ*9633*6*9639*3*9648*2*9674*4*9728*12*9735*9*9818*6
LIN**CB*970961116*ZZ*43*UP*831664000330*****DG*2*VS*00000
ZA*QS***006*20050523
CTP**UCP*1.85
SDQ*EA*ZZ*4969*4*7069*3
CTT*2
SE*18*000000008
ST*852*000000009
XQ*H*20050524
N9*AD*T00000040
LIN**CB*970962114*ZZ*43*UP*831664000941*****DG*1*VS*00000
ZA*QS***006*20050523
CTP**UCP*2.25
SDQ*EA*ZZ*3063*14*3083*19*3084*6*3103*6*3143*22*3194*8*3348*4*3408*4*3602*7*3646*1
SDQ*EA*ZZ*3660*4*3703*41*3713*7*3715*16*3822*15*3836*5*3848*12*3876*9*3929*1*3931*7
SDQ*EA*ZZ*3941*10*3966*1*3978*4*4033*10*4071*1*4093*26*4103*5*4213*3*4241*4*4244*10
SDQ*EA*ZZ*4308*10*4312*7*4717*26*4719*3*4753*1*4760*5*4769*3*4817*1*4835*2*4883*14
SDQ*EA*ZZ*4968*2*4970*9*7045*1*7066*10*7069*19*7076*5*7132*9*7154*7*7184*7*7255*27
SDQ*EA*ZZ*7358*14*7362*20*7460*2*7461*1*7607*5*7629*10*7718*5*7719*2*9560*2*9571*4
SDQ*EA*ZZ*9621*50*9629*19*9633*13*9639*16*9648*21*9735*11*9818*15
LIN**CB*970962114*ZZ*43*UP*831664000941*****DG*4*VS*00000
ZA*QS***006*20050523
CTP**UCP*2.25
SDQ*EA*ZZ*4968*7
LIN**CB*970962114*ZZ*43*UP*831664000941*****DG*5*VS*00000
ZA*QS***006*20050523
CTP**UCP*2.25
SDQ*EA*ZZ*3103*1
LIN**CB*970962114*ZZ*43*UP*831664000941*****DG*8*VS*00000
ZA*QS***006*20050523
CTP**UCP*2.25
SDQ*EA*ZZ*3703*3*7045*2
CTT*4
SE*27*000000009
ST*852*000000010
XQ*H*20050524
N9*AD*T00000040
LIN**CB*970963112*ZZ*43*UP*831664000743*****DG*1*VS*00000
ZA*QS***006*20050523
CTP**UCP*2.85
SDQ*EA*ZZ*3063*8*3083*3*3084*5*3103*20*3143*41*3194*5*3359*2*3602*2*3644*6*3646*21
SDQ*EA*ZZ*3685*10*3703*39*3715*8*3822*18*3836*23*3848*10*3876*6*3929*1*3931*11*3941*20
SDQ*EA*ZZ*3966*16*3978*13*3996*4*4033*5*4071*2*4093*23*4103*7*4213*6*4244*14*4308*4
SDQ*EA*ZZ*4312*13*4475*3*4717*30*4719*2*4739*9*4753*4*4769*3*4817*7*4835*2*4883*4
SDQ*EA*ZZ*4898*5*4968*1*4970*16*7045*6*7059*2*7064*5*7066*4*7069*25*7076*27*7132*30
SDQ*EA*ZZ*7146*6*7154*19*7184*24*7255*25*7358*26*7362*9*7437*3*7460*21*7461*17*7607*10
SDQ*EA*ZZ*7610*2*7629*8*7637*9*7718*11*7719*10*9620*6*9621*37*9629*15*9633*19*9639*3
SDQ*EA*ZZ*9648*12*9674*4*9728*7*9735*9*9818*8
LIN**CB*970963112*ZZ*43*UP*831664000743*****DG*5*VS*00000
ZA*QS***006*20050523
CTP**UCP*2.85
SDQ*EA*ZZ*3978*1
LIN**CB*970963112*ZZ*43*UP*831664000743*****DG*8*VS*00000
ZA*QS***006*20050523
CTP**UCP*2.85
SDQ*EA*ZZ*7066*1
CTT*3
SE*24*000000010
ST*852*000000011
XQ*H*20050524
N9*AD*T00000040
LIN**CB*970964110*ZZ*43*UP*831664000453*****DG*1*VS*00000
ZA*QS***006*20050523
CTP**UCP*3.75
SDQ*EA*ZZ*3063*4*3083*7*3084*19*3143*24*3348*3*3359*10*3602*8*3644*6*3646*21*3685*8
SDQ*EA*ZZ*3703*26*3713*8*3715*14*3822*21*3836*24*3848*9*3876*8*3966*13*3996*5*4033*17
SDQ*EA*ZZ*4071*7*4093*60*4103*36*4213*1*4244*33*4308*6*4312*7*4475*7*4717*20*4719*9
SDQ*EA*ZZ*4760*9*4769*2*4817*2*4883*22*4898*2*4968*2*4969*4*4970*10*7045*2*7066*15
SDQ*EA*ZZ*7069*24*7076*22*7132*38*7146*7*7154*1*7184*14*7358*7*7362*5*7437*1*7460*4
SDQ*EA*ZZ*7461*19*7607*10*7610*7*7629*9*7637*3*7718*32*7719*4*9560*1*9620*12*9621*55
SDQ*EA*ZZ*9625*1*9629*25*9633*17*9639*6*9648*13*9674*7*9728*14*9735*30*9758*12*9818*12
ZA*QS***006*20050523
CTP**UCP*4.5
SDQ*EA*ZZ*3103*8*3941*4*4753*5*7255*6
LIN**CB*970964110*ZZ*43*UP*831664000453*****DG*3*VS*00000
ZA*QS***006*20050523
CTP**UCP*3.75
SDQ*EA*ZZ*4739*14
LIN**CB*970964110*ZZ*43*UP*831664000453*****DG*5*VS*00000
ZA*QS***006*20050523
CTP**UCP*3.75
SDQ*EA*ZZ*7184*4
LIN**CB*970964110*ZZ*43*UP*831664000453*****DG*8*VS*00000
ZA*QS***006*20050523
CTP**UCP*3.75
SDQ*EA*ZZ*7066*1
LIN**CB*970964110*ZZ*43*UP*831664000453*****DG*9*VS*00000
ZA*QS***006*20050523
CTP**UCP*3.75
SDQ*EA*ZZ*3660*5
CTT*5
SE*34*000000011
ST*852*000000012
XQ*H*20050524
N9*AD*T00000040
LIN**CB*970965117*ZZ*43*UP*831664000460*****DG*1*VS*00000
ZA*QS***006*20050522
CTP**UCP*3.75
SDQ*EA*ZZ*9818*-1
ZA*QS***006*20050523
CTP**UCP*3.75
SDQ*EA*ZZ*3063*16*3083*9*3084*40*3143*17*3194*1*3348*13*3359*9*3602*22*3644*40*3646*18
SDQ*EA*ZZ*3672*2*3685*9*3703*56*3713*2*3715*11*3822*14*3836*17*3848*6*3966*11*3978*7
SDQ*EA*ZZ*3996*5*4033*1*4071*11*4093*61*4103*65*4213*10*4244*8*4308*9*4312*16*4475*11
SDQ*EA*ZZ*4717*39*4719*4*4760*3*4817*5*4835*2*4883*13*4898*3*4968*2*4969*1*4970*7
SDQ*EA*ZZ*7045*2*7059*1*7064*1*7066*21*7069*12*7076*10*7132*24*7154*1*7184*37*7358*7
SDQ*EA*ZZ*7362*2*7437*3*7460*6*7607*30*7610*1*7629*3*7637*5*7718*12*7719*4*9571*2
SDQ*EA*ZZ*9620*7*9621*23*9625*1*9629*81*9633*118*9639*12*9648*63*9674*26*9728*12*9735*10
SDQ*EA*ZZ*9818*23
LIN**CB*970965117*ZZ*43*UP*831664000460*****DG*3*VS*00000
ZA*QS***006*20050523
CTP**UCP*3.75
SDQ*EA*ZZ*4739*10
ZA*QS***006*20050523
CTP**UCP*5.5
SDQ*EA*ZZ*3103*4*3941*1*4753*6*7255*17
LIN**CB*970965117*ZZ*43*UP*831664000460*****DG*5*VS*00000
ZA*QS***006*20050523
CTP**UCP*3.75
SDQ*EA*ZZ*4970*1
LIN**CB*970965117*ZZ*43*UP*831664000460*****DG*9*VS*00000
ZA*QS***006*20050523
CTP**UCP*3.75
SDQ*EA*ZZ*3660*16
CTT*4
SE*34*000000012
ST*852*000000013
XQ*H*20050524
N9*AD*T00000040
LIN**CB*970967113*ZZ*43*UP*831664000484*****DG*1*VS*00000
ZA*QS***006*20050523
CTP**UCP*7.5
SDQ*EA*ZZ*3063*1*3083*7*3103*2*3194*1*3408*1*3602*1*3646*1*3660*1*3822*1*3836*5
SDQ*EA*ZZ*3996*3*4071*1*4093*1*4719*1*4753*2*4883*1*7132*2*7146*-1*7154*1*7358*-2
SDQ*EA*ZZ*7460*2*9560*1*9633*-1
CTT*1
SE*11*000000013
ST*852*000000014
XQ*H*20050524
N9*AD*T00000040
LIN**CB*970969119*ZZ*43*UP*831664000491*****DG*1*VS*00000
ZA*QS***006*20050523
CTP**UCP*8.5
SDQ*EA*ZZ*3978*1*4717*1*7069*1*7076*1*7437*1*7460*3*9629*1*9648*4
LIN**CB*970969119*ZZ*43*UP*831664000491*****DG*5*VS*00000
ZA*QS***006*20050523
CTP**UCP*8.5
SDQ*EA*ZZ*7460*2
CTT*2
SE*13*000000014
ST*852*000000015
XQ*H*20050524
N9*AD*T00000040
LIN**CB*970970117*ZZ*43*UP*831664000859*****DG*1*VS*00000
ZA*QS***006*20050523
CTP**UCP*2.4
SDQ*EA*ZZ*3083*10*3143*15*3348*3*3359*9*3646*6*3703*2*3715*6*3836*5*3848*3*4093*22
SDQ*EA*ZZ*4244*4*4475*8*4739*6*4883*5*7066*5*7076*14*7132*1*7184*10*7255*10*7362*4
SDQ*EA*ZZ*7460*8*7607*4*9621*1*9633*9*9648*23*9674*10*9728*6*9735*2
LIN**CB*970970117*ZZ*43*UP*831664000859*****DG*8*VS*00000
ZA*QS***006*20050523
CTP**UCP*2.4
SDQ*EA*ZZ*7066*1
CTT*2
SE*15*000000015
ST*852*000000016
XQ*H*20050524
N9*AD*T00000040
LIN**CB*970971115*ZZ*43*UP*831664000781*****DG*1*VS*00000
ZA*QS***006*20050523
CTP**UCP*1.95
SDQ*EA*ZZ*3063*1*3084*1*3143*8*3348*1*3836*1*3848*3*4103*1*4475*2*7255*4*7460*3
SDQ*EA*ZZ*7461*1*7610*2*7718*3*9728*2*9758*2
CTT*1
SE*10*000000016
ST*852*000000017
XQ*H*20050524
N9*AD*T00000040
LIN**CB*970972113*ZZ*43*UP*831664000651*****DG*1*VS*00000
ZA*QS***006*20050523
CTP**UCP*1.35
SDQ*EA*ZZ*3063*4*3408*1*3644*1*3703*2*3966*1*4244*1*4717*1*7076*8*7255*3*7718*1
SDQ*EA*ZZ*9560*1*9728*3
CTT*1
SE*10*000000017
ST*852*000000018
XQ*H*20050524
N9*AD*T00000040
LIN**CB*970976114*ZZ*43*UP*831664000514*****DG*1*VS*00000
ZA*QS***006*20050523
CTP**UCP*1.25
SDQ*EA*ZZ*7718*4
CTT*1
SE*9*000000018
ST*852*000000019
XQ*H*20050524
N9*AD*T00000040
LIN**CB*970981114*ZZ*43*UP*831664000972*****DG*1*VS*00000
ZA*QS***006*20050523
CTP**UCP*.65
SDQ*EA*ZZ*4970*3*9620*2
CTT*1
SE*9*000000019
ST*852*000000020
XQ*H*20050524
N9*AD*T00000040
LIN**CB*970985115*ZZ*43*UP*831664001016*****DG*1*VS*00000
ZA*QS***006*20050523
CTP**UCP*2
SDQ*EA*ZZ*3408*1
CTT*1
SE*9*000000020
ST*852*000000021
XQ*H*20050524
N9*AD*T00000040
LIN**CB*970986113*ZZ*43*UP*831664001023*****DG*1*VS*00000
ZA*QS***006*20050523
CTP**UCP*2.6
SDQ*EA*ZZ*7184*7
LIN**CB*970986113*ZZ*43*UP*831664001023*****DG*9*VS*00000
ZA*QS***006*20050523
CTP**UCP*2.6
SDQ*EA*ZZ*3348*2
CTT*2
SE*13*000000021
ST*852*000000022
XQ*H*20050524
N9*AD*T00000040
LIN**CB*970987111*ZZ*43*UP*831664001030*****DG*1*VS*00000
ZA*QS***006*20050523
CTP**UCP*3.25
SDQ*EA*ZZ*4093*1
CTT*1
SE*9*000000022
ST*852*000000023
XQ*H*20050524
N9*AD*T00000040
LIN**CB*970988119*ZZ*43*UP*831664001047*****DG*1*VS*00000
ZA*QS***006*20050523
CTP**UCP*.5
SDQ*EA*ZZ*3359*1
CTT*1
SE*9*000000023
ST*852*000000024
XQ*H*20050524
N9*AD*T00000040
LIN**CB*974551111*ZZ*43*UP*831664001061*****DG*1*VS*00000
ZA*QS***006*20050523
CTP**UCP*2.4
SDQ*EA*ZZ*3063*3*3084*8*3103*4*3703*7*3822*2*3836*5*3848*4*3941*10*3966*5*4033*3
SDQ*EA*ZZ*4071*13*4093*2*4103*2*4244*5*4717*8*4753*1*4968*2*7076*2*7132*4*7154*14
SDQ*EA*ZZ*7255*10*7358*10*7362*4*7460*3*7607*2*7629*11*9620*2*9621*7*9629*5*9633*2
SDQ*EA*ZZ*9648*5*9735*7
LIN**CB*974551111*ZZ*43*UP*831664001061*****DG*5*VS*00000
ZA*QS***006*20050523
CTP**UCP*2.4
SDQ*EA*ZZ*7460*1
CTT*2
SE*16*000000024
GE*24*108
IEA*1*000000731
*** SUPERTRACS READY FOR INPUT
