ISA*00*          *00*          *09*006985290EFT   *12*6154525825     *070519*0301*U*00400*001000069*0*P*>
GS*RA*006985290EFT*6154525825*20070519*0301*1000069*X*004010
ST*820*0001
BPR*I*201038.72*C*ACH*CCP*01*021000018*DA*0300955622*9008965873**01*064102601*DA*3000289*20070522*VEN
TRN*3*770224628*9008965873
DTM*097*20070519
N1*PR*KMART CORPORATION*1*008965873
N1*PE*YOUNGS FARMS*92*00069099588
N1*SE*YOUNGS FARMS*92*00069099588
ENT*1
RMR*IK*306320070419*PI*119.01*119.01*0
REF*PO*0020070420
REF*ST*03063
REF*DP*043
DTM*999*20070419
RMR*IK*306320070420*PI*199.25*199.25*0
REF*PO*0020070421
REF*ST*03063
REF*DP*043
DTM*999*20070420
RMR*IK*306320070421*PI*317.55*317.55*0
REF*PO*0020070422
REF*ST*03063
REF*DP*043
DTM*999*20070421
RMR*IK*306320070422*PI*194.1*194.1*0
REF*PO*0020070423
REF*ST*03063
REF*DP*043
DTM*999*20070422
RMR*IK*306320070423*PI*263.6*263.6*0
REF*PO*0020070424
REF*ST*03063
REF*DP*043
DTM*999*20070423
RMR*IK*306320070424*PI*349.45*349.45*0
REF*PO*0020070425
REF*ST*03063
REF*DP*043
DTM*999*20070424
RMR*IK*306320070425*PI*180*180*0
REF*PO*0020070426
REF*ST*03063
REF*DP*043
DTM*999*20070425
RMR*IK*308220070419*PI*151.54*151.54*0
REF*PO*0020070420
REF*ST*03082
REF*DP*043
DTM*999*20070419
RMR*IK*308220070420*PI*268.75*268.75*0
REF*PO*0020070421
REF*ST*03082
REF*DP*043
DTM*999*20070420
RMR*IK*308220070421*PI*219.75*219.75*0
REF*PO*0020070422
REF*ST*03082
REF*DP*043
DTM*999*20070421
RMR*IK*308220070422*PI*100.9*100.9*0
REF*PO*0020070423
REF*ST*03082
REF*DP*043
DTM*999*20070422
RMR*IK*308220070423*PI*119.5*119.5*0
REF*PO*0020070424
REF*ST*03082
REF*DP*043
DTM*999*20070423
RMR*IK*308220070424*PI*207.9*207.9*0
REF*PO*0020070425
REF*ST*03082
REF*DP*043
DTM*999*20070424
RMR*IK*308220070425*PI*157*157*0
REF*PO*0020070426
REF*ST*03082
REF*DP*043
DTM*999*20070425
RMR*IK*308320070419*PI*163.93*163.93*0
REF*PO*0020070420
REF*ST*03083
REF*DP*043
DTM*999*20070419
RMR*IK*308320070420*PI*418.7*418.7*0
REF*PO*0020070421
REF*ST*03083
REF*DP*043
DTM*999*20070420
RMR*IK*308320070421*PI*644.85*644.85*0
REF*PO*0020070422
REF*ST*03083
REF*DP*043
DTM*999*20070421
RMR*IK*308320070422*PI*17.25*17.25*0
REF*PO*0020070428
REF*ST*03083
REF*DP*043
DTM*999*20070422
RMR*IK*308320070422*PI*499.8*499.8*0
REF*PO*0020070423
REF*ST*03083
REF*DP*043
DTM*999*20070422
RMR*IK*308320070423*PI*462.9*462.9*0
REF*PO*0020070424
REF*ST*03083
REF*DP*043
DTM*999*20070423
RMR*IK*308320070424*PI*167.4*167.4*0
REF*PO*0020070425
REF*ST*03083
REF*DP*043
DTM*999*20070424
RMR*IK*308320070425*PI*237.55*237.55*0
REF*PO*0020070426
REF*ST*03083
REF*DP*043
DTM*999*20070425
RMR*IK*308420070419*PI*249.5*249.5*0
REF*PO*0020070420
REF*ST*03084
REF*DP*043
DTM*999*20070419
RMR*IK*308420070420*PI*238*238*0
REF*PO*0020070421
REF*ST*03084
REF*DP*043
DTM*999*20070420
RMR*IK*308420070421*PI*335.6*335.6*0
REF*PO*0020070422
REF*ST*03084
REF*DP*043
DTM*999*20070421
RMR*IK*308420070422*PI*294.35*294.35*0
REF*PO*0020070423
REF*ST*03084
REF*DP*043
DTM*999*20070422
RMR*IK*308420070423*PI*96.85*96.85*0
REF*PO*0020070424
REF*ST*03084
REF*DP*043
DTM*999*20070423
RMR*IK*308420070424*PI*400.3*400.3*0
REF*PO*0020070425
REF*ST*03084
REF*DP*043
DTM*999*20070424
RMR*IK*308420070425*PI*244.55*244.55*0
REF*PO*0020070426
REF*ST*03084
REF*DP*043
DTM*999*20070425
RMR*IK*310320070419*PI*310.14*310.14*0
REF*PO*0020070420
REF*ST*03103
REF*DP*043
DTM*999*20070419
RMR*IK*310320070420*PI*444.05*444.05*0
REF*PO*0020070421
REF*ST*03103
REF*DP*043
DTM*999*20070420
RMR*IK*310320070421*PI*661.85*661.85*0
REF*PO*0020070422
REF*ST*03103
REF*DP*043
DTM*999*20070421
RMR*IK*310320070422*PI*403.05*403.05*0
REF*PO*0020070423
REF*ST*03103
REF*DP*043
DTM*999*20070422
RMR*IK*310320070423*PI*142.7*142.7*0
REF*PO*0020070424
REF*ST*03103
REF*DP*043
DTM*999*20070423
RMR*IK*310320070424*PI*113.8*113.8*0
REF*PO*0020070425
REF*ST*03103
REF*DP*043
DTM*999*20070424
RMR*IK*310320070425*PI*396.73*396.73*0
REF*PO*0020070426
REF*ST*03103
REF*DP*043
DTM*999*20070425
RMR*IK*314320070419*PI*135.91*135.91*0
REF*PO*0020070420
REF*ST*03143
REF*DP*043
DTM*999*20070419
RMR*IK*314320070420*PI*230.15*230.15*0
REF*PO*0020070421
REF*ST*03143
REF*DP*043
DTM*999*20070420
RMR*IK*314320070421*PI*197.25*197.25*0
REF*PO*0020070422
REF*ST*03143
REF*DP*043
DTM*999*20070421
RMR*IK*314320070422*PI*165.8*165.8*0
REF*PO*0020070423
REF*ST*03143
REF*DP*043
DTM*999*20070422
RMR*IK*314320070423*PI*253.55*253.55*0
REF*PO*0020070424
REF*ST*03143
REF*DP*043
DTM*999*20070423
RMR*IK*314320070424*PI*96.4*96.4*0
REF*PO*0020070425
REF*ST*03143
REF*DP*043
DTM*999*20070424
RMR*IK*314320070425*PI*42.05*42.05*0
REF*PO*0020070426
REF*ST*03143
REF*DP*043
DTM*999*20070425
RMR*IK*319420070419*PI*91.42*91.42*0
REF*PO*0020070420
REF*ST*03194
REF*DP*043
DTM*999*20070419
RMR*IK*319420070420*PI*156.65*156.65*0
REF*PO*0020070421
REF*ST*03194
REF*DP*043
DTM*999*20070420
RMR*IK*319420070421*PI*170.95*170.95*0
REF*PO*0020070422
REF*ST*03194
REF*DP*043
DTM*999*20070421
RMR*IK*319420070422*PI*89.7*89.7*0
REF*PO*0020070423
REF*ST*03194
REF*DP*043
DTM*999*20070422
RMR*IK*319420070423*PI*189.7*189.7*0
REF*PO*0020070424
REF*ST*03194
REF*DP*043
DTM*999*20070423
RMR*IK*319420070424*PI*310.25*310.25*0
REF*PO*0020070425
REF*ST*03194
REF*DP*043
DTM*999*20070424
RMR*IK*319420070425*PI*184.25*184.25*0
REF*PO*0020070426
REF*ST*03194
REF*DP*043
DTM*999*20070425
RMR*IK*321920070419*PI*89.62*89.62*0
REF*PO*0020070420
REF*ST*03219
REF*DP*043
DTM*999*20070419
RMR*IK*321920070420*PI*165.7*165.7*0
REF*PO*0020070421
REF*ST*03219
REF*DP*043
DTM*999*20070420
RMR*IK*321920070421*PI*142.5*142.5*0
REF*PO*0020070422
REF*ST*03219
REF*DP*043
DTM*999*20070421
RMR*IK*321920070422*PI*133.8*133.8*0
REF*PO*0020070423
REF*ST*03219
REF*DP*043
DTM*999*20070422
RMR*IK*321920070423*PI*112.9*112.9*0
REF*PO*0020070424
REF*ST*03219
REF*DP*043
DTM*999*20070423
RMR*IK*321920070424*PI*54*54*0
REF*PO*0020070425
REF*ST*03219
REF*DP*043
DTM*999*20070424
RMR*IK*321920070425*PI*39.05*39.05*0
REF*PO*0020070426
REF*ST*03219
REF*DP*043
DTM*999*20070425
RMR*IK*322320070419*PI*145.9*145.9*0
REF*PO*0020070420
REF*ST*03223
REF*DP*043
DTM*999*20070419
RMR*IK*322320070420*PI*278.05*278.05*0
REF*PO*0020070421
REF*ST*03223
REF*DP*043
DTM*999*20070420
RMR*IK*322320070421*PI*117.3*117.3*0
REF*PO*0020070422
REF*ST*03223
REF*DP*043
DTM*999*20070421
RMR*IK*322320070422*PI*218.6*218.6*0
REF*PO*0020070423
REF*ST*03223
REF*DP*043
DTM*999*20070422
RMR*IK*322320070423*PI*218.8*218.8*0
REF*PO*0020070424
REF*ST*03223
REF*DP*043
DTM*999*20070423
RMR*IK*322320070424*PI*122.65*122.65*0
REF*PO*0020070425
REF*ST*03223
REF*DP*043
DTM*999*20070424
RMR*IK*322320070425*PI*143.1*143.1*0
REF*PO*0020070426
REF*ST*03223
REF*DP*043
DTM*999*20070425
RMR*IK*328920070419*PI*65.39*65.39*0
REF*PO*0020070420
REF*ST*03289
REF*DP*043
DTM*999*20070419
RMR*IK*328920070420*PI*135.3*135.3*0
REF*PO*0020070421
REF*ST*03289
REF*DP*043
DTM*999*20070420
RMR*IK*328920070421*PI*201.45*201.45*0
REF*PO*0020070422
REF*ST*03289
REF*DP*043
DTM*999*20070421
RMR*IK*328920070422*PI*144.9*144.9*0
REF*PO*0020070423
REF*ST*03289
REF*DP*043
DTM*999*20070422
RMR*IK*328920070423*PI*173.35*173.35*0
REF*PO*0020070424
REF*ST*03289
REF*DP*043
DTM*999*20070423
RMR*IK*328920070424*PI*189.65*189.65*0
REF*PO*0020070425
REF*ST*03289
REF*DP*043
DTM*999*20070424
RMR*IK*328920070425*PI*123.55*123.55*0
REF*PO*0020070426
REF*ST*03289
REF*DP*043
DTM*999*20070425
RMR*IK*334820070419*PI*56.18*56.18*0
REF*PO*0020070420
REF*ST*03348
REF*DP*043
DTM*999*20070419
RMR*IK*334820070420*PI*111.7*111.7*0
REF*PO*0020070421
REF*ST*03348
REF*DP*043
DTM*999*20070420
RMR*IK*334820070421*PI*103.3*103.3*0
REF*PO*0020070422
REF*ST*03348
REF*DP*043
DTM*999*20070421
RMR*IK*334820070422*PI*175.75*175.75*0
REF*PO*0020070423
REF*ST*03348
REF*DP*043
DTM*999*20070422
RMR*IK*334820070423*PI*54.95*54.95*0
REF*PO*0020070424
REF*ST*03348
REF*DP*043
DTM*999*20070423
RMR*IK*334820070424*PI*77.4*77.4*0
REF*PO*0020070425
REF*ST*03348
REF*DP*043
DTM*999*20070424
RMR*IK*334820070425*PI*154.25*154.25*0
REF*PO*0020070426
REF*ST*03348
REF*DP*043
DTM*999*20070425
RMR*IK*335520070419*PI*64.17*64.17*0
REF*PO*0020070420
REF*ST*03355
REF*DP*043
DTM*999*20070419
RMR*IK*335520070420*PI*61.95*61.95*0
REF*PO*0020070421
REF*ST*03355
REF*DP*043
DTM*999*20070420
RMR*IK*335520070421*PI*102.35*102.35*0
REF*PO*0020070422
REF*ST*03355
REF*DP*043
DTM*999*20070421
RMR*IK*335520070422*PI*65.55*65.55*0
REF*PO*0020070423
REF*ST*03355
REF*DP*043
DTM*999*20070422
RMR*IK*335520070423*PI*94.65*94.65*0
REF*PO*0020070424
REF*ST*03355
REF*DP*043
DTM*999*20070423
RMR*IK*335520070424*PI*77*77*0
REF*PO*0020070425
REF*ST*03355
REF*DP*043
DTM*999*20070424
RMR*IK*335520070425*PI*77.35*77.35*0
REF*PO*0020070426
REF*ST*03355
REF*DP*043
DTM*999*20070425
RMR*IK*335920070419*PI*229.02*229.02*0
REF*PO*0020070420
REF*ST*03359
REF*DP*043
DTM*999*20070419
RMR*IK*335920070420*PI*166.4*166.4*0
REF*PO*0020070421
REF*ST*03359
REF*DP*043
DTM*999*20070420
RMR*IK*335920070421*PI*281.65*281.65*0
REF*PO*0020070422
REF*ST*03359
REF*DP*043
DTM*999*20070421
RMR*IK*335920070422*PI*96.15*96.15*0
REF*PO*0020070423
REF*ST*03359
REF*DP*043
DTM*999*20070422
RMR*IK*335920070423*PI*244.4*244.4*0
REF*PO*0020070424
REF*ST*03359
REF*DP*043
DTM*999*20070423
RMR*IK*335920070424*PI*441.65*441.65*0
REF*PO*0020070425
REF*ST*03359
REF*DP*043
DTM*999*20070424
RMR*IK*335920070425*PI*252.45*252.45*0
REF*PO*0020070426
REF*ST*03359
REF*DP*043
DTM*999*20070425
RMR*IK*340820070419*PI*184.87*184.87*0
REF*PO*0020070420
REF*ST*03408
REF*DP*043
DTM*999*20070419
RMR*IK*340820070420*PI*198.55*198.55*0
REF*PO*0020070421
REF*ST*03408
REF*DP*043
DTM*999*20070420
RMR*IK*340820070421*PI*222.3*222.3*0
REF*PO*0020070422
REF*ST*03408
REF*DP*043
DTM*999*20070421
RMR*IK*340820070422*PI*217.35*217.35*0
REF*PO*0020070423
REF*ST*03408
REF*DP*043
DTM*999*20070422
RMR*IK*340820070423*PI*221.8*221.8*0
REF*PO*0020070424
REF*ST*03408
REF*DP*043
DTM*999*20070423
RMR*IK*340820070424*PI*123.57*123.57*0
REF*PO*0020070425
REF*ST*03408
REF*DP*043
DTM*999*20070424
RMR*IK*340820070425*PI*177.31*177.31*0
REF*PO*0020070426
REF*ST*03408
REF*DP*043
DTM*999*20070425
RMR*IK*340820070513*PI*-5.75*-5.75*0
REF*PO*0020070515
REF*ST*03408
REF*DP*043
DTM*999*20070513
RMR*IK*360220070419*PI*155.92*155.92*0
REF*PO*0020070420
REF*ST*03602
REF*DP*043
DTM*999*20070419
RMR*IK*360220070420*PI*143.65*143.65*0
REF*PO*0020070421
REF*ST*03602
REF*DP*043
DTM*999*20070420
RMR*IK*360220070421*PI*248.1*248.1*0
REF*PO*0020070422
REF*ST*03602
REF*DP*043
DTM*999*20070421
RMR*IK*360220070422*PI*254.25*254.25*0
REF*PO*0020070423
REF*ST*03602
REF*DP*043
DTM*999*20070422
RMR*IK*360220070423*PI*191.3*191.3*0
REF*PO*0020070424
REF*ST*03602
REF*DP*043
DTM*999*20070423
RMR*IK*360220070424*PI*109.25*109.25*0
REF*PO*0020070425
REF*ST*03602
REF*DP*043
DTM*999*20070424
RMR*IK*360220070425*PI*387.67*387.67*0
REF*PO*0020070426
REF*ST*03602
REF*DP*043
DTM*999*20070425
RMR*IK*364420070419*PI*92.07*92.07*0
REF*PO*0020070420
REF*ST*03644
REF*DP*043
DTM*999*20070419
RMR*IK*364420070420*PI*562.05*562.05*0
REF*PO*0020070421
REF*ST*03644
REF*DP*043
DTM*999*20070420
RMR*IK*364420070421*PI*940.35*940.35*0
REF*PO*0020070422
REF*ST*03644
REF*DP*043
DTM*999*20070421
RMR*IK*364420070422*PI*606.05*606.05*0
REF*PO*0020070423
REF*ST*03644
REF*DP*043
DTM*999*20070422
RMR*IK*364420070423*PI*252.3*252.3*0
REF*PO*0020070424
REF*ST*03644
REF*DP*043
DTM*999*20070423
RMR*IK*364420070424*PI*534*534*0
REF*PO*0020070425
REF*ST*03644
REF*DP*043
DTM*999*20070424
RMR*IK*364420070425*PI*624.5*624.5*0
REF*PO*0020070426
REF*ST*03644
REF*DP*043
DTM*999*20070425
RMR*IK*364620070419*PI*274.37*274.37*0
REF*PO*0020070420
REF*ST*03646
REF*DP*043
DTM*999*20070419
RMR*IK*364620070420*PI*460.75*460.75*0
REF*PO*0020070421
REF*ST*03646
REF*DP*043
DTM*999*20070420
RMR*IK*364620070421*PI*1195.05*1195.05*0
REF*PO*0020070422
REF*ST*03646
REF*DP*043
DTM*999*20070421
RMR*IK*364620070422*PI*845.45*845.45*0
REF*PO*0020070423
REF*ST*03646
REF*DP*043
DTM*999*20070422
RMR*IK*364620070423*PI*589.35*589.35*0
REF*PO*0020070424
REF*ST*03646
REF*DP*043
DTM*999*20070423
RMR*IK*364620070424*PI*1496.9*1496.9*0
REF*PO*0020070425
REF*ST*03646
REF*DP*043
DTM*999*20070424
RMR*IK*364620070425*PI*1320.4*1320.4*0
REF*PO*0020070426
REF*ST*03646
REF*DP*043
DTM*999*20070425
RMR*IK*366020070419*PI*60.04*60.04*0
REF*PO*0020070420
REF*ST*03660
REF*DP*043
DTM*999*20070419
RMR*IK*366020070420*PI*81.9*81.9*0
REF*PO*0020070421
REF*ST*03660
REF*DP*043
DTM*999*20070420
RMR*IK*366020070421*PI*128.1*128.1*0
REF*PO*0020070422
REF*ST*03660
REF*DP*043
DTM*999*20070421
RMR*IK*366020070422*PI*152.05*152.05*0
REF*PO*0020070423
REF*ST*03660
REF*DP*043
DTM*999*20070422
RMR*IK*366020070423*PI*144.75*144.75*0
REF*PO*0020070424
REF*ST*03660
REF*DP*043
DTM*999*20070423
RMR*IK*366020070424*PI*41.85*41.85*0
REF*PO*0020070425
REF*ST*03660
REF*DP*043
DTM*999*20070424
RMR*IK*366020070425*PI*131.59*131.59*0
REF*PO*0020070426
REF*ST*03660
REF*DP*043
DTM*999*20070425
RMR*IK*366120070419*PI*372.28*372.28*0
REF*PO*0020070420
REF*ST*03661
REF*DP*043
DTM*999*20070419
RMR*IK*366120070420*PI*336.3*336.3*0
REF*PO*0020070421
REF*ST*03661
REF*DP*043
DTM*999*20070420
RMR*IK*366120070421*PI*244.25*244.25*0
REF*PO*0020070422
REF*ST*03661
REF*DP*043
DTM*999*20070421
RMR*IK*366120070422*PI*379.45*379.45*0
REF*PO*0020070423
REF*ST*03661
REF*DP*043
DTM*999*20070422
RMR*IK*366120070423*PI*205.95*205.95*0
REF*PO*0020070424
REF*ST*03661
REF*DP*043
DTM*999*20070423
RMR*IK*366120070424*PI*163.15*163.15*0
REF*PO*0020070425
REF*ST*03661
REF*DP*043
DTM*999*20070424
RMR*IK*366120070425*PI*158.65*158.65*0
REF*PO*0020070426
REF*ST*03661
REF*DP*043
DTM*999*20070425
RMR*IK*367220070419*PI*194.08*194.08*0
REF*PO*0020070420
REF*ST*03672
REF*DP*043
DTM*999*20070419
RMR*IK*367220070420*PI*251.75*251.75*0
REF*PO*0020070421
REF*ST*03672
REF*DP*043
DTM*999*20070420
RMR*IK*367220070421*PI*266*266*0
REF*PO*0020070422
REF*ST*03672
REF*DP*043
DTM*999*20070421
RMR*IK*367220070422*PI*216.2*216.2*0
REF*PO*0020070423
REF*ST*03672
REF*DP*043
DTM*999*20070422
RMR*IK*367220070423*PI*481.1*481.1*0
REF*PO*0020070424
REF*ST*03672
REF*DP*043
DTM*999*20070423
RMR*IK*367220070424*PI*262.25*262.25*0
REF*PO*0020070425
REF*ST*03672
REF*DP*043
DTM*999*20070424
RMR*IK*367220070425*PI*350.7*350.7*0
REF*PO*0020070426
REF*ST*03672
REF*DP*043
DTM*999*20070425
RMR*IK*367520070419*PI*191.25*191.25*0
REF*PO*0020070420
REF*ST*03675
REF*DP*043
DTM*999*20070419
RMR*IK*367520070420*PI*134.4*134.4*0
REF*PO*0020070421
REF*ST*03675
REF*DP*043
DTM*999*20070420
RMR*IK*367520070421*PI*301.55*301.55*0
REF*PO*0020070422
REF*ST*03675
REF*DP*043
DTM*999*20070421
RMR*IK*367520070422*PI*172.15*172.15*0
REF*PO*0020070423
REF*ST*03675
REF*DP*043
DTM*999*20070422
RMR*IK*367520070423*PI*90.5*90.5*0
REF*PO*0020070424
REF*ST*03675
REF*DP*043
DTM*999*20070423
RMR*IK*367520070424*PI*196.9*196.9*0
REF*PO*0020070425
REF*ST*03675
REF*DP*043
DTM*999*20070424
RMR*IK*367520070425*PI*116.5*116.5*0
REF*PO*0020070426
REF*ST*03675
REF*DP*043
DTM*999*20070425
RMR*IK*368520070419*PI*92.84*92.84*0
REF*PO*0020070420
REF*ST*03685
REF*DP*043
DTM*999*20070419
RMR*IK*368520070420*PI*307.1*307.1*0
REF*PO*0020070421
REF*ST*03685
REF*DP*043
DTM*999*20070420
RMR*IK*368520070421*PI*227.15*227.15*0
REF*PO*0020070422
REF*ST*03685
REF*DP*043
DTM*999*20070421
RMR*IK*368520070422*PI*191.05*191.05*0
REF*PO*0020070423
REF*ST*03685
REF*DP*043
DTM*999*20070422
RMR*IK*368520070423*PI*232.4*232.4*0
REF*PO*0020070424
REF*ST*03685
REF*DP*043
DTM*999*20070423
RMR*IK*368520070424*PI*173.55*173.55*0
REF*PO*0020070425
REF*ST*03685
REF*DP*043
DTM*999*20070424
RMR*IK*368520070425*PI*289.95*289.95*0
REF*PO*0020070426
REF*ST*03685
REF*DP*043
DTM*999*20070425
RMR*IK*370120070419*PI*223.35*223.35*0
REF*PO*0020070420
REF*ST*03701
REF*DP*043
DTM*999*20070419
RMR*IK*370120070420*PI*183.9*183.9*0
REF*PO*0020070421
REF*ST*03701
REF*DP*043
DTM*999*20070420
RMR*IK*370120070421*PI*503.3*503.3*0
REF*PO*0020070422
REF*ST*03701
REF*DP*043
DTM*999*20070421
RMR*IK*370120070422*PI*223.6*223.6*0
REF*PO*0020070423
REF*ST*03701
REF*DP*043
DTM*999*20070422
RMR*IK*370120070423*PI*118.1*118.1*0
REF*PO*0020070424
REF*ST*03701
REF*DP*043
DTM*999*20070423
RMR*IK*370120070424*PI*165.65*165.65*0
REF*PO*0020070425
REF*ST*03701
REF*DP*043
DTM*999*20070424
RMR*IK*370120070425*PI*101.8*101.8*0
REF*PO*0020070426
REF*ST*03701
REF*DP*043
DTM*999*20070425
RMR*IK*370320070419*PI*271.59*271.59*0
REF*PO*0020070420
REF*ST*03703
REF*DP*043
DTM*999*20070419
RMR*IK*370320070420*PI*536.6*536.6*0
REF*PO*0020070421
REF*ST*03703
REF*DP*043
DTM*999*20070420
RMR*IK*370320070421*PI*1271.91*1271.91*0
REF*PO*0020070422
REF*ST*03703
REF*DP*043
DTM*999*20070421
RMR*IK*370320070422*PI*1400.45*1400.45*0
REF*PO*0020070423
REF*ST*03703
REF*DP*043
DTM*999*20070422
RMR*IK*370320070423*PI*912.26*912.26*0
REF*PO*0020070424
REF*ST*03703
REF*DP*043
DTM*999*20070423
RMR*IK*370320070424*PI*597.15*597.15*0
REF*PO*0020070425
REF*ST*03703
REF*DP*043
DTM*999*20070424
RMR*IK*370320070425*PI*932.24*932.24*0
REF*PO*0020070426
REF*ST*03703
REF*DP*043
DTM*999*20070425
RMR*IK*371320070419*PI*151.64*151.64*0
REF*PO*0020070420
REF*ST*03713
REF*DP*043
DTM*999*20070419
RMR*IK*371320070420*PI*97.9*97.9*0
REF*PO*0020070421
REF*ST*03713
REF*DP*043
DTM*999*20070420
RMR*IK*371320070421*PI*377*377*0
REF*PO*0020070422
REF*ST*03713
REF*DP*043
DTM*999*20070421
RMR*IK*371320070422*PI*170.3*170.3*0
REF*PO*0020070423
REF*ST*03713
REF*DP*043
DTM*999*20070422
RMR*IK*371320070423*PI*186.2*186.2*0
REF*PO*0020070424
REF*ST*03713
REF*DP*043
DTM*999*20070423
RMR*IK*371320070424*PI*158.85*158.85*0
REF*PO*0020070425
REF*ST*03713
REF*DP*043
DTM*999*20070424
RMR*IK*371320070425*PI*238.94*238.94*0
REF*PO*0020070426
REF*ST*03713
REF*DP*043
DTM*999*20070425
RMR*IK*371520070419*PI*91.14*91.14*0
REF*PO*0020070420
REF*ST*03715
REF*DP*043
DTM*999*20070419
RMR*IK*371520070420*PI*258.2*258.2*0
REF*PO*0020070421
REF*ST*03715
REF*DP*043
DTM*999*20070420
RMR*IK*371520070421*PI*268.1*268.1*0
REF*PO*0020070422
REF*ST*03715
REF*DP*043
DTM*999*20070421
RMR*IK*371520070422*PI*256.1*256.1*0
REF*PO*0020070423
REF*ST*03715
REF*DP*043
DTM*999*20070422
RMR*IK*371520070423*PI*237.45*237.45*0
REF*PO*0020070424
REF*ST*03715
REF*DP*043
DTM*999*20070423
RMR*IK*371520070424*PI*164.6*164.6*0
REF*PO*0020070425
REF*ST*03715
REF*DP*043
DTM*999*20070424
RMR*IK*371520070425*PI*455.62*455.62*0
REF*PO*0020070426
REF*ST*03715
REF*DP*043
DTM*999*20070425
RMR*IK*382220070419*PI*57.13*57.13*0
REF*PO*0020070420
REF*ST*03822
REF*DP*043
DTM*999*20070419
RMR*IK*382220070420*PI*55.3*55.3*0
REF*PO*0020070421
REF*ST*03822
REF*DP*043
DTM*999*20070420
RMR*IK*382220070421*PI*130.15*130.15*0
REF*PO*0020070422
REF*ST*03822
REF*DP*043
DTM*999*20070421
RMR*IK*382220070422*PI*276.15*276.15*0
REF*PO*0020070423
REF*ST*03822
REF*DP*043
DTM*999*20070422
RMR*IK*382220070423*PI*97.2*97.2*0
REF*PO*0020070424
REF*ST*03822
REF*DP*043
DTM*999*20070423
RMR*IK*382220070424*PI*66.45*66.45*0
REF*PO*0020070425
REF*ST*03822
REF*DP*043
DTM*999*20070424
RMR*IK*382220070425*PI*387.12*387.12*0
REF*PO*0020070426
REF*ST*03822
REF*DP*043
DTM*999*20070425
RMR*IK*383620070419*PI*60.5*60.5*0
REF*PO*0020070420
REF*ST*03836
REF*DP*043
DTM*999*20070419
RMR*IK*383620070420*PI*166.65*166.65*0
REF*PO*0020070421
REF*ST*03836
REF*DP*043
DTM*999*20070420
RMR*IK*383620070421*PI*146.7*146.7*0
REF*PO*0020070422
REF*ST*03836
REF*DP*043
DTM*999*20070421
RMR*IK*383620070422*PI*170.35*170.35*0
REF*PO*0020070423
REF*ST*03836
REF*DP*043
DTM*999*20070422
RMR*IK*383620070423*PI*109.55*109.55*0
REF*PO*0020070424
REF*ST*03836
REF*DP*043
DTM*999*20070423
RMR*IK*383620070424*PI*80.85*80.85*0
REF*PO*0020070425
REF*ST*03836
REF*DP*043
DTM*999*20070424
RMR*IK*383620070425*PI*127.9*127.9*0
REF*PO*0020070426
REF*ST*03836
REF*DP*043
DTM*999*20070425
RMR*IK*384820070419*PI*176.42*176.42*0
REF*PO*0020070420
REF*ST*03848
REF*DP*043
DTM*999*20070419
RMR*IK*384820070420*PI*232.95*232.95*0
REF*PO*0020070421
REF*ST*03848
REF*DP*043
DTM*999*20070420
RMR*IK*384820070421*PI*340.95*340.95*0
REF*PO*0020070422
REF*ST*03848
REF*DP*043
DTM*999*20070421
RMR*IK*384820070422*PI*185.3*185.3*0
REF*PO*0020070423
REF*ST*03848
REF*DP*043
DTM*999*20070422
RMR*IK*384820070423*PI*218.45*218.45*0
REF*PO*0020070424
REF*ST*03848
REF*DP*043
DTM*999*20070423
RMR*IK*384820070424*PI*399.65*399.65*0
REF*PO*0020070425
REF*ST*03848
REF*DP*043
DTM*999*20070424
RMR*IK*384820070425*PI*347.69*347.69*0
REF*PO*0020070426
REF*ST*03848
REF*DP*043
DTM*999*20070425
RMR*IK*387620070419*PI*92.97*92.97*0
REF*PO*0020070420
REF*ST*03876
REF*DP*043
DTM*999*20070419
RMR*IK*387620070420*PI*86.4*86.4*0
REF*PO*0020070421
REF*ST*03876
REF*DP*043
DTM*999*20070420
RMR*IK*387620070421*PI*188.9*188.9*0
REF*PO*0020070422
REF*ST*03876
REF*DP*043
DTM*999*20070421
RMR*IK*387620070422*PI*118.75*118.75*0
REF*PO*0020070423
REF*ST*03876
REF*DP*043
DTM*999*20070422
RMR*IK*387620070423*PI*101.35*101.35*0
REF*PO*0020070424
REF*ST*03876
REF*DP*043
DTM*999*20070423
RMR*IK*387620070424*PI*74.95*74.95*0
REF*PO*0020070425
REF*ST*03876
REF*DP*043
DTM*999*20070424
RMR*IK*387620070425*PI*56.75*56.75*0
REF*PO*0020070426
REF*ST*03876
REF*DP*043
DTM*999*20070425
RMR*IK*390520070419*PI*91.24*91.24*0
REF*PO*0020070420
REF*ST*03905
REF*DP*043
DTM*999*20070419
RMR*IK*390520070420*PI*72.1*72.1*0
REF*PO*0020070421
REF*ST*03905
REF*DP*043
DTM*999*20070420
RMR*IK*390520070421*PI*152.8*152.8*0
REF*PO*0020070422
REF*ST*03905
REF*DP*043
DTM*999*20070421
RMR*IK*390520070422*PI*114.1*114.1*0
REF*PO*0020070423
REF*ST*03905
REF*DP*043
DTM*999*20070422
RMR*IK*390520070423*PI*88.7*88.7*0
REF*PO*0020070424
REF*ST*03905
REF*DP*043
DTM*999*20070423
RMR*IK*390520070424*PI*31.35*31.35*0
REF*PO*0020070425
REF*ST*03905
REF*DP*043
DTM*999*20070424
RMR*IK*390520070425*PI*70.3*70.3*0
REF*PO*0020070426
REF*ST*03905
REF*DP*043
DTM*999*20070425
RMR*IK*392920070419*PI*150.64*150.64*0
REF*PO*0020070420
REF*ST*03929
REF*DP*043
DTM*999*20070419
RMR*IK*392920070420*PI*181.1*181.1*0
REF*PO*0020070421
REF*ST*03929
REF*DP*043
DTM*999*20070420
RMR*IK*392920070421*PI*158.45*158.45*0
REF*PO*0020070422
REF*ST*03929
REF*DP*043
DTM*999*20070421
RMR*IK*392920070422*PI*173.5*173.5*0
REF*PO*0020070423
REF*ST*03929
REF*DP*043
DTM*999*20070422
RMR*IK*392920070423*PI*157.55*157.55*0
REF*PO*0020070424
REF*ST*03929
REF*DP*043
DTM*999*20070423
RMR*IK*392920070424*PI*111.2*111.2*0
REF*PO*0020070425
REF*ST*03929
REF*DP*043
DTM*999*20070424
RMR*IK*392920070425*PI*55.3*55.3*0
REF*PO*0020070426
REF*ST*03929
REF*DP*043
DTM*999*20070425
RMR*IK*393120070419*PI*99.01*99.01*0
REF*PO*0020070420
REF*ST*03931
REF*DP*043
DTM*999*20070419
RMR*IK*393120070420*PI*72.75*72.75*0
REF*PO*0020070421
REF*ST*03931
REF*DP*043
DTM*999*20070420
RMR*IK*393120070421*PI*51.15*51.15*0
REF*PO*0020070422
REF*ST*03931
REF*DP*043
DTM*999*20070421
RMR*IK*393120070422*PI*105.6*105.6*0
REF*PO*0020070423
REF*ST*03931
REF*DP*043
DTM*999*20070422
RMR*IK*393120070423*PI*69.35*69.35*0
REF*PO*0020070424
REF*ST*03931
REF*DP*043
DTM*999*20070423
RMR*IK*393120070424*PI*299.45*299.45*0
REF*PO*0020070425
REF*ST*03931
REF*DP*043
DTM*999*20070424
RMR*IK*393120070425*PI*97.3*97.3*0
REF*PO*0020070426
REF*ST*03931
REF*DP*043
DTM*999*20070425
RMR*IK*393920070419*PI*36.68*36.68*0
REF*PO*0020070420
REF*ST*03939
REF*DP*043
DTM*999*20070419
RMR*IK*393920070420*PI*38.8*38.8*0
REF*PO*0020070421
REF*ST*03939
REF*DP*043
DTM*999*20070420
RMR*IK*393920070421*PI*210.5*210.5*0
REF*PO*0020070422
REF*ST*03939
REF*DP*043
DTM*999*20070421
RMR*IK*393920070422*PI*81.4*81.4*0
REF*PO*0020070423
REF*ST*03939
REF*DP*043
DTM*999*20070422
RMR*IK*393920070423*PI*94.05*94.05*0
REF*PO*0020070424
REF*ST*03939
REF*DP*043
DTM*999*20070423
RMR*IK*393920070424*PI*61.2*61.2*0
REF*PO*0020070425
REF*ST*03939
REF*DP*043
DTM*999*20070424
RMR*IK*393920070425*PI*23.8*23.8*0
REF*PO*0020070426
REF*ST*03939
REF*DP*043
DTM*999*20070425
RMR*IK*394120070419*PI*52.21*52.21*0
REF*PO*0020070420
REF*ST*03941
REF*DP*043
DTM*999*20070419
RMR*IK*394120070420*PI*318.9*318.9*0
REF*PO*0020070421
REF*ST*03941
REF*DP*043
DTM*999*20070420
RMR*IK*394120070421*PI*329.05*329.05*0
REF*PO*0020070422
REF*ST*03941
REF*DP*043
DTM*999*20070421
RMR*IK*394120070422*PI*235.3*235.3*0
REF*PO*0020070423
REF*ST*03941
REF*DP*043
DTM*999*20070422
RMR*IK*394120070423*PI*148.75*148.75*0
REF*PO*0020070424
REF*ST*03941
REF*DP*043
DTM*999*20070423
RMR*IK*394120070424*PI*100.15*100.15*0
REF*PO*0020070425
REF*ST*03941
REF*DP*043
DTM*999*20070424
RMR*IK*394120070425*PI*594.45*594.45*0
REF*PO*0020070426
REF*ST*03941
REF*DP*043
DTM*999*20070425
RMR*IK*394120070510*PI*-3.45*-3.45*0
REF*PO*0020070512
REF*ST*03941
REF*DP*043
DTM*999*20070510
RMR*IK*394620070419*PI*44.32*44.32*0
REF*PO*0020070420
REF*ST*03946
REF*DP*043
DTM*999*20070419
RMR*IK*394620070420*PI*6.65*6.65*0
REF*PO*0020070421
REF*ST*03946
REF*DP*043
DTM*999*20070420
RMR*IK*394620070421*PI*22.45*22.45*0
REF*PO*0020070422
REF*ST*03946
REF*DP*043
DTM*999*20070421
RMR*IK*394620070422*PI*19.35*19.35*0
REF*PO*0020070423
REF*ST*03946
REF*DP*043
DTM*999*20070422
RMR*IK*394620070423*PI*32.5*32.5*0
REF*PO*0020070424
REF*ST*03946
REF*DP*043
DTM*999*20070423
RMR*IK*394620070424*PI*59.65*59.65*0
REF*PO*0020070425
REF*ST*03946
REF*DP*043
DTM*999*20070424
RMR*IK*394620070425*PI*20.7*20.7*0
REF*PO*0020070426
REF*ST*03946
REF*DP*043
DTM*999*20070425
RMR*IK*395720070419*PI*68.09*68.09*0
REF*PO*0020070420
REF*ST*03957
REF*DP*043
DTM*999*20070419
RMR*IK*395720070420*PI*132.6*132.6*0
REF*PO*0020070421
REF*ST*03957
REF*DP*043
DTM*999*20070420
RMR*IK*395720070421*PI*212*212*0
REF*PO*0020070422
REF*ST*03957
REF*DP*043
DTM*999*20070421
RMR*IK*395720070422*PI*206.95*206.95*0
REF*PO*0020070423
REF*ST*03957
REF*DP*043
DTM*999*20070422
RMR*IK*395720070423*PI*126.75*126.75*0
REF*PO*0020070424
REF*ST*03957
REF*DP*043
DTM*999*20070423
RMR*IK*395720070424*PI*130.4*130.4*0
REF*PO*0020070425
REF*ST*03957
REF*DP*043
DTM*999*20070424
RMR*IK*395720070425*PI*78.45*78.45*0
REF*PO*0020070426
REF*ST*03957
REF*DP*043
DTM*999*20070425
RMR*IK*396620070419*PI*78.82*78.82*0
REF*PO*0020070420
REF*ST*03966
REF*DP*043
DTM*999*20070419
RMR*IK*396620070420*PI*64.6*64.6*0
REF*PO*0020070421
REF*ST*03966
REF*DP*043
DTM*999*20070420
RMR*IK*396620070421*PI*183.45*183.45*0
REF*PO*0020070422
REF*ST*03966
REF*DP*043
DTM*999*20070421
RMR*IK*396620070422*PI*210.65*210.65*0
REF*PO*0020070423
REF*ST*03966
REF*DP*043
DTM*999*20070422
RMR*IK*396620070423*PI*281.05*281.05*0
REF*PO*0020070424
REF*ST*03966
REF*DP*043
DTM*999*20070423
RMR*IK*396620070424*PI*46.95*46.95*0
REF*PO*0020070425
REF*ST*03966
REF*DP*043
DTM*999*20070424
RMR*IK*396620070425*PI*46.95*46.95*0
REF*PO*0020070426
REF*ST*03966
REF*DP*043
DTM*999*20070425
RMR*IK*396720070419*PI*53.89*53.89*0
REF*PO*0020070420
REF*ST*03967
REF*DP*043
DTM*999*20070419
RMR*IK*396720070420*PI*16.85*16.85*0
REF*PO*0020070421
REF*ST*03967
REF*DP*043
DTM*999*20070420
RMR*IK*396720070421*PI*7.9*7.9*0
REF*PO*0020070422
REF*ST*03967
REF*DP*043
DTM*999*20070421
RMR*IK*396720070422*PI*66.75*66.75*0
REF*PO*0020070423
REF*ST*03967
REF*DP*043
DTM*999*20070422
RMR*IK*396720070423*PI*18.75*18.75*0
REF*PO*0020070424
REF*ST*03967
REF*DP*043
DTM*999*20070423
RMR*IK*396720070424*PI*30.35*30.35*0
REF*PO*0020070425
REF*ST*03967
REF*DP*043
DTM*999*20070424
RMR*IK*396720070425*PI*14.3*14.3*0
REF*PO*0020070426
REF*ST*03967
REF*DP*043
DTM*999*20070425
RMR*IK*397520070419*PI*165.84*165.84*0
REF*PO*0020070420
REF*ST*03975
REF*DP*043
DTM*999*20070419
RMR*IK*397520070420*PI*399.4*399.4*0
REF*PO*0020070421
REF*ST*03975
REF*DP*043
DTM*999*20070420
RMR*IK*397520070421*PI*436.65*436.65*0
REF*PO*0020070422
REF*ST*03975
REF*DP*043
DTM*999*20070421
RMR*IK*397520070422*PI*366.55*366.55*0
REF*PO*0020070423
REF*ST*03975
REF*DP*043
DTM*999*20070422
RMR*IK*397520070423*PI*193.2*193.2*0
REF*PO*0020070424
REF*ST*03975
REF*DP*043
DTM*999*20070423
RMR*IK*397520070424*PI*205.6*205.6*0
REF*PO*0020070425
REF*ST*03975
REF*DP*043
DTM*999*20070424
RMR*IK*397520070425*PI*129.75*129.75*0
REF*PO*0020070426
REF*ST*03975
REF*DP*043
DTM*999*20070425
RMR*IK*397820070419*PI*141.01*141.01*0
REF*PO*0020070420
REF*ST*03978
REF*DP*043
DTM*999*20070419
RMR*IK*397820070420*PI*368.95*368.95*0
REF*PO*0020070421
REF*ST*03978
REF*DP*043
DTM*999*20070420
RMR*IK*397820070421*PI*481.8*481.8*0
REF*PO*0020070422
REF*ST*03978
REF*DP*043
DTM*999*20070421
RMR*IK*397820070422*PI*478.95*478.95*0
REF*PO*0020070423
REF*ST*03978
REF*DP*043
DTM*999*20070422
RMR*IK*397820070423*PI*265.6*265.6*0
REF*PO*0020070424
REF*ST*03978
REF*DP*043
DTM*999*20070423
RMR*IK*397820070424*PI*208.1*208.1*0
REF*PO*0020070425
REF*ST*03978
REF*DP*043
DTM*999*20070424
RMR*IK*397820070425*PI*158.2*158.2*0
REF*PO*0020070426
REF*ST*03978
REF*DP*043
DTM*999*20070425
RMR*IK*399120070419*PI*40.11*40.11*0
REF*PO*0020070420
REF*ST*03991
REF*DP*043
DTM*999*20070419
RMR*IK*399120070420*PI*23.15*23.15*0
REF*PO*0020070421
REF*ST*03991
REF*DP*043
DTM*999*20070420
RMR*IK*399120070421*PI*50.05*50.05*0
REF*PO*0020070422
REF*ST*03991
REF*DP*043
DTM*999*20070421
RMR*IK*399120070422*PI*57.3*57.3*0
REF*PO*0020070423
REF*ST*03991
REF*DP*043
DTM*999*20070422
RMR*IK*399120070423*PI*25.1*25.1*0
REF*PO*0020070424
REF*ST*03991
REF*DP*043
DTM*999*20070423
RMR*IK*399120070424*PI*38.9*38.9*0
REF*PO*0020070425
REF*ST*03991
REF*DP*043
DTM*999*20070424
RMR*IK*399120070425*PI*12.15*12.15*0
REF*PO*0020070426
REF*ST*03991
REF*DP*043
DTM*999*20070425
RMR*IK*399420070419*PI*145.29*145.29*0
REF*PO*0020070420
REF*ST*03994
REF*DP*043
DTM*999*20070419
RMR*IK*399420070420*PI*164.2*164.2*0
REF*PO*0020070421
REF*ST*03994
REF*DP*043
DTM*999*20070420
RMR*IK*399420070421*PI*203.7*203.7*0
REF*PO*0020070422
REF*ST*03994
REF*DP*043
DTM*999*20070421
RMR*IK*399420070422*PI*128.35*128.35*0
REF*PO*0020070423
REF*ST*03994
REF*DP*043
DTM*999*20070422
RMR*IK*399420070423*PI*163.4*163.4*0
REF*PO*0020070424
REF*ST*03994
REF*DP*043
DTM*999*20070423
RMR*IK*399420070424*PI*222.3*222.3*0
REF*PO*0020070425
REF*ST*03994
REF*DP*043
DTM*999*20070424
RMR*IK*399420070425*PI*65.85*65.85*0
REF*PO*0020070426
REF*ST*03994
REF*DP*043
DTM*999*20070425
RMR*IK*399620070419*PI*150.79*150.79*0
REF*PO*0020070420
REF*ST*03996
REF*DP*043
DTM*999*20070419
RMR*IK*399620070420*PI*160.45*160.45*0
REF*PO*0020070421
REF*ST*03996
REF*DP*043
DTM*999*20070420
RMR*IK*399620070421*PI*250.7*250.7*0
REF*PO*0020070422
REF*ST*03996
REF*DP*043
DTM*999*20070421
RMR*IK*399620070422*PI*251.3*251.3*0
REF*PO*0020070423
REF*ST*03996
REF*DP*043
DTM*999*20070422
RMR*IK*399620070423*PI*219*219*0
REF*PO*0020070424
REF*ST*03996
REF*DP*043
DTM*999*20070423
RMR*IK*399620070424*PI*132.45*132.45*0
REF*PO*0020070425
REF*ST*03996
REF*DP*043
DTM*999*20070424
RMR*IK*399620070425*PI*95.65*95.65*0
REF*PO*0020070426
REF*ST*03996
REF*DP*043
DTM*999*20070425
RMR*IK*403320070419*PI*43.72*43.72*0
REF*PO*0020070420
REF*ST*04033
REF*DP*043
DTM*999*20070419
RMR*IK*403320070420*PI*149.05*149.05*0
REF*PO*0020070421
REF*ST*04033
REF*DP*043
DTM*999*20070420
RMR*IK*403320070421*PI*186.85*186.85*0
REF*PO*0020070422
REF*ST*04033
REF*DP*043
DTM*999*20070421
RMR*IK*403320070422*PI*224.8*224.8*0
REF*PO*0020070423
REF*ST*04033
REF*DP*043
DTM*999*20070422
RMR*IK*403320070423*PI*74.05*74.05*0
REF*PO*0020070424
REF*ST*04033
REF*DP*043
DTM*999*20070423
RMR*IK*403320070424*PI*49.9*49.9*0
REF*PO*0020070425
REF*ST*04033
REF*DP*043
DTM*999*20070424
RMR*IK*403320070425*PI*31.6*31.6*0
REF*PO*0020070426
REF*ST*04033
REF*DP*043
DTM*999*20070425
RMR*IK*407120070419*PI*26.66*26.66*0
REF*PO*0020070420
REF*ST*04071
REF*DP*043
DTM*999*20070419
RMR*IK*407120070420*PI*33.55*33.55*0
REF*PO*0020070421
REF*ST*04071
REF*DP*043
DTM*999*20070420
RMR*IK*407120070421*PI*91.55*91.55*0
REF*PO*0020070422
REF*ST*04071
REF*DP*043
DTM*999*20070421
RMR*IK*407120070422*PI*134.6*134.6*0
REF*PO*0020070423
REF*ST*04071
REF*DP*043
DTM*999*20070422
RMR*IK*407120070423*PI*133.6*133.6*0
REF*PO*0020070424
REF*ST*04071
REF*DP*043
DTM*999*20070423
RMR*IK*407120070424*PI*53.6*53.6*0
REF*PO*0020070425
REF*ST*04071
REF*DP*043
DTM*999*20070424
RMR*IK*407120070425*PI*98.4*98.4*0
REF*PO*0020070426
REF*ST*04071
REF*DP*043
DTM*999*20070425
RMR*IK*409320070419*PI*383.9*383.9*0
REF*PO*0020070420
REF*ST*04093
REF*DP*043
DTM*999*20070419
RMR*IK*409320070420*PI*877.75*877.75*0
REF*PO*0020070421
REF*ST*04093
REF*DP*043
DTM*999*20070420
RMR*IK*409320070421*PI*1185.78*1185.78*0
REF*PO*0020070422
REF*ST*04093
REF*DP*043
DTM*999*20070421
RMR*IK*409320070422*PI*1127.26*1127.26*0
REF*PO*0020070423
REF*ST*04093
REF*DP*043
DTM*999*20070422
RMR*IK*409320070423*PI*498.02*498.02*0
REF*PO*0020070424
REF*ST*04093
REF*DP*043
DTM*999*20070423
RMR*IK*409320070424*PI*751.39*751.39*0
REF*PO*0020070425
REF*ST*04093
REF*DP*043
DTM*999*20070424
RMR*IK*409320070425*PI*1099.62*1099.62*0
REF*PO*0020070426
REF*ST*04093
REF*DP*043
DTM*999*20070425
RMR*IK*410320070419*PI*256.86*256.86*0
REF*PO*0020070420
REF*ST*04103
REF*DP*043
DTM*999*20070419
RMR*IK*410320070420*PI*619.1*619.1*0
REF*PO*0020070421
REF*ST*04103
REF*DP*043
DTM*999*20070420
RMR*IK*410320070421*PI*711.25*711.25*0
REF*PO*0020070422
REF*ST*04103
REF*DP*043
DTM*999*20070421
RMR*IK*410320070422*PI*831.15*831.15*0
REF*PO*0020070423
REF*ST*04103
REF*DP*043
DTM*999*20070422
RMR*IK*410320070423*PI*386.6*386.6*0
REF*PO*0020070424
REF*ST*04103
REF*DP*043
DTM*999*20070423
RMR*IK*410320070424*PI*678.7*678.7*0
REF*PO*0020070425
REF*ST*04103
REF*DP*043
DTM*999*20070424
RMR*IK*410320070425*PI*981.95*981.95*0
REF*PO*0020070426
REF*ST*04103
REF*DP*043
DTM*999*20070425
RMR*IK*412220070419*PI*79.95*79.95*0
REF*PO*0020070420
REF*ST*04122
REF*DP*043
DTM*999*20070419
RMR*IK*412220070420*PI*121.1*121.1*0
REF*PO*0020070421
REF*ST*04122
REF*DP*043
DTM*999*20070420
RMR*IK*412220070421*PI*166.85*166.85*0
REF*PO*0020070422
REF*ST*04122
REF*DP*043
DTM*999*20070421
RMR*IK*412220070422*PI*277.55*277.55*0
REF*PO*0020070423
REF*ST*04122
REF*DP*043
DTM*999*20070422
RMR*IK*412220070423*PI*86.85*86.85*0
REF*PO*0020070424
REF*ST*04122
REF*DP*043
DTM*999*20070423
RMR*IK*412220070424*PI*108.55*108.55*0
REF*PO*0020070425
REF*ST*04122
REF*DP*043
DTM*999*20070424
RMR*IK*412220070425*PI*55*55*0
REF*PO*0020070426
REF*ST*04122
REF*DP*043
DTM*999*20070425
RMR*IK*418920070419*PI*111.48*111.48*0
REF*PO*0020070420
REF*ST*04189
REF*DP*043
DTM*999*20070419
RMR*IK*418920070420*PI*329.45*329.45*0
REF*PO*0020070421
REF*ST*04189
REF*DP*043
DTM*999*20070420
RMR*IK*418920070421*PI*195.15*195.15*0
REF*PO*0020070422
REF*ST*04189
REF*DP*043
DTM*999*20070421
RMR*IK*418920070422*PI*279.55*279.55*0
REF*PO*0020070423
REF*ST*04189
REF*DP*043
DTM*999*20070422
RMR*IK*418920070423*PI*224.35*224.35*0
REF*PO*0020070424
REF*ST*04189
REF*DP*043
DTM*999*20070423
RMR*IK*418920070424*PI*268.05*268.05*0
REF*PO*0020070425
REF*ST*04189
REF*DP*043
DTM*999*20070424
RMR*IK*418920070425*PI*155.95*155.95*0
REF*PO*0020070426
REF*ST*04189
REF*DP*043
DTM*999*20070425
RMR*IK*419820070419*PI*251.41*251.41*0
REF*PO*0020070420
REF*ST*04198
REF*DP*043
DTM*999*20070419
RMR*IK*419820070420*PI*228.55*228.55*0
REF*PO*0020070421
REF*ST*04198
REF*DP*043
DTM*999*20070420
RMR*IK*419820070421*PI*448.53*448.53*0
REF*PO*0020070422
REF*ST*04198
REF*DP*043
DTM*999*20070421
RMR*IK*419820070422*PI*321.64*321.64*0
REF*PO*0020070423
REF*ST*04198
REF*DP*043
DTM*999*20070422
RMR*IK*419820070423*PI*251.2*251.2*0
REF*PO*0020070424
REF*ST*04198
REF*DP*043
DTM*999*20070423
RMR*IK*419820070424*PI*311.56*311.56*0
REF*PO*0020070425
REF*ST*04198
REF*DP*043
DTM*999*20070424
RMR*IK*419820070425*PI*260.04*260.04*0
REF*PO*0020070426
REF*ST*04198
REF*DP*043
DTM*999*20070425
RMR*IK*424420070419*PI*534.57*534.57*0
REF*PO*0020070420
REF*ST*04244
REF*DP*043
DTM*999*20070419
RMR*IK*424420070420*PI*775.45*775.45*0
REF*PO*0020070421
REF*ST*04244
REF*DP*043
DTM*999*20070420
RMR*IK*424420070421*PI*1475.75*1475.75*0
REF*PO*0020070422
REF*ST*04244
REF*DP*043
DTM*999*20070421
RMR*IK*424420070422*PI*570.35*570.35*0
REF*PO*0020070423
REF*ST*04244
REF*DP*043
DTM*999*20070422
RMR*IK*424420070423*PI*1099.01*1099.01*0
REF*PO*0020070424
REF*ST*04244
REF*DP*043
DTM*999*20070423
RMR*IK*424420070424*PI*880.9*880.9*0
REF*PO*0020070425
REF*ST*04244
REF*DP*043
DTM*999*20070424
RMR*IK*424420070425*PI*814.26*814.26*0
REF*PO*0020070426
REF*ST*04244
REF*DP*043
DTM*999*20070425
RMR*IK*430820070419*PI*70.36*70.36*0
REF*PO*0020070420
REF*ST*04308
REF*DP*043
DTM*999*20070419
RMR*IK*430820070420*PI*189.1*189.1*0
REF*PO*0020070421
REF*ST*04308
REF*DP*043
DTM*999*20070420
RMR*IK*430820070421*PI*348.45*348.45*0
REF*PO*0020070422
REF*ST*04308
REF*DP*043
DTM*999*20070421
RMR*IK*430820070422*PI*288.5*288.5*0
REF*PO*0020070423
REF*ST*04308
REF*DP*043
DTM*999*20070422
RMR*IK*430820070423*PI*255.1*255.1*0
REF*PO*0020070424
REF*ST*04308
REF*DP*043
DTM*999*20070423
RMR*IK*430820070424*PI*238.8*238.8*0
REF*PO*0020070425
REF*ST*04308
REF*DP*043
DTM*999*20070424
RMR*IK*430820070425*PI*364.35*364.35*0
REF*PO*0020070426
REF*ST*04308
REF*DP*043
DTM*999*20070425
RMR*IK*431220070419*PI*288.64*288.64*0
REF*PO*0020070420
REF*ST*04312
REF*DP*043
DTM*999*20070419
RMR*IK*431220070420*PI*294.05*294.05*0
REF*PO*0020070421
REF*ST*04312
REF*DP*043
DTM*999*20070420
RMR*IK*431220070421*PI*388.25*388.25*0
REF*PO*0020070422
REF*ST*04312
REF*DP*043
DTM*999*20070421
RMR*IK*431220070422*PI*340.05*340.05*0
REF*PO*0020070423
REF*ST*04312
REF*DP*043
DTM*999*20070422
RMR*IK*431220070423*PI*177.08*177.08*0
REF*PO*0020070424
REF*ST*04312
REF*DP*043
DTM*999*20070423
RMR*IK*431220070424*PI*204.03*204.03*0
REF*PO*0020070425
REF*ST*04312
REF*DP*043
DTM*999*20070424
RMR*IK*431220070425*PI*195.93*195.93*0
REF*PO*0020070426
REF*ST*04312
REF*DP*043
DTM*999*20070425
RMR*IK*447520070419*PI*160.08*160.08*0
REF*PO*0020070420
REF*ST*04475
REF*DP*043
DTM*999*20070419
RMR*IK*447520070420*PI*217.95*217.95*0
REF*PO*0020070421
REF*ST*04475
REF*DP*043
DTM*999*20070420
RMR*IK*447520070421*PI*187.65*187.65*0
REF*PO*0020070422
REF*ST*04475
REF*DP*043
DTM*999*20070421
RMR*IK*447520070422*PI*316.45*316.45*0
REF*PO*0020070423
REF*ST*04475
REF*DP*043
DTM*999*20070422
RMR*IK*447520070423*PI*198.3*198.3*0
REF*PO*0020070424
REF*ST*04475
REF*DP*043
DTM*999*20070423
RMR*IK*447520070424*PI*60.15*60.15*0
REF*PO*0020070425
REF*ST*04475
REF*DP*043
DTM*999*20070424
RMR*IK*447520070425*PI*117.4*117.4*0
REF*PO*0020070426
REF*ST*04475
REF*DP*043
DTM*999*20070425
RMR*IK*448920070419*PI*79.29*79.29*0
REF*PO*0020070420
REF*ST*04489
REF*DP*043
DTM*999*20070419
RMR*IK*448920070420*PI*191.55*191.55*0
REF*PO*0020070421
REF*ST*04489
REF*DP*043
DTM*999*20070420
RMR*IK*448920070421*PI*196.25*196.25*0
REF*PO*0020070422
REF*ST*04489
REF*DP*043
DTM*999*20070421
RMR*IK*448920070422*PI*133.05*133.05*0
REF*PO*0020070423
REF*ST*04489
REF*DP*043
DTM*999*20070422
RMR*IK*448920070423*PI*119.2*119.2*0
REF*PO*0020070424
REF*ST*04489
REF*DP*043
DTM*999*20070423
RMR*IK*448920070424*PI*98*98*0
REF*PO*0020070425
REF*ST*04489
REF*DP*043
DTM*999*20070424
RMR*IK*448920070425*PI*71.4*71.4*0
REF*PO*0020070426
REF*ST*04489
REF*DP*043
DTM*999*20070425
RMR*IK*471720070419*PI*225.83*225.83*0
REF*PO*0020070420
REF*ST*04717
REF*DP*043
DTM*999*20070419
RMR*IK*471720070420*PI*578.4*578.4*0
REF*PO*0020070421
REF*ST*04717
REF*DP*043
DTM*999*20070420
RMR*IK*471720070421*PI*1077.9*1077.9*0
REF*PO*0020070422
REF*ST*04717
REF*DP*043
DTM*999*20070421
RMR*IK*471720070422*PI*579.75*579.75*0
REF*PO*0020070423
REF*ST*04717
REF*DP*043
DTM*999*20070422
RMR*IK*471720070423*PI*392.75*392.75*0
REF*PO*0020070424
REF*ST*04717
REF*DP*043
DTM*999*20070423
RMR*IK*471720070424*PI*253.1*253.1*0
REF*PO*0020070425
REF*ST*04717
REF*DP*043
DTM*999*20070424
RMR*IK*471720070425*PI*383.36*383.36*0
REF*PO*0020070426
REF*ST*04717
REF*DP*043
DTM*999*20070425
RMR*IK*471920070419*PI*387.75*387.75*0
REF*PO*0020070420
REF*ST*04719
REF*DP*043
DTM*999*20070419
RMR*IK*471920070420*PI*859.35*859.35*0
REF*PO*0020070421
REF*ST*04719
REF*DP*043
DTM*999*20070420
RMR*IK*471920070421*PI*1189*1189*0
REF*PO*0020070422
REF*ST*04719
REF*DP*043
DTM*999*20070421
RMR*IK*471920070422*PI*1119.15*1119.15*0
REF*PO*0020070423
REF*ST*04719
REF*DP*043
DTM*999*20070422
RMR*IK*471920070423*PI*705.65*705.65*0
REF*PO*0020070424
REF*ST*04719
REF*DP*043
DTM*999*20070423
RMR*IK*471920070424*PI*792.6*792.6*0
REF*PO*0020070425
REF*ST*04719
REF*DP*043
DTM*999*20070424
RMR*IK*471920070425*PI*640.65*640.65*0
REF*PO*0020070426
REF*ST*04719
REF*DP*043
DTM*999*20070425
RMR*IK*472320070419*PI*49.07*49.07*0
REF*PO*0020070420
REF*ST*04723
REF*DP*043
DTM*999*20070419
RMR*IK*472320070420*PI*132.15*132.15*0
REF*PO*0020070421
REF*ST*04723
REF*DP*043
DTM*999*20070420
RMR*IK*472320070421*PI*97.85*97.85*0
REF*PO*0020070422
REF*ST*04723
REF*DP*043
DTM*999*20070421
RMR*IK*472320070422*PI*127.2*127.2*0
REF*PO*0020070423
REF*ST*04723
REF*DP*043
DTM*999*20070422
RMR*IK*472320070423*PI*73.35*73.35*0
REF*PO*0020070424
REF*ST*04723
REF*DP*043
DTM*999*20070423
RMR*IK*472320070424*PI*75.2*75.2*0
REF*PO*0020070425
REF*ST*04723
REF*DP*043
DTM*999*20070424
RMR*IK*472320070425*PI*75.3*75.3*0
REF*PO*0020070426
REF*ST*04723
REF*DP*043
DTM*999*20070425
RMR*IK*473920070419*PI*68.15*68.15*0
REF*PO*0020070420
REF*ST*04739
REF*DP*043
DTM*999*20070419
RMR*IK*473920070420*PI*104.55*104.55*0
REF*PO*0020070421
REF*ST*04739
REF*DP*043
DTM*999*20070420
RMR*IK*473920070421*PI*140*140*0
REF*PO*0020070422
REF*ST*04739
REF*DP*043
DTM*999*20070421
RMR*IK*473920070422*PI*125.7*125.7*0
REF*PO*0020070423
REF*ST*04739
REF*DP*043
DTM*999*20070422
RMR*IK*473920070423*PI*78.45*78.45*0
REF*PO*0020070424
REF*ST*04739
REF*DP*043
DTM*999*20070423
RMR*IK*473920070424*PI*123.95*123.95*0
REF*PO*0020070425
REF*ST*04739
REF*DP*043
DTM*999*20070424
RMR*IK*473920070425*PI*137*137*0
REF*PO*0020070426
REF*ST*04739
REF*DP*043
DTM*999*20070425
RMR*IK*475320070419*PI*7.42*7.42*0
REF*PO*0020070420
REF*ST*04753
REF*DP*043
DTM*999*20070419
RMR*IK*475320070420*PI*9.45*9.45*0
REF*PO*0020070421
REF*ST*04753
REF*DP*043
DTM*999*20070420
RMR*IK*475320070421*PI*14.9*14.9*0
REF*PO*0020070422
REF*ST*04753
REF*DP*043
DTM*999*20070421
RMR*IK*475320070422*PI*8.45*8.45*0
REF*PO*0020070423
REF*ST*04753
REF*DP*043
DTM*999*20070422
RMR*IK*475320070423*PI*6.15*6.15*0
REF*PO*0020070424
REF*ST*04753
REF*DP*043
DTM*999*20070423
RMR*IK*475320070424*PI*1.5*1.5*0
REF*PO*0020070425
REF*ST*04753
REF*DP*043
DTM*999*20070424
RMR*IK*475320070425*PI*63.05*63.05*0
REF*PO*0020070426
REF*ST*04753
REF*DP*043
DTM*999*20070425
RMR*IK*476020070419*PI*57.6*57.6*0
REF*PO*0020070420
REF*ST*04760
REF*DP*043
DTM*999*20070419
RMR*IK*476020070420*PI*131.95*131.95*0
REF*PO*0020070421
REF*ST*04760
REF*DP*043
DTM*999*20070420
RMR*IK*476020070421*PI*148.1*148.1*0
REF*PO*0020070422
REF*ST*04760
REF*DP*043
DTM*999*20070421
RMR*IK*476020070422*PI*96.6*96.6*0
REF*PO*0020070423
REF*ST*04760
REF*DP*043
DTM*999*20070422
RMR*IK*476020070423*PI*89*89*0
REF*PO*0020070424
REF*ST*04760
REF*DP*043
DTM*999*20070423
RMR*IK*476020070424*PI*82.15*82.15*0
REF*PO*0020070425
REF*ST*04760
REF*DP*043
DTM*999*20070424
RMR*IK*476020070425*PI*87.45*87.45*0
REF*PO*0020070426
REF*ST*04760
REF*DP*043
DTM*999*20070425
RMR*IK*476920070419*PI*148.02*148.02*0
REF*PO*0020070420
REF*ST*04769
REF*DP*043
DTM*999*20070419
RMR*IK*476920070420*PI*284.55*284.55*0
REF*PO*0020070421
REF*ST*04769
REF*DP*043
DTM*999*20070420
RMR*IK*476920070421*PI*168.15*168.15*0
REF*PO*0020070422
REF*ST*04769
REF*DP*043
DTM*999*20070421
RMR*IK*476920070422*PI*147.55*147.55*0
REF*PO*0020070423
REF*ST*04769
REF*DP*043
DTM*999*20070422
RMR*IK*476920070423*PI*177.4*177.4*0
REF*PO*0020070424
REF*ST*04769
REF*DP*043
DTM*999*20070423
RMR*IK*476920070424*PI*270.05*270.05*0
REF*PO*0020070425
REF*ST*04769
REF*DP*043
DTM*999*20070424
RMR*IK*476920070425*PI*310.45*310.45*0
REF*PO*0020070426
REF*ST*04769
REF*DP*043
DTM*999*20070425
RMR*IK*481720070419*PI*346.14*346.14*0
REF*PO*0020070420
REF*ST*04817
REF*DP*043
DTM*999*20070419
RMR*IK*481720070420*PI*343.25*343.25*0
REF*PO*0020070421
REF*ST*04817
REF*DP*043
DTM*999*20070420
RMR*IK*481720070421*PI*362.65*362.65*0
REF*PO*0020070422
REF*ST*04817
REF*DP*043
DTM*999*20070421
RMR*IK*481720070422*PI*269.15*269.15*0
REF*PO*0020070423
REF*ST*04817
REF*DP*043
DTM*999*20070422
RMR*IK*481720070423*PI*415.37*415.37*0
REF*PO*0020070424
REF*ST*04817
REF*DP*043
DTM*999*20070423
RMR*IK*481720070424*PI*446.79*446.79*0
REF*PO*0020070425
REF*ST*04817
REF*DP*043
DTM*999*20070424
RMR*IK*481720070425*PI*474.03*474.03*0
REF*PO*0020070426
REF*ST*04817
REF*DP*043
DTM*999*20070425
RMR*IK*483520070419*PI*93.25*93.25*0
REF*PO*0020070420
REF*ST*04835
REF*DP*043
DTM*999*20070419
RMR*IK*483520070420*PI*131.2*131.2*0
REF*PO*0020070421
REF*ST*04835
REF*DP*043
DTM*999*20070420
RMR*IK*483520070421*PI*120.6*120.6*0
REF*PO*0020070422
REF*ST*04835
REF*DP*043
DTM*999*20070421
RMR*IK*483520070422*PI*92.4*92.4*0
REF*PO*0020070423
REF*ST*04835
REF*DP*043
DTM*999*20070422
RMR*IK*483520070423*PI*70.95*70.95*0
REF*PO*0020070424
REF*ST*04835
REF*DP*043
DTM*999*20070423
RMR*IK*483520070424*PI*60.85*60.85*0
REF*PO*0020070425
REF*ST*04835
REF*DP*043
DTM*999*20070424
RMR*IK*483520070425*PI*157.8*157.8*0
REF*PO*0020070426
REF*ST*04835
REF*DP*043
DTM*999*20070425
RMR*IK*488320070419*PI*83.65*83.65*0
REF*PO*0020070420
REF*ST*04883
REF*DP*043
DTM*999*20070419
RMR*IK*488320070420*PI*211*211*0
REF*PO*0020070421
REF*ST*04883
REF*DP*043
DTM*999*20070420
RMR*IK*488320070421*PI*425.8*425.8*0
REF*PO*0020070422
REF*ST*04883
REF*DP*043
DTM*999*20070421
RMR*IK*488320070422*PI*251.55*251.55*0
REF*PO*0020070423
REF*ST*04883
REF*DP*043
DTM*999*20070422
RMR*IK*488320070423*PI*188.6*188.6*0
REF*PO*0020070424
REF*ST*04883
REF*DP*043
DTM*999*20070423
RMR*IK*488320070424*PI*223.85*223.85*0
REF*PO*0020070425
REF*ST*04883
REF*DP*043
DTM*999*20070424
RMR*IK*488320070425*PI*90.05*90.05*0
REF*PO*0020070426
REF*ST*04883
REF*DP*043
DTM*999*20070425
RMR*IK*489820070419*PI*34.72*34.72*0
REF*PO*0020070420
REF*ST*04898
REF*DP*043
DTM*999*20070419
RMR*IK*489820070420*PI*80.1*80.1*0
REF*PO*0020070421
REF*ST*04898
REF*DP*043
DTM*999*20070420
RMR*IK*489820070421*PI*86.95*86.95*0
REF*PO*0020070422
REF*ST*04898
REF*DP*043
DTM*999*20070421
RMR*IK*489820070422*PI*89.95*89.95*0
REF*PO*0020070423
REF*ST*04898
REF*DP*043
DTM*999*20070422
RMR*IK*489820070423*PI*136.25*136.25*0
REF*PO*0020070424
REF*ST*04898
REF*DP*043
DTM*999*20070423
RMR*IK*489820070424*PI*84.55*84.55*0
REF*PO*0020070425
REF*ST*04898
REF*DP*043
DTM*999*20070424
RMR*IK*489820070425*PI*111.25*111.25*0
REF*PO*0020070426
REF*ST*04898
REF*DP*043
DTM*999*20070425
RMR*IK*497020070419*PI*135.69*135.69*0
REF*PO*0020070420
REF*ST*04970
REF*DP*043
DTM*999*20070419
RMR*IK*497020070420*PI*598.95*598.95*0
REF*PO*0020070421
REF*ST*04970
REF*DP*043
DTM*999*20070420
RMR*IK*497020070421*PI*1037.8*1037.8*0
REF*PO*0020070422
REF*ST*04970
REF*DP*043
DTM*999*20070421
RMR*IK*497020070422*PI*499.75*499.75*0
REF*PO*0020070423
REF*ST*04970
REF*DP*043
DTM*999*20070422
RMR*IK*497020070423*PI*275.95*275.95*0
REF*PO*0020070424
REF*ST*04970
REF*DP*043
DTM*999*20070423
RMR*IK*497020070424*PI*309.6*309.6*0
REF*PO*0020070425
REF*ST*04970
REF*DP*043
DTM*999*20070424
RMR*IK*497020070425*PI*205.45*205.45*0
REF*PO*0020070426
REF*ST*04970
REF*DP*043
DTM*999*20070425
RMR*IK*502320070417*PI*-33.44*-33.44*0
REF*PO*0020070419
REF*ST*05023
REF*DP*043
DTM*999*20070417
RMR*IK*502320070419*PI*133.05*133.05*0
REF*PO*0020070421
REF*ST*05023
REF*DP*043
DTM*999*20070419
RMR*IK*502320070420*PI*102.5*102.5*0
REF*PO*0020070422
REF*ST*05023
REF*DP*043
DTM*999*20070420
RMR*IK*502320070421*PI*191.5*191.5*0
REF*PO*0020070423
REF*ST*05023
REF*DP*043
DTM*999*20070421
RMR*IK*502320070422*PI*113.5*113.5*0
REF*PO*0020070424
REF*ST*05023
REF*DP*043
DTM*999*20070422
RMR*IK*502320070423*PI*92.65*92.65*0
REF*PO*0020070425
REF*ST*05023
REF*DP*043
DTM*999*20070423
RMR*IK*502320070424*PI*85.8*85.8*0
REF*PO*0020070426
REF*ST*05023
REF*DP*043
DTM*999*20070424
RMR*IK*502320070425*PI*38.3*38.3*0
REF*PO*0020070427
REF*ST*05023
REF*DP*043
DTM*999*20070425
RMR*IK*506620070419*PI*11.8*11.8*0
REF*PO*0020070421
REF*ST*05066
REF*DP*043
DTM*999*20070419
RMR*IK*506620070420*PI*22.55*22.55*0
REF*PO*0020070422
REF*ST*05066
REF*DP*043
DTM*999*20070420
RMR*IK*506620070421*PI*57.85*57.85*0
REF*PO*0020070423
REF*ST*05066
REF*DP*043
DTM*999*20070421
RMR*IK*506620070422*PI*48.3*48.3*0
REF*PO*0020070424
REF*ST*05066
REF*DP*043
DTM*999*20070422
RMR*IK*506620070423*PI*72.05*72.05*0
REF*PO*0020070425
REF*ST*05066
REF*DP*043
DTM*999*20070423
RMR*IK*506620070424*PI*62.5*62.5*0
REF*PO*0020070426
REF*ST*05066
REF*DP*043
DTM*999*20070424
RMR*IK*506620070425*PI*50.45*50.45*0
REF*PO*0020070427
REF*ST*05066
REF*DP*043
DTM*999*20070425
RMR*IK*507020070419*PI*90.45*90.45*0
REF*PO*0020070421
REF*ST*05070
REF*DP*043
DTM*999*20070419
RMR*IK*507020070420*PI*154.05*154.05*0
REF*PO*0020070422
REF*ST*05070
REF*DP*043
DTM*999*20070420
RMR*IK*507020070421*PI*130.55*130.55*0
REF*PO*0020070423
REF*ST*05070
REF*DP*043
DTM*999*20070421
RMR*IK*507020070422*PI*188.15*188.15*0
REF*PO*0020070424
REF*ST*05070
REF*DP*043
DTM*999*20070422
RMR*IK*507020070423*PI*319.9*319.9*0
REF*PO*0020070425
REF*ST*05070
REF*DP*043
DTM*999*20070423
RMR*IK*507020070424*PI*143.55*143.55*0
REF*PO*0020070426
REF*ST*05070
REF*DP*043
DTM*999*20070424
RMR*IK*507020070425*PI*90.15*90.15*0
REF*PO*0020070427
REF*ST*05070
REF*DP*043
DTM*999*20070425
RMR*IK*507720070419*PI*56.1*56.1*0
REF*PO*0020070421
REF*ST*05077
REF*DP*043
DTM*999*20070419
RMR*IK*507720070420*PI*54.2*54.2*0
REF*PO*0020070422
REF*ST*05077
REF*DP*043
DTM*999*20070420
RMR*IK*507720070421*PI*86.95*86.95*0
REF*PO*0020070423
REF*ST*05077
REF*DP*043
DTM*999*20070421
RMR*IK*507720070422*PI*65.9*65.9*0
REF*PO*0020070424
REF*ST*05077
REF*DP*043
DTM*999*20070422
RMR*IK*507720070423*PI*170.55*170.55*0
REF*PO*0020070425
REF*ST*05077
REF*DP*043
DTM*999*20070423
RMR*IK*507720070424*PI*54.8*54.8*0
REF*PO*0020070426
REF*ST*05077
REF*DP*043
DTM*999*20070424
RMR*IK*507720070425*PI*48.7*48.7*0
REF*PO*0020070427
REF*ST*05077
REF*DP*043
DTM*999*20070425
RMR*IK*702820070419*PI*84.82*84.82*0
REF*PO*0020070420
REF*ST*07028
REF*DP*043
DTM*999*20070419
RMR*IK*702820070420*PI*76.25*76.25*0
REF*PO*0020070421
REF*ST*07028
REF*DP*043
DTM*999*20070420
RMR*IK*702820070421*PI*39.25*39.25*0
REF*PO*0020070422
REF*ST*07028
REF*DP*043
DTM*999*20070421
RMR*IK*702820070422*PI*29.3*29.3*0
REF*PO*0020070423
REF*ST*07028
REF*DP*043
DTM*999*20070422
RMR*IK*702820070423*PI*70.4*70.4*0
REF*PO*0020070424
REF*ST*07028
REF*DP*043
DTM*999*20070423
RMR*IK*702820070424*PI*32.35*32.35*0
REF*PO*0020070425
REF*ST*07028
REF*DP*043
DTM*999*20070424
RMR*IK*702820070425*PI*25.95*25.95*0
REF*PO*0020070426
REF*ST*07028
REF*DP*043
DTM*999*20070425
RMR*IK*704520070419*PI*156.31*156.31*0
REF*PO*0020070420
REF*ST*07045
REF*DP*043
DTM*999*20070419
RMR*IK*704520070420*PI*85.7*85.7*0
REF*PO*0020070421
REF*ST*07045
REF*DP*043
DTM*999*20070420
RMR*IK*704520070421*PI*188.45*188.45*0
REF*PO*0020070422
REF*ST*07045
REF*DP*043
DTM*999*20070421
RMR*IK*704520070422*PI*153.5*153.5*0
REF*PO*0020070423
REF*ST*07045
REF*DP*043
DTM*999*20070422
RMR*IK*704520070423*PI*193.6*193.6*0
REF*PO*0020070424
REF*ST*07045
REF*DP*043
DTM*999*20070423
RMR*IK*704520070424*PI*220.8*220.8*0
REF*PO*0020070425
REF*ST*07045
REF*DP*043
DTM*999*20070424
RMR*IK*704520070425*PI*156.75*156.75*0
REF*PO*0020070426
REF*ST*07045
REF*DP*043
DTM*999*20070425
RMR*IK*705920070419*PI*78.17*78.17*0
REF*PO*0020070420
REF*ST*07059
REF*DP*043
DTM*999*20070419
RMR*IK*705920070420*PI*38.45*38.45*0
REF*PO*0020070421
REF*ST*07059
REF*DP*043
DTM*999*20070420
RMR*IK*705920070421*PI*187.8*187.8*0
REF*PO*0020070422
REF*ST*07059
REF*DP*043
DTM*999*20070421
RMR*IK*705920070422*PI*70.9*70.9*0
REF*PO*0020070423
REF*ST*07059
REF*DP*043
DTM*999*20070422
RMR*IK*705920070423*PI*72.8*72.8*0
REF*PO*0020070424
REF*ST*07059
REF*DP*043
DTM*999*20070423
RMR*IK*705920070424*PI*57.6*57.6*0
REF*PO*0020070425
REF*ST*07059
REF*DP*043
DTM*999*20070424
RMR*IK*705920070425*PI*34.1*34.1*0
REF*PO*0020070426
REF*ST*07059
REF*DP*043
DTM*999*20070425
RMR*IK*706420070419*PI*113.12*113.12*0
REF*PO*0020070420
REF*ST*07064
REF*DP*043
DTM*999*20070419
RMR*IK*706420070420*PI*166.2*166.2*0
REF*PO*0020070421
REF*ST*07064
REF*DP*043
DTM*999*20070420
RMR*IK*706420070421*PI*150.95*150.95*0
REF*PO*0020070422
REF*ST*07064
REF*DP*043
DTM*999*20070421
RMR*IK*706420070422*PI*160.7*160.7*0
REF*PO*0020070423
REF*ST*07064
REF*DP*043
DTM*999*20070422
RMR*IK*706420070423*PI*94.65*94.65*0
REF*PO*0020070424
REF*ST*07064
REF*DP*043
DTM*999*20070423
RMR*IK*706420070424*PI*162.24*162.24*0
REF*PO*0020070425
REF*ST*07064
REF*DP*043
DTM*999*20070424
RMR*IK*706420070425*PI*240.09*240.09*0
REF*PO*0020070426
REF*ST*07064
REF*DP*043
DTM*999*20070425
RMR*IK*706620070419*PI*128.83*128.83*0
REF*PO*0020070420
REF*ST*07066
REF*DP*043
DTM*999*20070419
RMR*IK*706620070420*PI*153.85*153.85*0
REF*PO*0020070421
REF*ST*07066
REF*DP*043
DTM*999*20070420
RMR*IK*706620070421*PI*221.05*221.05*0
REF*PO*0020070422
REF*ST*07066
REF*DP*043
DTM*999*20070421
RMR*IK*706620070422*PI*337.7*337.7*0
REF*PO*0020070423
REF*ST*07066
REF*DP*043
DTM*999*20070422
RMR*IK*706620070423*PI*735.95*735.95*0
REF*PO*0020070424
REF*ST*07066
REF*DP*043
DTM*999*20070423
RMR*IK*706620070424*PI*251.95*251.95*0
REF*PO*0020070425
REF*ST*07066
REF*DP*043
DTM*999*20070424
RMR*IK*706620070425*PI*429.5*429.5*0
REF*PO*0020070426
REF*ST*07066
REF*DP*043
DTM*999*20070425
RMR*IK*706920070419*PI*124.68*124.68*0
REF*PO*0020070420
REF*ST*07069
REF*DP*043
DTM*999*20070419
RMR*IK*706920070420*PI*275.95*275.95*0
REF*PO*0020070421
REF*ST*07069
REF*DP*043
DTM*999*20070420
RMR*IK*706920070421*PI*468.6*468.6*0
REF*PO*0020070422
REF*ST*07069
REF*DP*043
DTM*999*20070421
RMR*IK*706920070422*PI*415.25*415.25*0
REF*PO*0020070423
REF*ST*07069
REF*DP*043
DTM*999*20070422
RMR*IK*706920070423*PI*254.45*254.45*0
REF*PO*0020070424
REF*ST*07069
REF*DP*043
DTM*999*20070423
RMR*IK*706920070424*PI*211.75*211.75*0
REF*PO*0020070425
REF*ST*07069
REF*DP*043
DTM*999*20070424
RMR*IK*706920070425*PI*212.4*212.4*0
REF*PO*0020070426
REF*ST*07069
REF*DP*043
DTM*999*20070425
RMR*IK*707620070419*PI*180.33*180.33*0
REF*PO*0020070420
REF*ST*07076
REF*DP*043
DTM*999*20070419
RMR*IK*707620070420*PI*71.55*71.55*0
REF*PO*0020070421
REF*ST*07076
REF*DP*043
DTM*999*20070420
RMR*IK*707620070421*PI*201.6*201.6*0
REF*PO*0020070422
REF*ST*07076
REF*DP*043
DTM*999*20070421
RMR*IK*707620070422*PI*228.9*228.9*0
REF*PO*0020070423
REF*ST*07076
REF*DP*043
DTM*999*20070422
RMR*IK*707620070423*PI*49.9*49.9*0
REF*PO*0020070424
REF*ST*07076
REF*DP*043
DTM*999*20070423
RMR*IK*707620070424*PI*94.05*94.05*0
REF*PO*0020070425
REF*ST*07076
REF*DP*043
DTM*999*20070424
RMR*IK*707620070425*PI*88.85*88.85*0
REF*PO*0020070426
REF*ST*07076
REF*DP*043
DTM*999*20070425
RMR*IK*707620070516*PI*-5.6*-5.6*0
REF*PO*0020070518
REF*ST*07076
REF*DP*043
DTM*999*20070516
RMR*IK*713220070419*PI*193.7*193.7*0
REF*PO*0020070420
REF*ST*07132
REF*DP*043
DTM*999*20070419
RMR*IK*713220070420*PI*432.6*432.6*0
REF*PO*0020070421
REF*ST*07132
REF*DP*043
DTM*999*20070420
RMR*IK*713220070421*PI*885.85*885.85*0
REF*PO*0020070422
REF*ST*07132
REF*DP*043
DTM*999*20070421
RMR*IK*713220070422*PI*761.45*761.45*0
REF*PO*0020070423
REF*ST*07132
REF*DP*043
DTM*999*20070422
RMR*IK*713220070423*PI*379.05*379.05*0
REF*PO*0020070424
REF*ST*07132
REF*DP*043
DTM*999*20070423
RMR*IK*713220070424*PI*521.8*521.8*0
REF*PO*0020070425
REF*ST*07132
REF*DP*043
DTM*999*20070424
RMR*IK*713220070425*PI*699.27*699.27*0
REF*PO*0020070426
REF*ST*07132
REF*DP*043
DTM*999*20070425
RMR*IK*714620070419*PI*104.17*104.17*0
REF*PO*0020070420
REF*ST*07146
REF*DP*043
DTM*999*20070419
RMR*IK*714620070420*PI*155.45*155.45*0
REF*PO*0020070421
REF*ST*07146
REF*DP*043
DTM*999*20070420
RMR*IK*714620070421*PI*344.75*344.75*0
REF*PO*0020070422
REF*ST*07146
REF*DP*043
DTM*999*20070421
RMR*IK*714620070422*PI*133.1*133.1*0
REF*PO*0020070423
REF*ST*07146
REF*DP*043
DTM*999*20070422
RMR*IK*714620070423*PI*154.9*154.9*0
REF*PO*0020070424
REF*ST*07146
REF*DP*043
DTM*999*20070423
RMR*IK*714620070424*PI*82.45*82.45*0
REF*PO*0020070425
REF*ST*07146
REF*DP*043
DTM*999*20070424
RMR*IK*714620070425*PI*69.6*69.6*0
REF*PO*0020070426
REF*ST*07146
REF*DP*043
DTM*999*20070425
RMR*IK*715420070419*PI*160.35*160.35*0
REF*PO*0020070420
REF*ST*07154
REF*DP*043
DTM*999*20070419
RMR*IK*715420070420*PI*124.45*124.45*0
REF*PO*0020070421
REF*ST*07154
REF*DP*043
DTM*999*20070420
RMR*IK*715420070421*PI*266.9*266.9*0
REF*PO*0020070422
REF*ST*07154
REF*DP*043
DTM*999*20070421
RMR*IK*715420070422*PI*221.4*221.4*0
REF*PO*0020070423
REF*ST*07154
REF*DP*043
DTM*999*20070422
RMR*IK*715420070423*PI*174.2*174.2*0
REF*PO*0020070424
REF*ST*07154
REF*DP*043
DTM*999*20070423
RMR*IK*715420070424*PI*250.65*250.65*0
REF*PO*0020070425
REF*ST*07154
REF*DP*043
DTM*999*20070424
RMR*IK*715420070425*PI*148.2*148.2*0
REF*PO*0020070426
REF*ST*07154
REF*DP*043
DTM*999*20070425
RMR*IK*718420070419*PI*316.86*316.86*0
REF*PO*0020070420
REF*ST*07184
REF*DP*043
DTM*999*20070419
RMR*IK*718420070420*PI*497.4*497.4*0
REF*PO*0020070421
REF*ST*07184
REF*DP*043
DTM*999*20070420
RMR*IK*718420070421*PI*723.1*723.1*0
REF*PO*0020070422
REF*ST*07184
REF*DP*043
DTM*999*20070421
RMR*IK*718420070422*PI*644.15*644.15*0
REF*PO*0020070423
REF*ST*07184
REF*DP*043
DTM*999*20070422
RMR*IK*718420070423*PI*427.65*427.65*0
REF*PO*0020070424
REF*ST*07184
REF*DP*043
DTM*999*20070423
RMR*IK*718420070424*PI*1105.07*1105.07*0
REF*PO*0020070425
REF*ST*07184
REF*DP*043
DTM*999*20070424
RMR*IK*718420070425*PI*808.67*808.67*0
REF*PO*0020070426
REF*ST*07184
REF*DP*043
DTM*999*20070425
RMR*IK*725520070419*PI*108.64*108.64*0
REF*PO*0020070420
REF*ST*07255
REF*DP*043
DTM*999*20070419
RMR*IK*725520070420*PI*434.5*434.5*0
REF*PO*0020070421
REF*ST*07255
REF*DP*043
DTM*999*20070420
RMR*IK*725520070421*PI*599.55*599.55*0
REF*PO*0020070422
REF*ST*07255
REF*DP*043
DTM*999*20070421
RMR*IK*725520070422*PI*241.35*241.35*0
REF*PO*0020070423
REF*ST*07255
REF*DP*043
DTM*999*20070422
RMR*IK*725520070423*PI*127.5*127.5*0
REF*PO*0020070424
REF*ST*07255
REF*DP*043
DTM*999*20070423
RMR*IK*725520070424*PI*71.65*71.65*0
REF*PO*0020070425
REF*ST*07255
REF*DP*043
DTM*999*20070424
RMR*IK*725520070425*PI*612.29*612.29*0
REF*PO*0020070426
REF*ST*07255
REF*DP*043
DTM*999*20070425
RMR*IK*735420070419*PI*31.05*31.05*0
REF*PO*0020070420
REF*ST*07354
REF*DP*043
DTM*999*20070419
RMR*IK*735420070420*PI*128*128*0
REF*PO*0020070421
REF*ST*07354
REF*DP*043
DTM*999*20070420
RMR*IK*735420070421*PI*345.7*345.7*0
REF*PO*0020070422
REF*ST*07354
REF*DP*043
DTM*999*20070421
RMR*IK*735420070422*PI*167.2*167.2*0
REF*PO*0020070423
REF*ST*07354
REF*DP*043
DTM*999*20070422
RMR*IK*735420070423*PI*93.7*93.7*0
REF*PO*0020070424
REF*ST*07354
REF*DP*043
DTM*999*20070423
RMR*IK*735420070424*PI*81.15*81.15*0
REF*PO*0020070425
REF*ST*07354
REF*DP*043
DTM*999*20070424
RMR*IK*735420070425*PI*64.55*64.55*0
REF*PO*0020070426
REF*ST*07354
REF*DP*043
DTM*999*20070425
RMR*IK*735820070419*PI*286.79*286.79*0
REF*PO*0020070420
REF*ST*07358
REF*DP*043
DTM*999*20070419
RMR*IK*735820070420*PI*578.35*578.35*0
REF*PO*0020070421
REF*ST*07358
REF*DP*043
DTM*999*20070420
RMR*IK*735820070421*PI*1037.95*1037.95*0
REF*PO*0020070422
REF*ST*07358
REF*DP*043
DTM*999*20070421
RMR*IK*735820070422*PI*872.05*872.05*0
REF*PO*0020070423
REF*ST*07358
REF*DP*043
DTM*999*20070422
RMR*IK*735820070423*PI*313.95*313.95*0
REF*PO*0020070424
REF*ST*07358
REF*DP*043
DTM*999*20070423
RMR*IK*735820070424*PI*857.5*857.5*0
REF*PO*0020070425
REF*ST*07358
REF*DP*043
DTM*999*20070424
RMR*IK*735820070425*PI*580*580*0
REF*PO*0020070426
REF*ST*07358
REF*DP*043
DTM*999*20070425
RMR*IK*736020070419*PI*80.59*80.59*0
REF*PO*0020070420
REF*ST*07360
REF*DP*043
DTM*999*20070419
RMR*IK*736020070420*PI*64.9*64.9*0
REF*PO*0020070421
REF*ST*07360
REF*DP*043
DTM*999*20070420
RMR*IK*736020070421*PI*86.65*86.65*0
REF*PO*0020070422
REF*ST*07360
REF*DP*043
DTM*999*20070421
RMR*IK*736020070422*PI*79.1*79.1*0
REF*PO*0020070423
REF*ST*07360
REF*DP*043
DTM*999*20070422
RMR*IK*736020070423*PI*84.1*84.1*0
REF*PO*0020070424
REF*ST*07360
REF*DP*043
DTM*999*20070423
RMR*IK*736020070424*PI*70.25*70.25*0
REF*PO*0020070425
REF*ST*07360
REF*DP*043
DTM*999*20070424
RMR*IK*736020070425*PI*91.15*91.15*0
REF*PO*0020070426
REF*ST*07360
REF*DP*043
DTM*999*20070425
RMR*IK*736220070419*PI*103.28*103.28*0
REF*PO*0020070420
REF*ST*07362
REF*DP*043
DTM*999*20070419
RMR*IK*736220070420*PI*69.45*69.45*0
REF*PO*0020070421
REF*ST*07362
REF*DP*043
DTM*999*20070420
RMR*IK*736220070421*PI*195.15*195.15*0
REF*PO*0020070422
REF*ST*07362
REF*DP*043
DTM*999*20070421
RMR*IK*736220070422*PI*144.8*144.8*0
REF*PO*0020070423
REF*ST*07362
REF*DP*043
DTM*999*20070422
RMR*IK*736220070423*PI*97.9*97.9*0
REF*PO*0020070424
REF*ST*07362
REF*DP*043
DTM*999*20070423
RMR*IK*736220070424*PI*287.6*287.6*0
REF*PO*0020070425
REF*ST*07362
REF*DP*043
DTM*999*20070424
RMR*IK*736220070425*PI*140.35*140.35*0
REF*PO*0020070426
REF*ST*07362
REF*DP*043
DTM*999*20070425
RMR*IK*738820070419*PI*148.49*148.49*0
REF*PO*0020070420
REF*ST*07388
REF*DP*043
DTM*999*20070419
RMR*IK*738820070420*PI*210.4*210.4*0
REF*PO*0020070421
REF*ST*07388
REF*DP*043
DTM*999*20070420
RMR*IK*738820070421*PI*224.65*224.65*0
REF*PO*0020070422
REF*ST*07388
REF*DP*043
DTM*999*20070421
RMR*IK*738820070422*PI*147.25*147.25*0
REF*PO*0020070423
REF*ST*07388
REF*DP*043
DTM*999*20070422
RMR*IK*738820070423*PI*108.4*108.4*0
REF*PO*0020070424
REF*ST*07388
REF*DP*043
DTM*999*20070423
RMR*IK*738820070424*PI*70.8*70.8*0
REF*PO*0020070425
REF*ST*07388
REF*DP*043
DTM*999*20070424
RMR*IK*738820070425*PI*71.9*71.9*0
REF*PO*0020070426
REF*ST*07388
REF*DP*043
DTM*999*20070425
RMR*IK*743720070419*PI*49.82*49.82*0
REF*PO*0020070420
REF*ST*07437
REF*DP*043
DTM*999*20070419
RMR*IK*743720070420*PI*54.3*54.3*0
REF*PO*0020070421
REF*ST*07437
REF*DP*043
DTM*999*20070420
RMR*IK*743720070421*PI*117.95*117.95*0
REF*PO*0020070422
REF*ST*07437
REF*DP*043
DTM*999*20070421
RMR*IK*743720070422*PI*125.7*125.7*0
REF*PO*0020070423
REF*ST*07437
REF*DP*043
DTM*999*20070422
RMR*IK*743720070423*PI*53.4*53.4*0
REF*PO*0020070424
REF*ST*07437
REF*DP*043
DTM*999*20070423
RMR*IK*743720070424*PI*29.65*29.65*0
REF*PO*0020070425
REF*ST*07437
REF*DP*043
DTM*999*20070424
RMR*IK*743720070425*PI*18.05*18.05*0
REF*PO*0020070426
REF*ST*07437
REF*DP*043
DTM*999*20070425
RMR*IK*746020070419*PI*167.51*167.51*0
REF*PO*0020070420
REF*ST*07460
REF*DP*043
DTM*999*20070419
RMR*IK*746020070420*PI*375*375*0
REF*PO*0020070421
REF*ST*07460
REF*DP*043
DTM*999*20070420
RMR*IK*746020070421*PI*746.5*746.5*0
REF*PO*0020070422
REF*ST*07460
REF*DP*043
DTM*999*20070421
RMR*IK*746020070422*PI*862.5*862.5*0
REF*PO*0020070423
REF*ST*07460
REF*DP*043
DTM*999*20070422
RMR*IK*746020070423*PI*334.95*334.95*0
REF*PO*0020070424
REF*ST*07460
REF*DP*043
DTM*999*20070423
RMR*IK*746020070424*PI*470.1*470.1*0
REF*PO*0020070425
REF*ST*07460
REF*DP*043
DTM*999*20070424
RMR*IK*746020070425*PI*370.65*370.65*0
REF*PO*0020070426
REF*ST*07460
REF*DP*043
DTM*999*20070425
RMR*IK*746120070419*PI*60.01*60.01*0
REF*PO*0020070420
REF*ST*07461
REF*DP*043
DTM*999*20070419
RMR*IK*746120070420*PI*155.35*155.35*0
REF*PO*0020070421
REF*ST*07461
REF*DP*043
DTM*999*20070420
RMR*IK*746120070421*PI*326.45*326.45*0
REF*PO*0020070422
REF*ST*07461
REF*DP*043
DTM*999*20070421
RMR*IK*746120070422*PI*276.6*276.6*0
REF*PO*0020070423
REF*ST*07461
REF*DP*043
DTM*999*20070422
RMR*IK*746120070423*PI*198.9*198.9*0
REF*PO*0020070424
REF*ST*07461
REF*DP*043
DTM*999*20070423
RMR*IK*746120070424*PI*173.75*173.75*0
REF*PO*0020070425
REF*ST*07461
REF*DP*043
DTM*999*20070424
RMR*IK*746120070425*PI*236.1*236.1*0
REF*PO*0020070426
REF*ST*07461
REF*DP*043
DTM*999*20070425
RMR*IK*755820070419*PI*63.81*63.81*0
REF*PO*0020070420
REF*ST*07558
REF*DP*043
DTM*999*20070419
RMR*IK*755820070420*PI*228.3*228.3*0
REF*PO*0020070421
REF*ST*07558
REF*DP*043
DTM*999*20070420
RMR*IK*755820070421*PI*230.35*230.35*0
REF*PO*0020070422
REF*ST*07558
REF*DP*043
DTM*999*20070421
RMR*IK*755820070422*PI*162.15*162.15*0
REF*PO*0020070423
REF*ST*07558
REF*DP*043
DTM*999*20070422
RMR*IK*755820070423*PI*115*115*0
REF*PO*0020070424
REF*ST*07558
REF*DP*043
DTM*999*20070423
RMR*IK*755820070424*PI*80.35*80.35*0
REF*PO*0020070425
REF*ST*07558
REF*DP*043
DTM*999*20070424
RMR*IK*755820070425*PI*93.65*93.65*0
REF*PO*0020070426
REF*ST*07558
REF*DP*043
DTM*999*20070425
RMR*IK*760720070419*PI*221.99*221.99*0
REF*PO*0020070420
REF*ST*07607
REF*DP*043
DTM*999*20070419
RMR*IK*760720070420*PI*338.75*338.75*0
REF*PO*0020070421
REF*ST*07607
REF*DP*043
DTM*999*20070420
RMR*IK*760720070421*PI*721.3*721.3*0
REF*PO*0020070422
REF*ST*07607
REF*DP*043
DTM*999*20070421
RMR*IK*760720070422*PI*560.8*560.8*0
REF*PO*0020070423
REF*ST*07607
REF*DP*043
DTM*999*20070422
RMR*IK*760720070423*PI*182.5*182.5*0
REF*PO*0020070424
REF*ST*07607
REF*DP*043
DTM*999*20070423
RMR*IK*760720070424*PI*117.05*117.05*0
REF*PO*0020070425
REF*ST*07607
REF*DP*043
DTM*999*20070424
RMR*IK*760720070425*PI*553.94*553.94*0
REF*PO*0020070426
REF*ST*07607
REF*DP*043
DTM*999*20070425
RMR*IK*761020070419*PI*216.65*216.65*0
REF*PO*0020070420
REF*ST*07610
REF*DP*043
DTM*999*20070419
RMR*IK*761020070420*PI*205.75*205.75*0
REF*PO*0020070421
REF*ST*07610
REF*DP*043
DTM*999*20070420
RMR*IK*761020070421*PI*405.2*405.2*0
REF*PO*0020070422
REF*ST*07610
REF*DP*043
DTM*999*20070421
RMR*IK*761020070422*PI*347.35*347.35*0
REF*PO*0020070423
REF*ST*07610
REF*DP*043
DTM*999*20070422
RMR*IK*761020070423*PI*282.95*282.95*0
REF*PO*0020070424
REF*ST*07610
REF*DP*043
DTM*999*20070423
RMR*IK*761020070424*PI*275.69*275.69*0
REF*PO*0020070425
REF*ST*07610
REF*DP*043
DTM*999*20070424
RMR*IK*761020070425*PI*366.71*366.71*0
REF*PO*0020070426
REF*ST*07610
REF*DP*043
DTM*999*20070425
RMR*IK*762920070419*PI*200.97*200.97*0
REF*PO*0020070420
REF*ST*07629
REF*DP*043
DTM*999*20070419
RMR*IK*762920070420*PI*253.15*253.15*0
REF*PO*0020070421
REF*ST*07629
REF*DP*043
DTM*999*20070420
RMR*IK*762920070421*PI*330.85*330.85*0
REF*PO*0020070422
REF*ST*07629
REF*DP*043
DTM*999*20070421
RMR*IK*762920070422*PI*5.75*5.75*0
REF*PO*0020070427
REF*ST*07629
REF*DP*043
DTM*999*20070422
RMR*IK*762920070422*PI*426.1*426.1*0
REF*PO*0020070423
REF*ST*07629
REF*DP*043
DTM*999*20070422
RMR*IK*762920070423*PI*176.05*176.05*0
REF*PO*0020070424
REF*ST*07629
REF*DP*043
DTM*999*20070423
RMR*IK*762920070424*PI*176.45*176.45*0
REF*PO*0020070425
REF*ST*07629
REF*DP*043
DTM*999*20070424
RMR*IK*762920070425*PI*245.55*245.55*0
REF*PO*0020070426
REF*ST*07629
REF*DP*043
DTM*999*20070425
RMR*IK*763720070419*PI*25.74*25.74*0
REF*PO*0020070420
REF*ST*07637
REF*DP*043
DTM*999*20070419
RMR*IK*763720070420*PI*91.65*91.65*0
REF*PO*0020070421
REF*ST*07637
REF*DP*043
DTM*999*20070420
RMR*IK*763720070421*PI*171.55*171.55*0
REF*PO*0020070422
REF*ST*07637
REF*DP*043
DTM*999*20070421
RMR*IK*763720070422*PI*162.85*162.85*0
REF*PO*0020070423
REF*ST*07637
REF*DP*043
DTM*999*20070422
RMR*IK*763720070423*PI*98.75*98.75*0
REF*PO*0020070424
REF*ST*07637
REF*DP*043
DTM*999*20070423
RMR*IK*763720070424*PI*88.2*88.2*0
REF*PO*0020070425
REF*ST*07637
REF*DP*043
DTM*999*20070424
RMR*IK*763720070425*PI*105.25*105.25*0
REF*PO*0020070426
REF*ST*07637
REF*DP*043
DTM*999*20070425
RMR*IK*771820070419*PI*482.91*482.91*0
REF*PO*0020070420
REF*ST*07718
REF*DP*043
DTM*999*20070419
RMR*IK*771820070420*PI*448.7*448.7*0
REF*PO*0020070421
REF*ST*07718
REF*DP*043
DTM*999*20070420
RMR*IK*771820070421*PI*1473.65*1473.65*0
REF*PO*0020070422
REF*ST*07718
REF*DP*043
DTM*999*20070421
RMR*IK*771820070422*PI*1358.5*1358.5*0
REF*PO*0020070423
REF*ST*07718
REF*DP*043
DTM*999*20070422
RMR*IK*771820070423*PI*938.7*938.7*0
REF*PO*0020070424
REF*ST*07718
REF*DP*043
DTM*999*20070423
RMR*IK*771820070424*PI*500.35*500.35*0
REF*PO*0020070425
REF*ST*07718
REF*DP*043
DTM*999*20070424
RMR*IK*771820070425*PI*776.4*776.4*0
REF*PO*0020070426
REF*ST*07718
REF*DP*043
DTM*999*20070425
RMR*IK*771920070419*PI*206.52*206.52*0
REF*PO*0020070420
REF*ST*07719
REF*DP*043
DTM*999*20070419
RMR*IK*771920070420*PI*259.75*259.75*0
REF*PO*0020070421
REF*ST*07719
REF*DP*043
DTM*999*20070420
RMR*IK*771920070421*PI*353.3*353.3*0
REF*PO*0020070422
REF*ST*07719
REF*DP*043
DTM*999*20070421
RMR*IK*771920070422*PI*201.25*201.25*0
REF*PO*0020070423
REF*ST*07719
REF*DP*043
DTM*999*20070422
RMR*IK*771920070423*PI*369.2*369.2*0
REF*PO*0020070424
REF*ST*07719
REF*DP*043
DTM*999*20070423
RMR*IK*771920070424*PI*349.6*349.6*0
REF*PO*0020070425
REF*ST*07719
REF*DP*043
DTM*999*20070424
RMR*IK*771920070425*PI*214*214*0
REF*PO*0020070426
REF*ST*07719
REF*DP*043
DTM*999*20070425
RMR*AP*MA07132398334*PI*-1600*-1600*0
REF*ST*08500
REF*DP*043
DTM*999*20070512
RMR*IK*921720070419*PI*78.53*78.53*0
REF*PO*0020070420
REF*ST*09217
REF*DP*043
DTM*999*20070419
RMR*IK*921720070420*PI*85.2*85.2*0
REF*PO*0020070421
REF*ST*09217
REF*DP*043
DTM*999*20070420
RMR*IK*921720070421*PI*335.8*335.8*0
REF*PO*0020070422
REF*ST*09217
REF*DP*043
DTM*999*20070421
RMR*IK*921720070422*PI*168.8*168.8*0
REF*PO*0020070423
REF*ST*09217
REF*DP*043
DTM*999*20070422
RMR*IK*921720070423*PI*134.85*134.85*0
REF*PO*0020070424
REF*ST*09217
REF*DP*043
DTM*999*20070423
RMR*IK*921720070424*PI*146.65*146.65*0
REF*PO*0020070425
REF*ST*09217
REF*DP*043
DTM*999*20070424
RMR*IK*921720070425*PI*123.5*123.5*0
REF*PO*0020070426
REF*ST*09217
REF*DP*043
DTM*999*20070425
RMR*IK*951320070419*PI*59.21*59.21*0
REF*PO*0020070420
REF*ST*09513
REF*DP*043
DTM*999*20070419
RMR*IK*951320070420*PI*124.85*124.85*0
REF*PO*0020070421
REF*ST*09513
REF*DP*043
DTM*999*20070420
RMR*IK*951320070421*PI*143.05*143.05*0
REF*PO*0020070422
REF*ST*09513
REF*DP*043
DTM*999*20070421
RMR*IK*951320070422*PI*218.2*218.2*0
REF*PO*0020070423
REF*ST*09513
REF*DP*043
DTM*999*20070422
RMR*IK*951320070423*PI*101.6*101.6*0
REF*PO*0020070424
REF*ST*09513
REF*DP*043
DTM*999*20070423
RMR*IK*951320070424*PI*189.35*189.35*0
REF*PO*0020070425
REF*ST*09513
REF*DP*043
DTM*999*20070424
RMR*IK*951320070425*PI*126.3*126.3*0
REF*PO*0020070426
REF*ST*09513
REF*DP*043
DTM*999*20070425
RMR*IK*956020070419*PI*18.66*18.66*0
REF*PO*0020070420
REF*ST*09560
REF*DP*043
DTM*999*20070419
RMR*IK*956020070420*PI*71.75*71.75*0
REF*PO*0020070421
REF*ST*09560
REF*DP*043
DTM*999*20070420
RMR*IK*956020070421*PI*88.8*88.8*0
REF*PO*0020070422
REF*ST*09560
REF*DP*043
DTM*999*20070421
RMR*IK*956020070422*PI*38.4*38.4*0
REF*PO*0020070423
REF*ST*09560
REF*DP*043
DTM*999*20070422
RMR*IK*956020070423*PI*19.2*19.2*0
REF*PO*0020070424
REF*ST*09560
REF*DP*043
DTM*999*20070423
RMR*IK*956020070424*PI*41.3*41.3*0
REF*PO*0020070425
REF*ST*09560
REF*DP*043
DTM*999*20070424
RMR*IK*956020070425*PI*72*72*0
REF*PO*0020070426
REF*ST*09560
REF*DP*043
DTM*999*20070425
RMR*IK*957120070419*PI*89.17*89.17*0
REF*PO*0020070420
REF*ST*09571
REF*DP*043
DTM*999*20070419
RMR*IK*957120070420*PI*150.95*150.95*0
REF*PO*0020070421
REF*ST*09571
REF*DP*043
DTM*999*20070420
RMR*IK*957120070421*PI*201.35*201.35*0
REF*PO*0020070422
REF*ST*09571
REF*DP*043
DTM*999*20070421
RMR*IK*957120070422*PI*198.8*198.8*0
REF*PO*0020070423
REF*ST*09571
REF*DP*043
DTM*999*20070422
RMR*IK*957120070423*PI*223.4*223.4*0
REF*PO*0020070424
REF*ST*09571
REF*DP*043
DTM*999*20070423
RMR*IK*957120070424*PI*204.1*204.1*0
REF*PO*0020070425
REF*ST*09571
REF*DP*043
DTM*999*20070424
RMR*IK*957120070425*PI*179.35*179.35*0
REF*PO*0020070426
REF*ST*09571
REF*DP*043
DTM*999*20070425
RMR*IK*962020070419*PI*263.81*263.81*0
REF*PO*0020070420
REF*ST*09620
REF*DP*043
DTM*999*20070419
RMR*IK*962020070420*PI*331*331*0
REF*PO*0020070421
REF*ST*09620
REF*DP*043
DTM*999*20070420
RMR*IK*962020070421*PI*433.55*433.55*0
REF*PO*0020070422
REF*ST*09620
REF*DP*043
DTM*999*20070421
RMR*IK*962020070422*PI*239.25*239.25*0
REF*PO*0020070423
REF*ST*09620
REF*DP*043
DTM*999*20070422
RMR*IK*962020070423*PI*357.9*357.9*0
REF*PO*0020070424
REF*ST*09620
REF*DP*043
DTM*999*20070423
RMR*IK*962020070424*PI*411.35*411.35*0
REF*PO*0020070425
REF*ST*09620
REF*DP*043
DTM*999*20070424
RMR*IK*962020070425*PI*389*389*0
REF*PO*0020070426
REF*ST*09620
REF*DP*043
DTM*999*20070425
RMR*IK*962120070419*PI*254.67*254.67*0
REF*PO*0020070420
REF*ST*09621
REF*DP*043
DTM*999*20070419
RMR*IK*962120070420*PI*291.6*291.6*0
REF*PO*0020070421
REF*ST*09621
REF*DP*043
DTM*999*20070420
RMR*IK*962120070421*PI*598.2*598.2*0
REF*PO*0020070422
REF*ST*09621
REF*DP*043
DTM*999*20070421
RMR*IK*962120070422*PI*331.4*331.4*0
REF*PO*0020070423
REF*ST*09621
REF*DP*043
DTM*999*20070422
RMR*IK*962120070423*PI*80.9*80.9*0
REF*PO*0020070424
REF*ST*09621
REF*DP*043
DTM*999*20070423
RMR*IK*962120070424*PI*361.72*361.72*0
REF*PO*0020070425
REF*ST*09621
REF*DP*043
DTM*999*20070424
RMR*IK*962120070425*PI*534.58*534.58*0
REF*PO*0020070426
REF*ST*09621
REF*DP*043
DTM*999*20070425
RMR*IK*962220070419*PI*85.42*85.42*0
REF*PO*0020070420
REF*ST*09622
REF*DP*043
DTM*999*20070419
RMR*IK*962220070420*PI*176.2*176.2*0
REF*PO*0020070421
REF*ST*09622
REF*DP*043
DTM*999*20070420
RMR*IK*962220070421*PI*73.75*73.75*0
REF*PO*0020070422
REF*ST*09622
REF*DP*043
DTM*999*20070421
RMR*IK*962220070422*PI*71.4*71.4*0
REF*PO*0020070423
REF*ST*09622
REF*DP*043
DTM*999*20070422
RMR*IK*962220070423*PI*276.2*276.2*0
REF*PO*0020070424
REF*ST*09622
REF*DP*043
DTM*999*20070423
RMR*IK*962220070424*PI*169*169*0
REF*PO*0020070425
REF*ST*09622
REF*DP*043
DTM*999*20070424
RMR*IK*962220070425*PI*267.45*267.45*0
REF*PO*0020070426
REF*ST*09622
REF*DP*043
DTM*999*20070425
RMR*IK*962520070419*PI*70.33*70.33*0
REF*PO*0020070420
REF*ST*09625
REF*DP*043
DTM*999*20070419
RMR*IK*962520070420*PI*143.95*143.95*0
REF*PO*0020070421
REF*ST*09625
REF*DP*043
DTM*999*20070420
RMR*IK*962520070421*PI*271.4*271.4*0
REF*PO*0020070422
REF*ST*09625
REF*DP*043
DTM*999*20070421
RMR*IK*962520070422*PI*309.3*309.3*0
REF*PO*0020070424
REF*ST*09625
REF*DP*043
DTM*999*20070422
RMR*IK*962520070423*PI*137.4*137.4*0
REF*PO*0020070424
REF*ST*09625
REF*DP*043
DTM*999*20070423
RMR*IK*962520070424*PI*136.4*136.4*0
REF*PO*0020070425
REF*ST*09625
REF*DP*043
DTM*999*20070424
RMR*IK*962520070425*PI*72.75*72.75*0
REF*PO*0020070501
REF*ST*09625
REF*DP*043
DTM*999*20070425
RMR*IK*962920070419*PI*251.09*251.09*0
REF*PO*0020070420
REF*ST*09629
REF*DP*043
DTM*999*20070419
RMR*IK*962920070420*PI*264.25*264.25*0
REF*PO*0020070421
REF*ST*09629
REF*DP*043
DTM*999*20070420
RMR*IK*962920070421*PI*174.25*174.25*0
REF*PO*0020070422
REF*ST*09629
REF*DP*043
DTM*999*20070421
RMR*IK*962920070422*PI*208.55*208.55*0
REF*PO*0020070423
REF*ST*09629
REF*DP*043
DTM*999*20070422
RMR*IK*962920070423*PI*154.2*154.2*0
REF*PO*0020070424
REF*ST*09629
REF*DP*043
DTM*999*20070423
RMR*IK*962920070424*PI*114.15*114.15*0
REF*PO*0020070425
REF*ST*09629
REF*DP*043
DTM*999*20070424
RMR*IK*962920070425*PI*80.45*80.45*0
REF*PO*0020070426
REF*ST*09629
REF*DP*043
DTM*999*20070425
RMR*IK*963320070419*PI*222.68*222.68*0
REF*PO*0020070420
REF*ST*09633
REF*DP*043
DTM*999*20070419
RMR*IK*963320070420*PI*357.2*357.2*0
REF*PO*0020070421
REF*ST*09633
REF*DP*043
DTM*999*20070420
RMR*IK*963320070421*PI*1191.31*1191.31*0
REF*PO*0020070422
REF*ST*09633
REF*DP*043
DTM*999*20070421
RMR*IK*963320070422*PI*821.6*821.6*0
REF*PO*0020070423
REF*ST*09633
REF*DP*043
DTM*999*20070422
RMR*IK*963320070423*PI*456.63*456.63*0
REF*PO*0020070424
REF*ST*09633
REF*DP*043
DTM*999*20070423
RMR*IK*963320070424*PI*491.9*491.9*0
REF*PO*0020070425
REF*ST*09633
REF*DP*043
DTM*999*20070424
RMR*IK*963320070425*PI*863.43*863.43*0
REF*PO*0020070426
REF*ST*09633
REF*DP*043
DTM*999*20070425
RMR*IK*963920070419*PI*35.66*35.66*0
REF*PO*0020070420
REF*ST*09639
REF*DP*043
DTM*999*20070419
RMR*IK*963920070420*PI*16.25*16.25*0
REF*PO*0020070421
REF*ST*09639
REF*DP*043
DTM*999*20070420
RMR*IK*963920070421*PI*135.8*135.8*0
REF*PO*0020070422
REF*ST*09639
REF*DP*043
DTM*999*20070421
RMR*IK*963920070422*PI*54.15*54.15*0
REF*PO*0020070423
REF*ST*09639
REF*DP*043
DTM*999*20070422
RMR*IK*963920070423*PI*82.85*82.85*0
REF*PO*0020070424
REF*ST*09639
REF*DP*043
DTM*999*20070423
RMR*IK*963920070424*PI*205.6*205.6*0
REF*PO*0020070425
REF*ST*09639
REF*DP*043
DTM*999*20070424
RMR*IK*963920070425*PI*90.75*90.75*0
REF*PO*0020070426
REF*ST*09639
REF*DP*043
DTM*999*20070425
RMR*IK*964820070419*PI*628.36*628.36*0
REF*PO*0020070420
REF*ST*09648
REF*DP*043
DTM*999*20070419
RMR*IK*964820070420*PI*882.14*882.14*0
REF*PO*0020070421
REF*ST*09648
REF*DP*043
DTM*999*20070420
RMR*IK*964820070421*PI*2053.15*2053.15*0
REF*PO*0020070422
REF*ST*09648
REF*DP*043
DTM*999*20070421
RMR*IK*964820070422*PI*1100.79*1100.79*0
REF*PO*0020070423
REF*ST*09648
REF*DP*043
DTM*999*20070422
RMR*IK*964820070423*PI*1232.89*1232.89*0
REF*PO*0020070424
REF*ST*09648
REF*DP*043
DTM*999*20070423
RMR*IK*964820070424*PI*385.19*385.19*0
REF*PO*0020070425
REF*ST*09648
REF*DP*043
DTM*999*20070424
RMR*IK*964820070425*PI*607.06*607.06*0
REF*PO*0020070426
REF*ST*09648
REF*DP*043
DTM*999*20070425
RMR*IK*967420070419*PI*106.63*106.63*0
REF*PO*0020070420
REF*ST*09674
REF*DP*043
DTM*999*20070419
RMR*IK*967420070420*PI*132.55*132.55*0
REF*PO*0020070421
REF*ST*09674
REF*DP*043
DTM*999*20070420
RMR*IK*967420070421*PI*185*185*0
REF*PO*0020070422
REF*ST*09674
REF*DP*043
DTM*999*20070421
RMR*IK*967420070422*PI*321.85*321.85*0
REF*PO*0020070423
REF*ST*09674
REF*DP*043
DTM*999*20070422
RMR*IK*967420070423*PI*126.25*126.25*0
REF*PO*0020070424
REF*ST*09674
REF*DP*043
DTM*999*20070423
RMR*IK*967420070424*PI*92.1*92.1*0
REF*PO*0020070425
REF*ST*09674
REF*DP*043
DTM*999*20070424
RMR*IK*967420070425*PI*276.85*276.85*0
REF*PO*0020070426
REF*ST*09674
REF*DP*043
DTM*999*20070425
RMR*IK*971420070419*PI*126.25*126.25*0
REF*PO*0020070420
REF*ST*09714
REF*DP*043
DTM*999*20070419
RMR*IK*971420070420*PI*185.55*185.55*0
REF*PO*0020070421
REF*ST*09714
REF*DP*043
DTM*999*20070420
RMR*IK*971420070421*PI*194.35*194.35*0
REF*PO*0020070422
REF*ST*09714
REF*DP*043
DTM*999*20070421
RMR*IK*971420070422*PI*215.5*215.5*0
REF*PO*0020070423
REF*ST*09714
REF*DP*043
DTM*999*20070422
RMR*IK*971420070423*PI*246.4*246.4*0
REF*PO*0020070424
REF*ST*09714
REF*DP*043
DTM*999*20070423
RMR*IK*971420070424*PI*292.5*292.5*0
REF*PO*0020070425
REF*ST*09714
REF*DP*043
DTM*999*20070424
RMR*IK*971420070425*PI*159.6*159.6*0
REF*PO*0020070426
REF*ST*09714
REF*DP*043
DTM*999*20070425
RMR*IK*972820070419*PI*110.89*110.89*0
REF*PO*0020070420
REF*ST*09728
REF*DP*043
DTM*999*20070419
RMR*IK*972820070420*PI*118.3*118.3*0
REF*PO*0020070421
REF*ST*09728
REF*DP*043
DTM*999*20070420
RMR*IK*972820070421*PI*265.25*265.25*0
REF*PO*0020070422
REF*ST*09728
REF*DP*043
DTM*999*20070421
RMR*IK*972820070422*PI*304.25*304.25*0
REF*PO*0020070423
REF*ST*09728
REF*DP*043
DTM*999*20070422
RMR*IK*972820070423*PI*109.75*109.75*0
REF*PO*0020070424
REF*ST*09728
REF*DP*043
DTM*999*20070423
RMR*IK*972820070424*PI*70.85*70.85*0
REF*PO*0020070425
REF*ST*09728
REF*DP*043
DTM*999*20070424
RMR*IK*972820070425*PI*39*39*0
REF*PO*0020070426
REF*ST*09728
REF*DP*043
DTM*999*20070425
RMR*IK*973520070419*PI*187.95*187.95*0
REF*PO*0020070420
REF*ST*09735
REF*DP*043
DTM*999*20070419
RMR*IK*973520070420*PI*240.1*240.1*0
REF*PO*0020070421
REF*ST*09735
REF*DP*043
DTM*999*20070420
RMR*IK*973520070421*PI*116.75*116.75*0
REF*PO*0020070422
REF*ST*09735
REF*DP*043
DTM*999*20070421
RMR*IK*973520070422*PI*202.8*202.8*0
REF*PO*0020070423
REF*ST*09735
REF*DP*043
DTM*999*20070422
RMR*IK*973520070423*PI*232.2*232.2*0
REF*PO*0020070424
REF*ST*09735
REF*DP*043
DTM*999*20070423
RMR*IK*973520070424*PI*137.95*137.95*0
REF*PO*0020070425
REF*ST*09735
REF*DP*043
DTM*999*20070424
RMR*IK*973520070425*PI*125.1*125.1*0
REF*PO*0020070426
REF*ST*09735
REF*DP*043
DTM*999*20070425
RMR*IK*975820070419*PI*224.06*224.06*0
REF*PO*0020070420
REF*ST*09758
REF*DP*043
DTM*999*20070419
RMR*IK*975820070420*PI*565.9*565.9*0
REF*PO*0020070421
REF*ST*09758
REF*DP*043
DTM*999*20070420
RMR*IK*975820070421*PI*770.8*770.8*0
REF*PO*0020070422
REF*ST*09758
REF*DP*043
DTM*999*20070421
RMR*IK*975820070422*PI*652.7*652.7*0
REF*PO*0020070423
REF*ST*09758
REF*DP*043
DTM*999*20070422
RMR*IK*975820070423*PI*585.75*585.75*0
REF*PO*0020070424
REF*ST*09758
REF*DP*043
DTM*999*20070423
RMR*IK*975820070424*PI*606.81*606.81*0
REF*PO*0020070425
REF*ST*09758
REF*DP*043
DTM*999*20070424
RMR*IK*975820070425*PI*510.42*510.42*0
REF*PO*0020070426
REF*ST*09758
REF*DP*043
DTM*999*20070425
RMR*IK*975820070516*PI*-4.75*-4.75*0
REF*PO*0020070518
REF*ST*09758
REF*DP*043
DTM*999*20070516
SE*4108*0001
GE*1*1000069
IEA*1*001000069
ISA*00*          *00*          *08*9254291001     *12*6154525825     *070522*0421*U*00400*000000023*0*P*>
GS*PD*9254291001*6154525825*20070522*0421*23*X*004010
ST*852*0001
XQ*H*20070522
N9*AD*T00000040
LIN**IN*002904411*ZZ*43*UP*831664001160*****DG*1*VS*00000
ZA*QS***006*20070521
CTP**UCP*.35
SDQ*EA*ZZ*3348*1*4198*3*7255*10*7461*1*7607*1
CTT*1
SE*9*0001
ST*852*0002
XQ*H*20070522
N9*AD*T00000040
LIN**IN*002916611*ZZ*43*UP*831664001184*****DG*1*VS*00000
ZA*QS***006*20070520
CTP**UCP*3.2
SDQ*EA*ZZ*5023*1
LIN**IN*002916611*ZZ*43*UP*831664001184*****DG*6*VS*00000
ZA*QS***006*20070521
CTP**UCP*3.2
SDQ*EA*ZZ*3063*16*3083*6*3103*2*3143*12*3644*16*3646*10*3672*2*3703*25*3715*8*3822*1
SDQ*EA*ZZ*3848*3*3941*3*3966*3*3978*1*3996*1*4093*10*4103*6*4244*2*4308*1*4312*3
SDQ*EA*ZZ*4475*1*4489*1*4717*6*4753*5*4817*3*4835*1*4883*15*4970*3*7045*2*7066*5
SDQ*EA*ZZ*7069*4*7076*1*7132*9*7255*3*7358*19*7388*1*7460*7*7607*3*7610*1*9513*11
SDQ*EA*ZZ*9571*2*9633*11*9674*4*9735*2*9758*9
CTT*2
SE*17*0002
ST*852*0003
XQ*H*20070522
N9*AD*T00000040
LIN**IN*016303311*ZZ*43*UP*831664001283*****DG*6*VS*00000
ZA*QS***006*20070521
CTP**UCP*9
SDQ*EA*ZZ*4122*1*7184*1*7388*3*9217*2*9621*1
LIN**IN*016303311*ZZ*43*UP*831664001283*****DG*8*VS*00000
ZA*QS***006*20070521
CTP**UCP*9
SDQ*EA*ZZ*4817*1
CTT*2
SE*13*0003
ST*852*0004
XQ*H*20070522
N9*AD*T00000040
LIN**IN*025393811*ZZ*43*UP*831664001238*****DG*1*VS*00000
ZA*QS***006*20070521
CTP**UCP*6
SDQ*EA*ZZ*3644*1*3646*1*3661*2*3703*1*3836*2*3941*1*3996*2*4071*3*4719*2*4883*1
SDQ*EA*ZZ*7045*1*7132*2*7184*2*7607*1*9621*1
CTT*1
SE*10*0004
ST*852*0005
XQ*H*20070522
N9*AD*T00000040
LIN**IN*025395211*ZZ*43*UP*831664001252*****DG*1*VS*00000
ZA*QS***006*20070521
CTP**UCP*7.9
SDQ*EA*ZZ*4129*2
CTT*1
SE*9*0005
ST*852*0006
XQ*H*20070522
N9*AD*T00000040
LIN**IN*025397611*ZZ*43*UP*831664001245*****DG*1*VS*00000
ZA*QS***006*20070521
CTP**UCP*4.5
SDQ*EA*ZZ*3289*1*3602*3*3644*1*3661*1*3675*1*3685*1*3715*1*3836*1*3941*3*3978*2
SDQ*EA*ZZ*3996*2*4033*3*4093*1*4103*1*4189*2*4244*4*4717*3*4769*1*7184*1*7255*4
SDQ*EA*ZZ*7360*1*7629*2*7718*2*9513*1*9571*1*9633*1*9758*1
LIN**IN*025397611*ZZ*43*UP*831664001245*****DG*3*VS*00000
ZA*QS***006*20070521
CTP**UCP*4.5
SDQ*EA*ZZ*3703*1
LIN**IN*025397611*ZZ*43*UP*831664001245*****DG*4*VS*00000
ZA*QS***006*20070521
CTP**UCP*4.5
SDQ*EA*ZZ*7184*2
LIN**IN*025397611*ZZ*43*UP*831664001245*****DG*5*VS*00000
ZA*QS***006*20070521
CTP**UCP*4.5
SDQ*EA*ZZ*3355*1*3644*1*4244*1*4719*2*7461*2*9513*2
LIN**IN*025397611*ZZ*43*UP*831664001245*****DG*8*VS*00000
ZA*QS***006*20070521
CTP**UCP*4.5
SDQ*EA*ZZ*3876*1*3946*1*4071*1*7184*1
CTT*5
SE*27*0006
ST*852*0007
XQ*H*20070522
N9*AD*T00000040
LIN**IN*025408511*ZZ*43*UP*831664001269*****DG*1*VS*00000
ZA*QS***006*20070521
CTP**UCP*3.5
SDQ*EA*ZZ*7184*1
CTT*1
SE*9*0007
ST*852*0008
XQ*H*20070522
N9*AD*T00000040
LIN**IN*025412011*ZZ*43*UP*831664001276*****DG*1*VS*00000
ZA*QS***006*20070521
CTP**UCP*1.95
SDQ*EA*ZZ*3063*2*3103*1*3644*3*3646*1*3661*2*3848*2*3931*1*3941*9*3978*1*4093*4
SDQ*EA*ZZ*4103*1*4719*3*4817*1*7045*1*7132*4*7146*2*7184*4*7255*2*7388*1*7460*1
SDQ*EA*ZZ*7718*1*9571*2*9622*2*9648*2*9758*2
CTT*1
SE*11*0008
ST*852*0009
XQ*H*20070522
N9*AD*T00000040
LIN**IN*033281811*ZZ*43*UP*831664001290*****DG*1*VS*00000
ZA*QS***006*20070521
CTP**UCP*3.3
SDQ*EA*ZZ*3063*4*3143*9*3703*4*3822*7*4093*12*4244*14*4308*3*4717*9*4817*3*4883*3
SDQ*EA*ZZ*7066*4*7069*3*7076*1*7354*2*7358*5*7460*6*9513*2*9633*2*9674*3*9728*10
SDQ*EA*ZZ*9735*3
LIN**IN*033281811*ZZ*43*UP*831664001290*****DG*3*VS*00000
ZA*QS***006*20070521
CTP**UCP*3.3
SDQ*EA*ZZ*7607*9
LIN**IN*033281811*ZZ*43*UP*831664001290*****DG*5*VS*00000
ZA*QS***006*20070521
CTP**UCP*3.3
SDQ*EA*ZZ*7132*1
CTT*3
SE*19*0009
ST*852*0010
XQ*H*20070522
N9*AD*T00000040
LIN**IN*044488711*ZZ*43*UP*831664001306*****DG*1*VS*00000
ZA*QS***006*20070521
CTP**UCP*6
SDQ*EA*ZZ*3083*1*3084*3*3143*3*3359*1*3602*2*3661*1*3822*1*4103*2*4198*1*4719*3
SDQ*EA*ZZ*4753*1*7066*1*7184*1*7358*2*7388*2*7607*1*7610*2*9571*1*9621*6*9625*1
SDQ*EA*ZZ*9758*1
CTT*1
SE*11*0010
ST*852*0011
XQ*H*20070522
N9*AD*T00000040
LIN**IN*053241411*ZZ*43*UP*831664001313*****DG*1*VS*00000
ZA*QS***006*20070520
CTP**UCP*1
SDQ*EA*ZZ*5023*6
ZA*QS***006*20070521
CTP**UCP*1
SDQ*EA*ZZ*3063*3*3083*2*3084*15*3103*6*3194*3*3219*3*3289*1*3355*1*3359*2*3408*4
SDQ*EA*ZZ*3644*5*3646*34*3660*3*3661*3*3675*2*3703*6*3715*2*3966*1*3978*3*3994*8
SDQ*EA*ZZ*3996*12*4071*4*4093*4*4103*10*4122*2*4189*1*4244*2*4308*1*4489*2*4717*11
SDQ*EA*ZZ*4719*5*4739*4*4753*9*4817*5*4883*8*7045*2*7059*8*7066*2*7076*11*7132*1
SDQ*EA*ZZ*7154*4*7184*1*7255*3*7354*4*7358*2*7388*3*7460*5*7607*1*7629*3*7719*-2
SDQ*EA*ZZ*9217*2*9513*10*9621*2*9622*2*9625*4*9633*3*9648*5*9674*8*9728*2*9758*1
LIN**IN*053241411*ZZ*43*UP*831664001313*****DG*4*VS*00000
ZA*QS***006*20070521
CTP**UCP*1
SDQ*EA*ZZ*9629*3
LIN**IN*053241411*ZZ*43*UP*831664001313*****DG*5*VS*00000
ZA*QS***006*20070521
CTP**UCP*1
SDQ*EA*ZZ*7132*8
LIN**IN*053241411*ZZ*43*UP*831664001313*****DG*8*VS*00000
ZA*QS***006*20070521
CTP**UCP*1
SDQ*EA*ZZ*3194*1
CTT*4
SE*29*0011
ST*852*0012
XQ*H*20070522
N9*AD*T00000040
LIN**IN*059646911*ZZ*43*UP*831664001177*****DG*1*VS*00000
ZA*QS***006*20070521
CTP**UCP*4.25
SDQ*EA*ZZ*3063*2*3083*9*3359*4*3644*9*3646*9*3703*3*3715*2*3822*4*3836*4*3929*3
SDQ*EA*ZZ*3931*6*3966*2*4093*21*4103*19*4244*5*4308*2*4719*3*4739*5*4753*2*4769*6
SDQ*EA*ZZ*4817*9*4835*1*4970*8*7045*5*7066*2*7132*6*7184*3*7354*2*7358*7*7461*3
SDQ*EA*ZZ*7607*10*9621*4*9648*9
LIN**IN*059646911*ZZ*43*UP*831664001177*****DG*5*VS*00000
ZA*QS***006*20070521
CTP**UCP*4.25
SDQ*EA*ZZ*3644*1
CTT*2
SE*16*0012
ST*852*0013
XQ*H*20070522
N9*AD*T00000040
LIN**IN*059647211*ZZ*43*UP*831664001191*****DG*1*VS*00000
ZA*QS***006*20070521
CTP**UCP*4.95
SDQ*EA*ZZ*3063*6*3083*4*3359*2*3644*8*3646*11*3703*11*3715*1*3836*2*3966*3*4093*14
SDQ*EA*ZZ*4103*7*4244*10*4308*1*4719*2*4739*5*4753*4*4769*4*4817*11*4835*3*4970*12
SDQ*EA*ZZ*7045*1*7066*2*7132*6*7184*6*7255*1*7354*6*7358*10*7461*3*7607*13*9620*2
SDQ*EA*ZZ*9621*5*9633*8*9648*18
LIN**IN*059647211*ZZ*43*UP*831664001191*****DG*8*VS*00000
ZA*QS***006*20070521
CTP**UCP*4.95
SDQ*EA*ZZ*3836*1
CTT*2
SE*16*0013
ST*852*0014
XQ*H*20070522
N9*AD*T00000040
LIN**IN*076496411*ZZ*43*UP*831664001320*****DG*1*VS*00000
ZA*QS***006*20070521
CTP**UCP*2.95
SDQ*EA*ZZ*3646*8*3822*4
CTT*1
SE*9*0014
ST*852*0015
XQ*H*20070522
N9*AD*T00000040
LIN**IN*096698911*ZZ*43*UP*831664001115*****DG*6*VS*00000
ZA*QS***006*20070521
CTP**UCP*8.75
SDQ*EA*ZZ*3703*1*7255*7
CTT*1
SE*9*0015
ST*852*0016
XQ*H*20070522
N9*AD*T00000040
LIN**IN*096901411*ZZ*43*UP*831664001139*****DG*6*VS*00000
ZA*QS***006*20070521
CTP**UCP*1.95
SDQ*EA*ZZ*3063*3*3082*5*3083*1*3084*3*3143*2*3194*1*3359*2*3644*1*3672*1*3701*1
SDQ*EA*ZZ*3703*1*3715*4*3822*4*3848*1*3931*2*3996*1*4093*1*4103*3*4244*4*4308*1
SDQ*EA*ZZ*4475*2*4717*2*4719*7*4753*1*4817*2*4883*2*7045*2*7066*4*7132*1*7354*5
SDQ*EA*ZZ*7358*1*7460*1*7607*3*7610*2*7637*1*9217*1*9571*1*9621*1*9633*14*9674*5
SDQ*EA*ZZ*9728*2*9735*1*9758*5
CTT*1
SE*13*0016
ST*852*0017
XQ*H*20070522
N9*AD*T00000040
LIN**IN*096901811*ZZ*43*UP*831664001122*****DG*1*VS*00000
ZA*QS***006*20070521
CTP**UCP*4.25
SDQ*EA*ZZ*3348*1*3644*7*3646*2*3715*1*3978*2*4103*1*4244*3*4739*1*7076*1*7146*3
SDQ*EA*ZZ*7184*1*7358*5*7460*1*7461*3*7610*1*7637*1*7718*1*9633*2*9674*1*9735*1
SDQ*EA*ZZ*9758*3
ZA*QS***006*20070521
CTP**UCP*4.85
SDQ*EA*ZZ*3103*1*3661*2*3672*1*3941*2*4122*1*4723*1*4753*1*7255*4*7360*1*9648*1
LIN**IN*096901811*ZZ*43*UP*831664001122*****DG*5*VS*00000
ZA*QS***006*20070521
CTP**UCP*4.25
SDQ*EA*ZZ*3084*1
ZA*QS***006*20070521
CTP**UCP*4.85
SDQ*EA*ZZ*3355*1
CTT*2
SE*21*0017
ST*852*0018
XQ*H*20070522
N9*AD*T00000040
LIN**IN*097065711*ZZ*43*UP*831664000842*****DG*0*VS*00000
ZA*QS***006*20070521
CTP**UCP*6.25
SDQ*EA*ZZ*3265*4
LIN**IN*097065711*ZZ*43*UP*831664000842*****DG*1*VS*00000
ZA*QS***006*20070521
CTP**UCP*5.25
SDQ*EA*ZZ*3143*7*3644*2*3646*2*3703*3*3715*1*3822*2*3836*6*3996*6*4033*1*4071*3
SDQ*EA*ZZ*4093*3*4103*5*4717*3*4719*8*7076*6*7132*3*7184*2*7354*6*7358*6*7460*3
SDQ*EA*ZZ*7461*1*7607*2*7610*2*9633*4*9674*1*9758*1
ZA*QS***006*20070521
CTP**UCP*6.25
SDQ*EA*ZZ*3063*2*3103*4*3170*2*3198*2*3218*7*3220*3*3223*2*3265*6*3272*1*3359*2
SDQ*EA*ZZ*3420*5*3425*1*3484*3*3672*2*3724*6*3941*9*3994*1*4188*11*4198*2*4422*6
SDQ*EA*ZZ*4442*1*4475*1*4769*2*4883*2*7045*1*7131*4*7229*5*7255*3*7397*7*7645*2
SDQ*EA*ZZ*7719*2*9571*2*9620*1*9648*2*9714*2
LIN**IN*097065711*ZZ*43*UP*831664000842*****DG*4*VS*00000
ZA*QS***006*20070521
CTP**UCP*6.25
SDQ*EA*ZZ*4489*2
LIN**IN*097065711*ZZ*43*UP*831664000842*****DG*5*VS*00000
ZA*QS***006*20070521
CTP**UCP*6.25
SDQ*EA*ZZ*3355*3
LIN**IN*097065711*ZZ*43*UP*831664000842*****DG*8*VS*00000
ZA*QS***006*20070521
CTP**UCP*5.25
SDQ*EA*ZZ*3715*2
CTT*5
SE*33*0018
ST*852*0019
XQ*H*20070522
N9*AD*T00000040
LIN**IN*097095611*ZZ*43*UP*831664000019*****DG*1*VS*00000
ZA*QS***006*20070520
CTP**UCP*1.15
SDQ*EA*ZZ*5023*25*5066*1*5070*42*5077*7
ZA*QS***006*20070521
CTP**UCP*1.15
SDQ*EA*ZZ*3063*28*3082*15*3083*80*3084*77*3103*69*3143*55*3194*30*3219*4*3223*10*3289*16
SDQ*EA*ZZ*3348*21*3355*12*3359*18*3408*7*3602*5*3644*73*3646*106*3660*28*3661*16*3672*57
SDQ*EA*ZZ*3675*13*3685*20*3703*126*3713*9*3715*69*3822*100*3836*18*3848*27*3876*10*3905*9
SDQ*EA*ZZ*3929*7*3931*29*3939*3*3941*81*3957*8*3966*13*3975*25*3978*11*3991*2*3994*20
SDQ*EA*ZZ*3996*31*4033*2*4071*31*4093*124*4103*96*4122*8*4189*14*4198*28*4244*117*4308*61
SDQ*EA*ZZ*4312*35*4475*120*4489*2*4717*92*4719*81*4723*1*4739*8*4753*58*4769*42*4817*44
SDQ*EA*ZZ*4835*8*4883*66*4898*5*4970*98*7028*1*7045*31*7059*12*7064*12*7066*26*7069*60
SDQ*EA*ZZ*7076*69*7132*58*7146*9*7154*4*7184*64*7255*175*7354*141*7358*114*7362*28*7388*9
SDQ*EA*ZZ*7437*4*7460*91*7461*31*7558*15*7607*91*7610*59*7629*3*7637*4*7718*84*7719*31
SDQ*EA*ZZ*9217*37*9513*113*9560*21*9571*24*9621*82*9622*16*9625*30*9629*17*9633*137*9639*7
SDQ*EA*ZZ*9648*13*9674*111*9714*6*9728*31*9735*30*9758*92
LIN**IN*097095611*ZZ*43*UP*831664000019*****DG*4*VS*00000
ZA*QS***006*20070521
CTP**UCP*1.15
SDQ*EA*ZZ*7607*3
LIN**IN*097095611*ZZ*43*UP*831664000019*****DG*5*VS*00000
ZA*QS***006*20070521
CTP**UCP*1.15
SDQ*EA*ZZ*3289*1*3355*5*3991*1*4739*2*4883*4*7132*5*9648*48
LIN**IN*097095611*ZZ*43*UP*831664000019*****DG*8*VS*00000
ZA*QS***006*20070521
CTP**UCP*1.15
SDQ*EA*ZZ*3194*1*3355*1*4883*1*9648*4
CTT*4
SE*34*0019
ST*852*0020
XQ*H*20070522
N9*AD*T00000040
LIN**IN*097095711*ZZ*43*UP*831664000255*****DG*1*VS*00000
ZA*QS***006*20070520
CTP**UCP*.65
SDQ*EA*ZZ*5023*2*5077*3
ZA*QS***006*20070521
CTP**UCP*.65
SDQ*EA*ZZ*3083*2*3084*22*3143*3*3355*5*3359*7*3602*1*3644*31*3646*20*3661*2*3672*1
SDQ*EA*ZZ*3675*2*3685*1*3701*2*3703*1*3715*11*3836*6*3848*8*3929*1*3941*9*3996*8
SDQ*EA*ZZ*4033*4*4071*8*4093*7*4103*7*4122*1*4198*1*4244*4*4312*9*4717*24*4719*6
SDQ*EA*ZZ*4739*2*4769*5*4817*2*4835*1*4970*6*7045*3*7064*2*7069*1*7132*2*7255*15
SDQ*EA*ZZ*7358*17*7460*1*7461*3*7607*4*7629*2*7719*13*9217*2*9560*1*9571*2*9620*2
SDQ*EA*ZZ*9621*6*9622*5*9625*1*9633*8*9639*5*9648*33*9674*6*9735*3*9758*12
LIN**IN*097095711*ZZ*43*UP*831664000255*****DG*5*VS*00000
ZA*QS***006*20070521
CTP**UCP*.65
SDQ*EA*ZZ*3355*4
CTT*2
SE*21*0020
ST*852*0021
XQ*H*20070522
N9*AD*T00000040
LIN**IN*097095811*ZZ*43*UP*831664000699*****DG*1*VS*00000
ZA*QS***006*20070521
CTP**UCP*.65
SDQ*EA*ZZ*3063*1*3083*22*3084*5*3143*10*3194*2*3289*6*3359*6*3408*17*3644*15*3646*12
SDQ*EA*ZZ*3660*7*3661*2*3672*4*3703*4*3713*1*3715*36*3836*21*3929*6*3931*4*3941*11
SDQ*EA*ZZ*3996*8*4033*2*4093*29*4103*12*4122*4*4198*9*4244*10*4308*1*4489*2*4717*2
SDQ*EA*ZZ*4719*3*4723*5*4739*14*4753*2*4769*6*4817*6*4970*1*7045*7*7066*6*7069*3
SDQ*EA*ZZ*7076*2*7132*9*7184*10*7358*44*7461*12*7558*6*7607*8*7610*1*7629*1*9513*10
SDQ*EA*ZZ*9560*5*9571*18*9621*5*9629*4*9633*8*9639*1*9648*9*9728*2*9735*5*9758*21
LIN**IN*097095811*ZZ*43*UP*831664000699*****DG*5*VS*00000
ZA*QS***006*20070521
CTP**UCP*.65
SDQ*EA*ZZ*9571*-3
CTT*2
SE*18*0021
ST*852*0022
XQ*H*20070522
N9*AD*T00000040
LIN**IN*097095911*ZZ*43*UP*831664000675*****DG*1*VS*00000
ZA*QS***006*20070520
CTP**UCP*1.95
SDQ*EA*ZZ*5066*4*5077*1
ZA*QS***006*20070521
CTP**UCP*1.95
SDQ*EA*ZZ*3063*7*3082*7*3083*7*3084*13*3103*4*3143*2*3194*1*3289*1*3359*7*3408*2
SDQ*EA*ZZ*3644*12*3646*8*3660*2*3672*4*3675*2*3703*17*3713*9*3836*3*3848*12*3941*5
SDQ*EA*ZZ*3957*1*3966*1*3978*7*3994*5*4033*2*4071*1*4093*11*4103*4*4189*5*4244*17
SDQ*EA*ZZ*4308*2*4475*1*4719*7*4753*3*4760*2*4769*1*4817*9*4835*5*4883*1*4970*3
SDQ*EA*ZZ*7045*4*7059*1*7066*6*7069*4*7076*5*7132*7*7146*5*7154*2*7255*20*7354*3
SDQ*EA*ZZ*7358*2*7362*2*7388*10*7460*11*7461*5*7558*1*7607*3*7629*5*7637*2*7718*5
SDQ*EA*ZZ*7719*11*9217*4*9513*2*9571*5*9621*4*9629*7*9633*9*9639*2*9648*10*9674*-1
SDQ*EA*ZZ*9728*7*9735*2*9758*5
LIN**IN*097095911*ZZ*43*UP*831664000675*****DG*5*VS*00000
ZA*QS***006*20070521
CTP**UCP*1.95
SDQ*EA*ZZ*3355*2
LIN**IN*097095911*ZZ*43*UP*831664000675*****DG*8*VS*00000
ZA*QS***006*20070521
CTP**UCP*1.95
SDQ*EA*ZZ*9571*1
CTT*3
SE*27*0022
ST*852*0023
XQ*H*20070522
N9*AD*T00000040
LIN**IN*097096011*ZZ*43*UP*831664000682*****DG*1*VS*00000
ZA*QS***006*20070520
CTP**UCP*1.4
SDQ*EA*ZZ*5077*2
ZA*QS***006*20070521
CTP**UCP*1.4
SDQ*EA*ZZ*3063*6*3082*5*3084*5*3143*5*3194*1*3223*2*3289*4*3359*31*3408*1*3644*11
SDQ*EA*ZZ*3646*16*3672*5*3701*1*3703*25*3836*4*3848*5*3905*2*3975*2*3994*2*4033*1
SDQ*EA*ZZ*4093*21*4103*4*4189*2*4198*5*4244*8*4312*12*4475*5*4717*19*4719*7*4760*3
SDQ*EA*ZZ*4769*10*4817*20*4883*3*4970*21*7028*1*7059*2*7066*13*7069*19*7076*19*7154*6
SDQ*EA*ZZ*7184*21*7255*31*7354*10*7358*9*7460*2*7461*26*7607*3*7610*6*7637*3*9513*13
SDQ*EA*ZZ*9571*3*9620*4*9621*1*9622*4*9625*2*9633*9*9639*1*9648*3*9674*4*9735*7
SDQ*EA*ZZ*9758*13
LIN**IN*097096011*ZZ*43*UP*831664000682*****DG*8*VS*00000
ZA*QS***006*20070521
CTP**UCP*1.4
SDQ*EA*ZZ*3194*1
CTT*2
SE*22*0023
ST*852*0024
XQ*H*20070522
N9*AD*T00000040
LIN**IN*097096111*ZZ*43*UP*831664000330*****DG*1*VS*00000
ZA*QS***006*20070520
CTP**UCP*1.95
SDQ*EA*ZZ*5023*1
ZA*QS***006*20070521
CTP**UCP*1.95
SDQ*EA*ZZ*3063*8*3082*1*3083*10*3084*15*3103*2*3143*1*3194*13*3348*3*3359*10*3408*3
SDQ*EA*ZZ*3644*53*3646*44*3661*1*3675*3*3703*18*3713*2*3715*3*3822*1*3836*7*3848*9
SDQ*EA*ZZ*3905*2*3929*2*3941*20*3957*2*3967*2*3975*22*3991*3*3994*1*4033*7*4071*12
SDQ*EA*ZZ*4093*18*4103*19*4122*1*4189*1*4198*5*4244*26*4308*2*4312*9*4475*6*4489*1
SDQ*EA*ZZ*4717*44*4719*7*4739*1*4760*1*4769*3*4817*11*4835*1*4883*14*4970*4*7045*3
SDQ*EA*ZZ*7059*4*7064*1*7066*14*7069*5*7076*14*7132*23*7146*1*7154*6*7184*9*7255*25
SDQ*EA*ZZ*7354*3*7358*38*7460*10*7461*6*7607*4*7610*12*7629*1*7637*2*7718*17*9217*1
SDQ*EA*ZZ*9513*9*9571*19*9620*1*9621*8*9622*1*9625*3*9629*1*9633*23*9639*13*9648*12
SDQ*EA*ZZ*9674*20*9728*14*9735*8*9758*5
LIN**IN*097096111*ZZ*43*UP*831664000330*****DG*5*VS*00000
ZA*QS***006*20070521
CTP**UCP*1.95
SDQ*EA*ZZ*3644*3
CTT*2
SE*24*0024
ST*852*0025
XQ*H*20070522
N9*AD*T00000040
LIN**IN*097096211*ZZ*43*UP*831664000941*****DG*1*VS*00000
ZA*QS***006*20070521
CTP**UCP*1.95
SDQ*EA*ZZ*3084*2*3143*1*3194*2*3355*2*3408*1*3644*6*3646*11*3703*19*3836*1*3929*1
SDQ*EA*ZZ*3941*1*3978*3*4093*13*4103*8*4198*1*4244*7*4475*1*4717*8*4719*1*4769*2
SDQ*EA*ZZ*4970*2*7045*1*7069*1*7076*1*7132*32*7255*5*7354*1*7358*4*7460*2*7629*2
SDQ*EA*ZZ*7637*10*7719*2*9513*1*9571*2*9620*1*9621*4*9633*5*9648*1*9674*1*9728*4
SDQ*EA*ZZ*9735*4*9758*8
LIN**IN*097096211*ZZ*43*UP*831664000941*****DG*8*VS*00000
ZA*QS***006*20070521
CTP**UCP*1.95
SDQ*EA*ZZ*3194*1
CTT*2
SE*17*0025
ST*852*0026
XQ*H*20070522
N9*AD*T00000040
LIN**IN*097096311*ZZ*43*UP*831664000743*****DG*1*VS*00000
ZA*QS***006*20070520
CTP**UCP*1.95
SDQ*EA*ZZ*5070*3
ZA*QS***006*20070521
CTP**UCP*1.95
SDQ*EA*ZZ*3063*1*3084*4*3103*2*3359*1*3602*2*3644*2*3646*5*3660*2*3685*2*3703*1
SDQ*EA*ZZ*3876*2*3905*1*3966*1*3996*1*4071*3*4093*2*4103*7*4312*2*4489*1*4717*6
SDQ*EA*ZZ*4719*1*4769*1*4817*1*4898*1*4970*13*7045*2*7066*3*7069*1*7076*1*7132*5
SDQ*EA*ZZ*7184*2*7255*13*7358*2*7362*1*7460*2*7607*3*7718*1*7719*9*9513*1*9571*1
SDQ*EA*ZZ*9621*2*9629*1*9633*1*9639*1*9648*4*9674*2*9714*1*9728*1*9758*5
LIN**IN*097096311*ZZ*43*UP*831664000743*****DG*5*VS*00000
ZA*QS***006*20070521
CTP**UCP*1.95
SDQ*EA*ZZ*7255*1
CTT*2
SE*20*0026
ST*852*0027
XQ*H*20070522
N9*AD*T00000040
LIN**IN*097096411*ZZ*43*UP*831664000453*****DG*1*VS*00000
ZA*QS***006*20070520
CTP**UCP*4.75
SDQ*EA*ZZ*5023*1*5066*6*5070*5*5077*3
ZA*QS***006*20070521
CTP**UCP*4.75
SDQ*EA*ZZ*3103*4*3941*6*4753*6
LIN**IN*097096411*ZZ*43*UP*831664000453*****DG*3*VS*00000
ZA*QS***006*20070521
CTP**UCP*4.75
SDQ*EA*ZZ*3063*1*3082*2*3084*9*3143*3*3223*1*3289*1*3348*2*3355*8*3359*2*3644*2
SDQ*EA*ZZ*3660*6*3661*8*3672*6*3675*1*3701*1*3703*5*3715*3*3822*7*3848*3*3929*1
SDQ*EA*ZZ*3939*2*3946*1*3957*1*3966*2*3967*2*3975*1*3978*1*3996*6*4071*4*4093*19
SDQ*EA*ZZ*4103*6*4189*1*4244*15*4312*5*4475*7*4717*8*4719*1*4760*3*4769*2*4817*1
SDQ*EA*ZZ*4835*1*4883*2*4970*1*7028*2*7045*2*7064*1*7076*5*7132*2*7146*2*7154*3
SDQ*EA*ZZ*7184*4*7358*2*7360*1*7362*5*7388*3*7460*12*7461*2*7607*1*7610*1*7629*3
SDQ*EA*ZZ*7718*2*7719*6*9217*1*9513*2*9560*2*9571*5*9621*8*9622*2*9633*3*9648*2
SDQ*EA*ZZ*9674*8*9714*3*9728*2*9735*1*9758*10
LIN**IN*097096411*ZZ*43*UP*831664000453*****DG*5*VS*00000
ZA*QS***006*20070521
CTP**UCP*4.75
SDQ*EA*ZZ*3084*-2*4244*-2
LIN**IN*097096411*ZZ*43*UP*831664000453*****DG*8*VS*00000
ZA*QS***006*20070521
CTP**UCP*4.75
SDQ*EA*ZZ*4071*1*4093*1
CTT*4
SE*31*0027
ST*852*0028
XQ*H*20070522
N9*AD*T00000040
LIN**IN*097096511*ZZ*43*UP*831664000460*****DG*1*VS*00000
ZA*QS***006*20070520
CTP**UCP*4.5
SDQ*EA*ZZ*3063*-1*5023*2*5070*2
ZA*QS***006*20070521
CTP**UCP*4.5
SDQ*EA*ZZ*3143*1*3194*6*3219*3*3223*1*3289*1*3348*1*3355*1*3359*2*3408*1*3644*5
SDQ*EA*ZZ*3661*5*3672*1*3685*2*3715*5*3822*5*3836*2*3848*2*3931*2*3941*2*3966*1
SDQ*EA*ZZ*3967*4*3975*1*3996*4*4071*2*4093*6*4103*3*4122*2*4189*2*4198*1*4244*2
SDQ*EA*ZZ*4489*1*4717*4*4719*1*4760*2*4970*3*7028*1*7045*1*7059*1*7064*1*7066*3
SDQ*EA*ZZ*7069*4*7132*2*7184*8*7255*3*7354*3*7358*4*7362*4*7388*3*7460*12*7629*1
SDQ*EA*ZZ*7718*6*7719*3*9217*1*9513*3*9560*1*9621*2*9622*2*9629*1*9633*4*9639*1
SDQ*EA*ZZ*9648*3*9674*11*9714*1*9728*2*9758*8
LIN**IN*097096511*ZZ*43*UP*831664000460*****DG*3*VS*00000
ZA*QS***006*20070521
CTP**UCP*4.5
SDQ*EA*ZZ*3703*15*7610*3*9571*4
LIN**IN*097096511*ZZ*43*UP*831664000460*****DG*4*VS*00000
ZA*QS***006*20070521
CTP**UCP*4.5
SDQ*EA*ZZ*3063*2*3084*3*4103*1
LIN**IN*097096511*ZZ*43*UP*831664000460*****DG*5*VS*00000
ZA*QS***006*20070521
CTP**UCP*4.5
SDQ*EA*ZZ*3084*4*3348*1*3644*2*4093*1*4244*3*4475*-1*7132*2*9633*1
LIN**IN*097096511*ZZ*43*UP*831664000460*****DG*8*VS*00000
ZA*QS***006*20070521
CTP**UCP*4.5
SDQ*EA*ZZ*3084*2*3715*1*4071*4*4898*1
CTT*5
SE*34*0028
ST*852*0029
XQ*H*20070522
N9*AD*T00000040
LIN**IN*097096711*ZZ*43*UP*831664000484*****DG*0*VS*00000
ZA*QS***006*20070521
CTP**UCP*6
SDQ*EA*ZZ*7358*-1
LIN**IN*097096711*ZZ*43*UP*831664000484*****DG*1*VS*00000
ZA*QS***006*20070521
CTP**UCP*6
SDQ*EA*ZZ*3083*3*3084*1*3103*5*3143*2*3194*1*3219*2*3355*1*3359*1*3408*1*3644*6
SDQ*EA*ZZ*3646*3*3672*2*3703*9*3715*2*3822*2*3836*2*3848*1*3905*1*3929*1*3939*1
SDQ*EA*ZZ*3941*1*4093*8*4103*5*4189*1*4244*6*4308*2*4312*1*4475*1*4717*2*4719*2
SDQ*EA*ZZ*4739*1*4883*1*7045*1*7076*11*7132*4*7146*3*7184*5*7255*5*7354*8*7358*11
SDQ*EA*ZZ*7388*1*7460*1*7607*4*7629*1*9513*3*9621*1*9629*2*9633*2*9648*5*9674*7
SDQ*EA*ZZ*9728*3*9758*3
CTT*2
SE*18*0029
ST*852*0030
XQ*H*20070522
N9*AD*T00000040
LIN**IN*097096911*ZZ*43*UP*831664000491*****DG*6*VS*00000
ZA*QS***006*20070521
CTP**UCP*8.75
SDQ*EA*ZZ*3143*1*3661*1*3966*1*3994*1*3996*2*4189*1*4244*2*4308*1*4719*3*4883*2
SDQ*EA*ZZ*7184*2*7607*1*7610*1*7718*1*7719*1*9571*1*9648*2
CTT*1
SE*10*0030
ST*852*0031
XQ*H*20070522
N9*AD*T00000040
LIN**IN*097097011*ZZ*43*UP*831664000859*****DG*1*VS*00000
ZA*QS***006*20070521
CTP**UCP*2.55
SDQ*EA*ZZ*3084*1*3644*6*3646*2*3703*4*3941*1*4093*16*4717*4*4970*14*7069*3*7076*5
SDQ*EA*ZZ*7132*13*7358*6*9513*4*9633*1*9674*4*9758*2
CTT*1
SE*10*0031
ST*852*0032
XQ*H*20070522
N9*AD*T00000040
LIN**IN*097097111*ZZ*43*UP*831664000781*****DG*1*VS*00000
ZA*QS***006*20070521
CTP**UCP*2.1
SDQ*EA*ZZ*3646*21*3822*6*4093*31*4244*5*4717*9*7069*2*7076*10*7132*6*7184*5*7354*2
SDQ*EA*ZZ*7358*7*7460*7*7610*2*9513*7*9633*3*9648*1*9674*4*9735*4*9758*9
CTT*1
SE*10*0032
ST*852*0033
XQ*H*20070522
N9*AD*T00000040
LIN**IN*097097211*ZZ*43*UP*831664000651*****DG*1*VS*00000
ZA*QS***006*20070521
CTP**UCP*1.5
SDQ*EA*ZZ*3103*1*3143*2*3359*1*3644*2*3646*1*3703*1*3931*1*4093*2*4103*2*4244*4
SDQ*EA*ZZ*4719*1*4739*2*7066*6*7132*1*7358*1*9622*4*9633*6
CTT*1
SE*10*0033
ST*852*0034
XQ*H*20070522
N9*AD*T00000040
LIN**IN*097097811*ZZ*43*UP*831664000538*****DG*1*VS*00000
ZA*QS***006*20070521
CTP**UCP*7.25
SDQ*EA*ZZ*4093*4
CTT*1
SE*9*0034
ST*852*0035
XQ*H*20070522
N9*AD*T00000040
LIN**IN*097098111*ZZ*43*UP*831664000972*****DG*6*VS*00000
ZA*QS***006*20070521
CTP**UCP*.65
SDQ*EA*ZZ*7629*7*9648*249
CTT*1
SE*9*0035
ST*852*0036
XQ*H*20070522
N9*AD*T00000040
LIN**IN*097098311*ZZ*43*UP*831664000996*****DG*6*VS*00000
ZA*QS***006*20070521
CTP**UCP*1.35
SDQ*EA*ZZ*4093*4
CTT*1
SE*9*0036
GE*36*23
IEA*1*000000023
*** SUPERTRACS READY FOR INPUT
