ISA*00*          *00*          *09*006985290EFT   *12*6154525825     *080613*2238*U*00400*001000121*0*P*>
GS*RA*006985290EFT*6154525825*20080613*2238*1000121*X*004010
ST*820*0001
BPR*I*216682.84*C*ACH*CCP*01*021000018*DA*0300955622*9008965873**01*064102601*DA*3000289*20080617*VEN
TRN*3*770304449*9008965873
DTM*097*20080613
N1*PR*KMART CORPORATION*1*008965873
N1*PE*YOUNGS FARMS*92*00069099588
N1*SE*YOUNGS FARMS*92*00069099588
ENT*1
RMR*IK*302220080515*PI*194.15*194.15*0
REF*PO*0020080516
REF*ST*03022
REF*DP*043
DTM*999*20080515
RMR*IK*302220080516*PI*248.58*248.58*0
REF*PO*0020080517
REF*ST*03022
REF*DP*043
DTM*999*20080516
RMR*IK*302220080517*PI*566.18*566.18*0
REF*PO*0020080518
REF*ST*03022
REF*DP*043
DTM*999*20080517
RMR*IK*302220080518*PI*180.25*180.25*0
REF*PO*0020080519
REF*ST*03022
REF*DP*043
DTM*999*20080518
RMR*IK*302220080519*PI*251.36*251.36*0
REF*PO*0020080520
REF*ST*03022
REF*DP*043
DTM*999*20080519
RMR*IK*302220080520*PI*145.86*145.86*0
REF*PO*0020080521
REF*ST*03022
REF*DP*043
DTM*999*20080520
RMR*IK*302220080521*PI*229.41*229.41*0
REF*PO*0020080522
REF*ST*03022
REF*DP*043
DTM*999*20080521
RMR*IK*306320080515*PI*99.34*99.34*0
REF*PO*0020080516
REF*ST*03063
REF*DP*043
DTM*999*20080515
RMR*IK*306320080516*PI*186.5*186.5*0
REF*PO*0020080517
REF*ST*03063
REF*DP*043
DTM*999*20080516
RMR*IK*306320080517*PI*188.02*188.02*0
REF*PO*0020080518
REF*ST*03063
REF*DP*043
DTM*999*20080517
RMR*IK*306320080518*PI*121.95*121.95*0
REF*PO*0020080519
REF*ST*03063
REF*DP*043
DTM*999*20080518
RMR*IK*306320080519*PI*223.91*223.91*0
REF*PO*0020080520
REF*ST*03063
REF*DP*043
DTM*999*20080519
RMR*IK*306320080520*PI*161.4*161.4*0
REF*PO*0020080521
REF*ST*03063
REF*DP*043
DTM*999*20080520
RMR*IK*306320080521*PI*163.3*163.3*0
REF*PO*0020080522
REF*ST*03063
REF*DP*043
DTM*999*20080521
RMR*IK*308320080515*PI*249.25*249.25*0
REF*PO*0020080516
REF*ST*03083
REF*DP*043
DTM*999*20080515
RMR*IK*308320080516*PI*188.74*188.74*0
REF*PO*0020080517
REF*ST*03083
REF*DP*043
DTM*999*20080516
RMR*IK*308320080517*PI*553.2*553.2*0
REF*PO*0020080518
REF*ST*03083
REF*DP*043
DTM*999*20080517
RMR*IK*308320080518*PI*184.12*184.12*0
REF*PO*0020080519
REF*ST*03083
REF*DP*043
DTM*999*20080518
RMR*IK*308320080519*PI*298.05*298.05*0
REF*PO*0020080520
REF*ST*03083
REF*DP*043
DTM*999*20080519
RMR*IK*308320080520*PI*260.02*260.02*0
REF*PO*0020080521
REF*ST*03083
REF*DP*043
DTM*999*20080520
RMR*IK*308320080521*PI*261.1*261.1*0
REF*PO*0020080522
REF*ST*03083
REF*DP*043
DTM*999*20080521
RMR*IK*308420080515*PI*269.17*269.17*0
REF*PO*0020080516
REF*ST*03084
REF*DP*043
DTM*999*20080515
RMR*IK*308420080516*PI*405.1*405.1*0
REF*PO*0020080517
REF*ST*03084
REF*DP*043
DTM*999*20080516
RMR*IK*308420080517*PI*746.13*746.13*0
REF*PO*0020080518
REF*ST*03084
REF*DP*043
DTM*999*20080517
RMR*IK*308420080518*PI*496.45*496.45*0
REF*PO*0020080519
REF*ST*03084
REF*DP*043
DTM*999*20080518
RMR*IK*308420080519*PI*439.58*439.58*0
REF*PO*0020080520
REF*ST*03084
REF*DP*043
DTM*999*20080519
RMR*IK*308420080520*PI*488.26*488.26*0
REF*PO*0020080521
REF*ST*03084
REF*DP*043
DTM*999*20080520
RMR*IK*308420080521*PI*378.3*378.3*0
REF*PO*0020080522
REF*ST*03084
REF*DP*043
DTM*999*20080521
RMR*IK*314320080515*PI*282.5*282.5*0
REF*PO*0020080516
REF*ST*03143
REF*DP*043
DTM*999*20080515
RMR*IK*314320080516*PI*452.87*452.87*0
REF*PO*0020080517
REF*ST*03143
REF*DP*043
DTM*999*20080516
RMR*IK*314320080517*PI*416.27*416.27*0
REF*PO*0020080518
REF*ST*03143
REF*DP*043
DTM*999*20080517
RMR*IK*314320080518*PI*418.99*418.99*0
REF*PO*0020080519
REF*ST*03143
REF*DP*043
DTM*999*20080518
RMR*IK*314320080519*PI*425.84*425.84*0
REF*PO*0020080520
REF*ST*03143
REF*DP*043
DTM*999*20080519
RMR*IK*314320080520*PI*277.89*277.89*0
REF*PO*0020080521
REF*ST*03143
REF*DP*043
DTM*999*20080520
RMR*IK*314320080521*PI*240.63*240.63*0
REF*PO*0020080522
REF*ST*03143
REF*DP*043
DTM*999*20080521
RMR*IK*314720080515*PI*243.79*243.79*0
REF*PO*0020080516
REF*ST*03147
REF*DP*043
DTM*999*20080515
RMR*IK*314720080516*PI*113.82*113.82*0
REF*PO*0020080517
REF*ST*03147
REF*DP*043
DTM*999*20080516
RMR*IK*314720080517*PI*265.36*265.36*0
REF*PO*0020080518
REF*ST*03147
REF*DP*043
DTM*999*20080517
RMR*IK*314720080518*PI*105.55*105.55*0
REF*PO*0020080519
REF*ST*03147
REF*DP*043
DTM*999*20080518
RMR*IK*314720080519*PI*365.09*365.09*0
REF*PO*0020080520
REF*ST*03147
REF*DP*043
DTM*999*20080519
RMR*IK*314720080520*PI*184*184*0
REF*PO*0020080521
REF*ST*03147
REF*DP*043
DTM*999*20080520
RMR*IK*314720080521*PI*252.77*252.77*0
REF*PO*0020080522
REF*ST*03147
REF*DP*043
DTM*999*20080521
RMR*IK*319420080515*PI*41.05*41.05*0
REF*PO*0020080516
REF*ST*03194
REF*DP*043
DTM*999*20080515
RMR*IK*319420080516*PI*100.06*100.06*0
REF*PO*0020080517
REF*ST*03194
REF*DP*043
DTM*999*20080516
RMR*IK*319420080517*PI*86.7*86.7*0
REF*PO*0020080518
REF*ST*03194
REF*DP*043
DTM*999*20080517
RMR*IK*319420080518*PI*52.91*52.91*0
REF*PO*0020080519
REF*ST*03194
REF*DP*043
DTM*999*20080518
RMR*IK*319420080519*PI*20.85*20.85*0
REF*PO*0020080520
REF*ST*03194
REF*DP*043
DTM*999*20080519
RMR*IK*319420080520*PI*22.8*22.8*0
REF*PO*0020080521
REF*ST*03194
REF*DP*043
DTM*999*20080520
RMR*IK*319420080521*PI*42.95*42.95*0
REF*PO*0020080522
REF*ST*03194
REF*DP*043
DTM*999*20080521
RMR*IK*322320080515*PI*47.49*47.49*0
REF*PO*0020080516
REF*ST*03223
REF*DP*043
DTM*999*20080515
RMR*IK*322320080516*PI*63.23*63.23*0
REF*PO*0020080517
REF*ST*03223
REF*DP*043
DTM*999*20080516
RMR*IK*322320080517*PI*75.07*75.07*0
REF*PO*0020080518
REF*ST*03223
REF*DP*043
DTM*999*20080517
RMR*IK*322320080518*PI*119.89*119.89*0
REF*PO*0020080519
REF*ST*03223
REF*DP*043
DTM*999*20080518
RMR*IK*322320080519*PI*22.18*22.18*0
REF*PO*0020080520
REF*ST*03223
REF*DP*043
DTM*999*20080519
RMR*IK*322320080520*PI*41.54*41.54*0
REF*PO*0020080521
REF*ST*03223
REF*DP*043
DTM*999*20080520
RMR*IK*322320080521*PI*109.47*109.47*0
REF*PO*0020080522
REF*ST*03223
REF*DP*043
DTM*999*20080521
RMR*IK*324020080515*PI*97.39*97.39*0
REF*PO*0020080516
REF*ST*03240
REF*DP*043
DTM*999*20080515
RMR*IK*324020080516*PI*52.12*52.12*0
REF*PO*0020080517
REF*ST*03240
REF*DP*043
DTM*999*20080516
RMR*IK*324020080517*PI*125.48*125.48*0
REF*PO*0020080518
REF*ST*03240
REF*DP*043
DTM*999*20080517
RMR*IK*324020080518*PI*52.2*52.2*0
REF*PO*0020080519
REF*ST*03240
REF*DP*043
DTM*999*20080518
RMR*IK*324020080519*PI*76.34*76.34*0
REF*PO*0020080520
REF*ST*03240
REF*DP*043
DTM*999*20080519
RMR*IK*324020080520*PI*76.28*76.28*0
REF*PO*0020080521
REF*ST*03240
REF*DP*043
DTM*999*20080520
RMR*IK*324020080521*PI*34.62*34.62*0
REF*PO*0020080522
REF*ST*03240
REF*DP*043
DTM*999*20080521
RMR*IK*325320080515*PI*119.27*119.27*0
REF*PO*0020080516
REF*ST*03253
REF*DP*043
DTM*999*20080515
RMR*IK*325320080516*PI*84.07*84.07*0
REF*PO*0020080517
REF*ST*03253
REF*DP*043
DTM*999*20080516
RMR*IK*325320080517*PI*199.42*199.42*0
REF*PO*0020080518
REF*ST*03253
REF*DP*043
DTM*999*20080517
RMR*IK*325320080518*PI*106.05*106.05*0
REF*PO*0020080519
REF*ST*03253
REF*DP*043
DTM*999*20080518
RMR*IK*325320080519*PI*74.55*74.55*0
REF*PO*0020080520
REF*ST*03253
REF*DP*043
DTM*999*20080519
RMR*IK*325320080520*PI*99.35*99.35*0
REF*PO*0020080521
REF*ST*03253
REF*DP*043
DTM*999*20080520
RMR*IK*325320080521*PI*94.25*94.25*0
REF*PO*0020080522
REF*ST*03253
REF*DP*043
DTM*999*20080521
RMR*IK*326520080516*PI*85.8*85.8*0
REF*PO*0020080517
REF*ST*03265
REF*DP*043
DTM*999*20080516
RMR*IK*326520080517*PI*6.6*6.6*0
REF*PO*0020080518
REF*ST*03265
REF*DP*043
DTM*999*20080517
RMR*IK*328920080515*PI*45.68*45.68*0
REF*PO*0020080516
REF*ST*03289
REF*DP*043
DTM*999*20080515
RMR*IK*328920080516*PI*63.98*63.98*0
REF*PO*0020080517
REF*ST*03289
REF*DP*043
DTM*999*20080516
RMR*IK*328920080517*PI*80.51*80.51*0
REF*PO*0020080518
REF*ST*03289
REF*DP*043
DTM*999*20080517
RMR*IK*328920080518*PI*91.29*91.29*0
REF*PO*0020080519
REF*ST*03289
REF*DP*043
DTM*999*20080518
RMR*IK*328920080519*PI*126.55*126.55*0
REF*PO*0020080520
REF*ST*03289
REF*DP*043
DTM*999*20080519
RMR*IK*328920080520*PI*98.19*98.19*0
REF*PO*0020080521
REF*ST*03289
REF*DP*043
DTM*999*20080520
RMR*IK*328920080521*PI*46.78*46.78*0
REF*PO*0020080522
REF*ST*03289
REF*DP*043
DTM*999*20080521
RMR*IK*334820080515*PI*35.65*35.65*0
REF*PO*0020080516
REF*ST*03348
REF*DP*043
DTM*999*20080515
RMR*IK*334820080516*PI*147*147*0
REF*PO*0020080517
REF*ST*03348
REF*DP*043
DTM*999*20080516
RMR*IK*334820080517*PI*158.72*158.72*0
REF*PO*0020080518
REF*ST*03348
REF*DP*043
DTM*999*20080517
RMR*IK*334820080518*PI*49.45*49.45*0
REF*PO*0020080519
REF*ST*03348
REF*DP*043
DTM*999*20080518
RMR*IK*334820080519*PI*147.8*147.8*0
REF*PO*0020080520
REF*ST*03348
REF*DP*043
DTM*999*20080519
RMR*IK*334820080520*PI*99.97*99.97*0
REF*PO*0020080521
REF*ST*03348
REF*DP*043
DTM*999*20080520
RMR*IK*334820080521*PI*123.65*123.65*0
REF*PO*0020080522
REF*ST*03348
REF*DP*043
DTM*999*20080521
RMR*IK*335520080515*PI*30.32*30.32*0
REF*PO*0020080516
REF*ST*03355
REF*DP*043
DTM*999*20080515
RMR*IK*335520080516*PI*16.05*16.05*0
REF*PO*0020080517
REF*ST*03355
REF*DP*043
DTM*999*20080516
RMR*IK*335520080517*PI*123.08*123.08*0
REF*PO*0020080518
REF*ST*03355
REF*DP*043
DTM*999*20080517
RMR*IK*335520080518*PI*97.41*97.41*0
REF*PO*0020080519
REF*ST*03355
REF*DP*043
DTM*999*20080518
RMR*IK*335520080519*PI*38.25*38.25*0
REF*PO*0020080520
REF*ST*03355
REF*DP*043
DTM*999*20080519
RMR*IK*335520080520*PI*47.3*47.3*0
REF*PO*0020080521
REF*ST*03355
REF*DP*043
DTM*999*20080520
RMR*IK*335520080521*PI*86.04*86.04*0
REF*PO*0020080522
REF*ST*03355
REF*DP*043
DTM*999*20080521
RMR*IK*335920080515*PI*46.97*46.97*0
REF*PO*0020080516
REF*ST*03359
REF*DP*043
DTM*999*20080515
RMR*IK*335920080516*PI*91.6*91.6*0
REF*PO*0020080517
REF*ST*03359
REF*DP*043
DTM*999*20080516
RMR*IK*335920080517*PI*233.96*233.96*0
REF*PO*0020080518
REF*ST*03359
REF*DP*043
DTM*999*20080517
RMR*IK*335920080518*PI*2*2*0
REF*PO*0020080520
REF*ST*03359
REF*DP*043
DTM*999*20080518
RMR*IK*335920080518*PI*125.65*125.65*0
REF*PO*0020080519
REF*ST*03359
REF*DP*043
DTM*999*20080518
RMR*IK*335920080519*PI*138.47*138.47*0
REF*PO*0020080520
REF*ST*03359
REF*DP*043
DTM*999*20080519
RMR*IK*335920080520*PI*172.74*172.74*0
REF*PO*0020080521
REF*ST*03359
REF*DP*043
DTM*999*20080520
RMR*IK*335920080521*PI*293.05*293.05*0
REF*PO*0020080522
REF*ST*03359
REF*DP*043
DTM*999*20080521
RMR*IK*340820080515*PI*22.15*22.15*0
REF*PO*0020080516
REF*ST*03408
REF*DP*043
DTM*999*20080515
RMR*IK*340820080516*PI*99.33*99.33*0
REF*PO*0020080517
REF*ST*03408
REF*DP*043
DTM*999*20080516
RMR*IK*340820080517*PI*106.36*106.36*0
REF*PO*0020080518
REF*ST*03408
REF*DP*043
DTM*999*20080517
RMR*IK*340820080518*PI*86.53*86.53*0
REF*PO*0020080519
REF*ST*03408
REF*DP*043
DTM*999*20080518
RMR*IK*340820080519*PI*135.65*135.65*0
REF*PO*0020080520
REF*ST*03408
REF*DP*043
DTM*999*20080519
RMR*IK*340820080520*PI*124.76*124.76*0
REF*PO*0020080521
REF*ST*03408
REF*DP*043
DTM*999*20080520
RMR*IK*340820080521*PI*150.65*150.65*0
REF*PO*0020080522
REF*ST*03408
REF*DP*043
DTM*999*20080521
RMR*IK*342820080515*PI*144.35*144.35*0
REF*PO*0020080516
REF*ST*03428
REF*DP*043
DTM*999*20080515
RMR*IK*342820080516*PI*179.92*179.92*0
REF*PO*0020080517
REF*ST*03428
REF*DP*043
DTM*999*20080516
RMR*IK*342820080517*PI*241.47*241.47*0
REF*PO*0020080518
REF*ST*03428
REF*DP*043
DTM*999*20080517
RMR*IK*342820080518*PI*128.75*128.75*0
REF*PO*0020080519
REF*ST*03428
REF*DP*043
DTM*999*20080518
RMR*IK*342820080519*PI*98.44*98.44*0
REF*PO*0020080520
REF*ST*03428
REF*DP*043
DTM*999*20080519
RMR*IK*342820080520*PI*156.44*156.44*0
REF*PO*0020080521
REF*ST*03428
REF*DP*043
DTM*999*20080520
RMR*IK*342820080521*PI*131.94*131.94*0
REF*PO*0020080522
REF*ST*03428
REF*DP*043
DTM*999*20080521
RMR*IK*360220080515*PI*40.83*40.83*0
REF*PO*0020080516
REF*ST*03602
REF*DP*043
DTM*999*20080515
RMR*IK*360220080516*PI*133.5*133.5*0
REF*PO*0020080517
REF*ST*03602
REF*DP*043
DTM*999*20080516
RMR*IK*360220080517*PI*210.2*210.2*0
REF*PO*0020080518
REF*ST*03602
REF*DP*043
DTM*999*20080517
RMR*IK*360220080518*PI*110.5*110.5*0
REF*PO*0020080519
REF*ST*03602
REF*DP*043
DTM*999*20080518
RMR*IK*360220080519*PI*57.96*57.96*0
REF*PO*0020080520
REF*ST*03602
REF*DP*043
DTM*999*20080519
RMR*IK*360220080520*PI*89.45*89.45*0
REF*PO*0020080521
REF*ST*03602
REF*DP*043
DTM*999*20080520
RMR*IK*360220080521*PI*92.8*92.8*0
REF*PO*0020080522
REF*ST*03602
REF*DP*043
DTM*999*20080521
RMR*IK*363220080515*PI*339.03*339.03*0
REF*PO*0020080516
REF*ST*03632
REF*DP*043
DTM*999*20080515
RMR*IK*363220080516*PI*649.16*649.16*0
REF*PO*0020080517
REF*ST*03632
REF*DP*043
DTM*999*20080516
RMR*IK*363220080517*PI*687.92*687.92*0
REF*PO*0020080518
REF*ST*03632
REF*DP*043
DTM*999*20080517
RMR*IK*363220080518*PI*503.1*503.1*0
REF*PO*0020080519
REF*ST*03632
REF*DP*043
DTM*999*20080518
RMR*IK*363220080519*PI*442.39*442.39*0
REF*PO*0020080520
REF*ST*03632
REF*DP*043
DTM*999*20080519
RMR*IK*363220080520*PI*342.31*342.31*0
REF*PO*0020080521
REF*ST*03632
REF*DP*043
DTM*999*20080520
RMR*IK*363220080521*PI*416.54*416.54*0
REF*PO*0020080522
REF*ST*03632
REF*DP*043
DTM*999*20080521
RMR*IK*364420080515*PI*244.71*244.71*0
REF*PO*0020080516
REF*ST*03644
REF*DP*043
DTM*999*20080515
RMR*IK*364420080516*PI*320.55*320.55*0
REF*PO*0020080517
REF*ST*03644
REF*DP*043
DTM*999*20080516
RMR*IK*364420080517*PI*998.29*998.29*0
REF*PO*0020080518
REF*ST*03644
REF*DP*043
DTM*999*20080517
RMR*IK*364420080518*PI*620.25*620.25*0
REF*PO*0020080519
REF*ST*03644
REF*DP*043
DTM*999*20080518
RMR*IK*364420080519*PI*319.54*319.54*0
REF*PO*0020080520
REF*ST*03644
REF*DP*043
DTM*999*20080519
RMR*IK*364420080520*PI*363.42*363.42*0
REF*PO*0020080521
REF*ST*03644
REF*DP*043
DTM*999*20080520
RMR*IK*364420080521*PI*375.74*375.74*0
REF*PO*0020080522
REF*ST*03644
REF*DP*043
DTM*999*20080521
RMR*IK*364520080515*PI*91.54*91.54*0
REF*PO*0020080516
REF*ST*03645
REF*DP*043
DTM*999*20080515
RMR*IK*364520080516*PI*157.23*157.23*0
REF*PO*0020080517
REF*ST*03645
REF*DP*043
DTM*999*20080516
RMR*IK*364520080517*PI*264.58*264.58*0
REF*PO*0020080518
REF*ST*03645
REF*DP*043
DTM*999*20080517
RMR*IK*364520080518*PI*176.45*176.45*0
REF*PO*0020080519
REF*ST*03645
REF*DP*043
DTM*999*20080518
RMR*IK*364520080519*PI*119.24*119.24*0
REF*PO*0020080520
REF*ST*03645
REF*DP*043
DTM*999*20080519
RMR*IK*364520080520*PI*73.57*73.57*0
REF*PO*0020080521
REF*ST*03645
REF*DP*043
DTM*999*20080520
RMR*IK*364520080521*PI*94.04*94.04*0
REF*PO*0020080522
REF*ST*03645
REF*DP*043
DTM*999*20080521
RMR*IK*364620080515*PI*443.26*443.26*0
REF*PO*0020080516
REF*ST*03646
REF*DP*043
DTM*999*20080515
RMR*IK*364620080516*PI*1215.34*1215.34*0
REF*PO*0020080517
REF*ST*03646
REF*DP*043
DTM*999*20080516
RMR*IK*364620080517*PI*2372.25*2372.25*0
REF*PO*0020080518
REF*ST*03646
REF*DP*043
DTM*999*20080517
RMR*IK*364620080518*PI*1549.44*1549.44*0
REF*PO*0020080519
REF*ST*03646
REF*DP*043
DTM*999*20080518
RMR*IK*364620080519*PI*1062.48*1062.48*0
REF*PO*0020080520
REF*ST*03646
REF*DP*043
DTM*999*20080519
RMR*IK*364620080520*PI*925.1*925.1*0
REF*PO*0020080521
REF*ST*03646
REF*DP*043
DTM*999*20080520
RMR*IK*364620080521*PI*743.81*743.81*0
REF*PO*0020080522
REF*ST*03646
REF*DP*043
DTM*999*20080521
RMR*IK*366020080515*PI*26.8*26.8*0
REF*PO*0020080516
REF*ST*03660
REF*DP*043
DTM*999*20080515
RMR*IK*366020080516*PI*55.75*55.75*0
REF*PO*0020080517
REF*ST*03660
REF*DP*043
DTM*999*20080516
RMR*IK*366020080517*PI*61.63*61.63*0
REF*PO*0020080518
REF*ST*03660
REF*DP*043
DTM*999*20080517
RMR*IK*366020080518*PI*55.12*55.12*0
REF*PO*0020080519
REF*ST*03660
REF*DP*043
DTM*999*20080518
RMR*IK*366020080519*PI*99.74*99.74*0
REF*PO*0020080520
REF*ST*03660
REF*DP*043
DTM*999*20080519
RMR*IK*366020080520*PI*39.36*39.36*0
REF*PO*0020080521
REF*ST*03660
REF*DP*043
DTM*999*20080520
RMR*IK*366020080521*PI*2.4*2.4*0
REF*PO*0020080522
REF*ST*03660
REF*DP*043
DTM*999*20080521
RMR*IK*366120080515*PI*91.5*91.5*0
REF*PO*0020080516
REF*ST*03661
REF*DP*043
DTM*999*20080515
RMR*IK*366120080516*PI*220.47*220.47*0
REF*PO*0020080517
REF*ST*03661
REF*DP*043
DTM*999*20080516
RMR*IK*366120080517*PI*259.41*259.41*0
REF*PO*0020080518
REF*ST*03661
REF*DP*043
DTM*999*20080517
RMR*IK*366120080518*PI*102.09*102.09*0
REF*PO*0020080519
REF*ST*03661
REF*DP*043
DTM*999*20080518
RMR*IK*366120080519*PI*165.94*165.94*0
REF*PO*0020080520
REF*ST*03661
REF*DP*043
DTM*999*20080519
RMR*IK*366120080520*PI*126.77*126.77*0
REF*PO*0020080521
REF*ST*03661
REF*DP*043
DTM*999*20080520
RMR*IK*366120080521*PI*128.95*128.95*0
REF*PO*0020080522
REF*ST*03661
REF*DP*043
DTM*999*20080521
RMR*IK*367220080515*PI*87.05*87.05*0
REF*PO*0020080516
REF*ST*03672
REF*DP*043
DTM*999*20080515
RMR*IK*367220080516*PI*195.05*195.05*0
REF*PO*0020080517
REF*ST*03672
REF*DP*043
DTM*999*20080516
RMR*IK*367220080517*PI*87.09*87.09*0
REF*PO*0020080518
REF*ST*03672
REF*DP*043
DTM*999*20080517
RMR*IK*367220080518*PI*86.45*86.45*0
REF*PO*0020080519
REF*ST*03672
REF*DP*043
DTM*999*20080518
RMR*IK*367220080519*PI*79.68*79.68*0
REF*PO*0020080520
REF*ST*03672
REF*DP*043
DTM*999*20080519
RMR*IK*367220080520*PI*69.17*69.17*0
REF*PO*0020080521
REF*ST*03672
REF*DP*043
DTM*999*20080520
RMR*IK*367220080521*PI*21.44*21.44*0
REF*PO*0020080522
REF*ST*03672
REF*DP*043
DTM*999*20080521
RMR*IK*367520080515*PI*64.98*64.98*0
REF*PO*0020080516
REF*ST*03675
REF*DP*043
DTM*999*20080515
RMR*IK*367520080516*PI*44.84*44.84*0
REF*PO*0020080517
REF*ST*03675
REF*DP*043
DTM*999*20080516
RMR*IK*367520080517*PI*128.71*128.71*0
REF*PO*0020080518
REF*ST*03675
REF*DP*043
DTM*999*20080517
RMR*IK*367520080518*PI*89.6*89.6*0
REF*PO*0020080519
REF*ST*03675
REF*DP*043
DTM*999*20080518
RMR*IK*367520080519*PI*76.5*76.5*0
REF*PO*0020080520
REF*ST*03675
REF*DP*043
DTM*999*20080519
RMR*IK*367520080520*PI*69.31*69.31*0
REF*PO*0020080521
REF*ST*03675
REF*DP*043
DTM*999*20080520
RMR*IK*367520080521*PI*79.6*79.6*0
REF*PO*0020080522
REF*ST*03675
REF*DP*043
DTM*999*20080521
RMR*IK*367520080610*PI*-2.95*-2.95*0
REF*PO*0020080611
REF*ST*03675
REF*DP*043
DTM*999*20080610
RMR*IK*368520080515*PI*53.95*53.95*0
REF*PO*0020080516
REF*ST*03685
REF*DP*043
DTM*999*20080515
RMR*IK*368520080516*PI*195.1*195.1*0
REF*PO*0020080517
REF*ST*03685
REF*DP*043
DTM*999*20080516
RMR*IK*368520080517*PI*218.77*218.77*0
REF*PO*0020080518
REF*ST*03685
REF*DP*043
DTM*999*20080517
RMR*IK*368520080518*PI*163.42*163.42*0
REF*PO*0020080519
REF*ST*03685
REF*DP*043
DTM*999*20080518
RMR*IK*368520080519*PI*158.49*158.49*0
REF*PO*0020080520
REF*ST*03685
REF*DP*043
DTM*999*20080519
RMR*IK*368520080520*PI*75.8*75.8*0
REF*PO*0020080521
REF*ST*03685
REF*DP*043
DTM*999*20080520
RMR*IK*368520080521*PI*83.2*83.2*0
REF*PO*0020080522
REF*ST*03685
REF*DP*043
DTM*999*20080521
RMR*IK*370120080515*PI*55.75*55.75*0
REF*PO*0020080516
REF*ST*03701
REF*DP*043
DTM*999*20080515
RMR*IK*370120080516*PI*38.75*38.75*0
REF*PO*0020080517
REF*ST*03701
REF*DP*043
DTM*999*20080516
RMR*IK*370120080517*PI*148.44*148.44*0
REF*PO*0020080518
REF*ST*03701
REF*DP*043
DTM*999*20080517
RMR*IK*370120080518*PI*255.36*255.36*0
REF*PO*0020080519
REF*ST*03701
REF*DP*043
DTM*999*20080518
RMR*IK*370120080519*PI*99.69*99.69*0
REF*PO*0020080520
REF*ST*03701
REF*DP*043
DTM*999*20080519
RMR*IK*370120080520*PI*73.01*73.01*0
REF*PO*0020080521
REF*ST*03701
REF*DP*043
DTM*999*20080520
RMR*IK*370120080521*PI*70.8*70.8*0
REF*PO*0020080522
REF*ST*03701
REF*DP*043
DTM*999*20080521
RMR*IK*370320080515*PI*436.7*436.7*0
REF*PO*0020080516
REF*ST*03703
REF*DP*043
DTM*999*20080515
RMR*IK*370320080516*PI*799.38*799.38*0
REF*PO*0020080517
REF*ST*03703
REF*DP*043
DTM*999*20080516
RMR*IK*370320080517*PI*2346.24*2346.24*0
REF*PO*0020080518
REF*ST*03703
REF*DP*043
DTM*999*20080517
RMR*IK*370320080518*PI*1316.55*1316.55*0
REF*PO*0020080519
REF*ST*03703
REF*DP*043
DTM*999*20080518
RMR*IK*370320080519*PI*981.66*981.66*0
REF*PO*0020080520
REF*ST*03703
REF*DP*043
DTM*999*20080519
RMR*IK*370320080520*PI*918.95*918.95*0
REF*PO*0020080521
REF*ST*03703
REF*DP*043
DTM*999*20080520
RMR*IK*370320080521*PI*1484.71*1484.71*0
REF*PO*0020080522
REF*ST*03703
REF*DP*043
DTM*999*20080521
RMR*IK*371320080515*PI*103.05*103.05*0
REF*PO*0020080516
REF*ST*03713
REF*DP*043
DTM*999*20080515
RMR*IK*371320080516*PI*198.7*198.7*0
REF*PO*0020080517
REF*ST*03713
REF*DP*043
DTM*999*20080516
RMR*IK*371320080517*PI*247.73*247.73*0
REF*PO*0020080518
REF*ST*03713
REF*DP*043
DTM*999*20080517
RMR*IK*371320080518*PI*212.41*212.41*0
REF*PO*0020080519
REF*ST*03713
REF*DP*043
DTM*999*20080518
RMR*IK*371320080519*PI*204.69*204.69*0
REF*PO*0020080520
REF*ST*03713
REF*DP*043
DTM*999*20080519
RMR*IK*371320080520*PI*160.34*160.34*0
REF*PO*0020080521
REF*ST*03713
REF*DP*043
DTM*999*20080520
RMR*IK*371320080521*PI*172.94*172.94*0
REF*PO*0020080522
REF*ST*03713
REF*DP*043
DTM*999*20080521
RMR*IK*371520080515*PI*71.23*71.23*0
REF*PO*0020080516
REF*ST*03715
REF*DP*043
DTM*999*20080515
RMR*IK*371520080516*PI*239.15*239.15*0
REF*PO*0020080517
REF*ST*03715
REF*DP*043
DTM*999*20080516
RMR*IK*371520080517*PI*274.82*274.82*0
REF*PO*0020080518
REF*ST*03715
REF*DP*043
DTM*999*20080517
RMR*IK*371520080518*PI*283.96*283.96*0
REF*PO*0020080519
REF*ST*03715
REF*DP*043
DTM*999*20080518
RMR*IK*371520080519*PI*367.22*367.22*0
REF*PO*0020080520
REF*ST*03715
REF*DP*043
DTM*999*20080519
RMR*IK*371520080520*PI*390.69*390.69*0
REF*PO*0020080521
REF*ST*03715
REF*DP*043
DTM*999*20080520
RMR*IK*371520080521*PI*398.71*398.71*0
REF*PO*0020080522
REF*ST*03715
REF*DP*043
DTM*999*20080521
RMR*IK*377320080515*PI*248.6*248.6*0
REF*PO*0020080516
REF*ST*03773
REF*DP*043
DTM*999*20080515
RMR*IK*377320080516*PI*241.1*241.1*0
REF*PO*0020080517
REF*ST*03773
REF*DP*043
DTM*999*20080516
RMR*IK*377320080517*PI*354.52*354.52*0
REF*PO*0020080518
REF*ST*03773
REF*DP*043
DTM*999*20080517
RMR*IK*377320080518*PI*87.1*87.1*0
REF*PO*0020080519
REF*ST*03773
REF*DP*043
DTM*999*20080518
RMR*IK*377320080519*PI*228.65*228.65*0
REF*PO*0020080520
REF*ST*03773
REF*DP*043
DTM*999*20080519
RMR*IK*377320080520*PI*184.4*184.4*0
REF*PO*0020080521
REF*ST*03773
REF*DP*043
DTM*999*20080520
RMR*IK*377320080521*PI*173*173*0
REF*PO*0020080522
REF*ST*03773
REF*DP*043
DTM*999*20080521
RMR*IK*380820080515*PI*40.4*40.4*0
REF*PO*0020080516
REF*ST*03808
REF*DP*043
DTM*999*20080515
RMR*IK*380820080516*PI*95.9*95.9*0
REF*PO*0020080517
REF*ST*03808
REF*DP*043
DTM*999*20080516
RMR*IK*380820080517*PI*186.83*186.83*0
REF*PO*0020080518
REF*ST*03808
REF*DP*043
DTM*999*20080517
RMR*IK*380820080518*PI*150.4*150.4*0
REF*PO*0020080519
REF*ST*03808
REF*DP*043
DTM*999*20080518
RMR*IK*380820080519*PI*310.97*310.97*0
REF*PO*0020080520
REF*ST*03808
REF*DP*043
DTM*999*20080519
RMR*IK*380820080520*PI*153.05*153.05*0
REF*PO*0020080521
REF*ST*03808
REF*DP*043
DTM*999*20080520
RMR*IK*380820080521*PI*102.1*102.1*0
REF*PO*0020080522
REF*ST*03808
REF*DP*043
DTM*999*20080521
RMR*IK*382220080515*PI*145.87*145.87*0
REF*PO*0020080516
REF*ST*03822
REF*DP*043
DTM*999*20080515
RMR*IK*382220080516*PI*214.49*214.49*0
REF*PO*0020080517
REF*ST*03822
REF*DP*043
DTM*999*20080516
RMR*IK*382220080517*PI*474.59*474.59*0
REF*PO*0020080518
REF*ST*03822
REF*DP*043
DTM*999*20080517
RMR*IK*382220080518*PI*301.25*301.25*0
REF*PO*0020080519
REF*ST*03822
REF*DP*043
DTM*999*20080518
RMR*IK*382220080519*PI*286.55*286.55*0
REF*PO*0020080520
REF*ST*03822
REF*DP*043
DTM*999*20080519
RMR*IK*382220080520*PI*312.08*312.08*0
REF*PO*0020080521
REF*ST*03822
REF*DP*043
DTM*999*20080520
RMR*IK*382220080521*PI*211.99*211.99*0
REF*PO*0020080522
REF*ST*03822
REF*DP*043
DTM*999*20080521
RMR*IK*383620080515*PI*49.59*49.59*0
REF*PO*0020080516
REF*ST*03836
REF*DP*043
DTM*999*20080515
RMR*IK*383620080516*PI*98.25*98.25*0
REF*PO*0020080517
REF*ST*03836
REF*DP*043
DTM*999*20080516
RMR*IK*383620080517*PI*229.52*229.52*0
REF*PO*0020080518
REF*ST*03836
REF*DP*043
DTM*999*20080517
RMR*IK*383620080518*PI*24.4*24.4*0
REF*PO*0020080519
REF*ST*03836
REF*DP*043
DTM*999*20080518
RMR*IK*383620080519*PI*131.89*131.89*0
REF*PO*0020080520
REF*ST*03836
REF*DP*043
DTM*999*20080519
RMR*IK*383620080520*PI*78.2*78.2*0
REF*PO*0020080521
REF*ST*03836
REF*DP*043
DTM*999*20080520
RMR*IK*383620080521*PI*70.61*70.61*0
REF*PO*0020080522
REF*ST*03836
REF*DP*043
DTM*999*20080521
RMR*IK*384820080515*PI*46.99*46.99*0
REF*PO*0020080516
REF*ST*03848
REF*DP*043
DTM*999*20080515
RMR*IK*384820080516*PI*192.98*192.98*0
REF*PO*0020080517
REF*ST*03848
REF*DP*043
DTM*999*20080516
RMR*IK*384820080517*PI*184.1*184.1*0
REF*PO*0020080518
REF*ST*03848
REF*DP*043
DTM*999*20080517
RMR*IK*384820080518*PI*1.2*1.2*0
REF*PO*0020080520
REF*ST*03848
REF*DP*043
DTM*999*20080518
RMR*IK*384820080518*PI*151.07*151.07*0
REF*PO*0020080519
REF*ST*03848
REF*DP*043
DTM*999*20080518
RMR*IK*384820080519*PI*168.56*168.56*0
REF*PO*0020080520
REF*ST*03848
REF*DP*043
DTM*999*20080519
RMR*IK*384820080520*PI*203.36*203.36*0
REF*PO*0020080521
REF*ST*03848
REF*DP*043
DTM*999*20080520
RMR*IK*384820080521*PI*157.56*157.56*0
REF*PO*0020080522
REF*ST*03848
REF*DP*043
DTM*999*20080521
RMR*IK*385220080515*PI*95.1*95.1*0
REF*PO*0020080516
REF*ST*03852
REF*DP*043
DTM*999*20080515
RMR*IK*385220080516*PI*194.21*194.21*0
REF*PO*0020080517
REF*ST*03852
REF*DP*043
DTM*999*20080516
RMR*IK*385220080517*PI*301.68*301.68*0
REF*PO*0020080518
REF*ST*03852
REF*DP*043
DTM*999*20080517
RMR*IK*385220080518*PI*134.99*134.99*0
REF*PO*0020080519
REF*ST*03852
REF*DP*043
DTM*999*20080518
RMR*IK*385220080519*PI*190.43*190.43*0
REF*PO*0020080520
REF*ST*03852
REF*DP*043
DTM*999*20080519
RMR*IK*385220080520*PI*91.05*91.05*0
REF*PO*0020080521
REF*ST*03852
REF*DP*043
DTM*999*20080520
RMR*IK*385220080521*PI*203.65*203.65*0
REF*PO*0020080522
REF*ST*03852
REF*DP*043
DTM*999*20080521
RMR*IK*387620080515*PI*34.27*34.27*0
REF*PO*0020080516
REF*ST*03876
REF*DP*043
DTM*999*20080515
RMR*IK*387620080516*PI*39.04*39.04*0
REF*PO*0020080517
REF*ST*03876
REF*DP*043
DTM*999*20080516
RMR*IK*387620080517*PI*133.07*133.07*0
REF*PO*0020080518
REF*ST*03876
REF*DP*043
DTM*999*20080517
RMR*IK*387620080518*PI*31.35*31.35*0
REF*PO*0020080519
REF*ST*03876
REF*DP*043
DTM*999*20080518
RMR*IK*387620080519*PI*30.7*30.7*0
REF*PO*0020080520
REF*ST*03876
REF*DP*043
DTM*999*20080519
RMR*IK*387620080520*PI*87.9*87.9*0
REF*PO*0020080521
REF*ST*03876
REF*DP*043
DTM*999*20080520
RMR*IK*387620080521*PI*28.65*28.65*0
REF*PO*0020080522
REF*ST*03876
REF*DP*043
DTM*999*20080521
RMR*IK*388620080515*PI*27.15*27.15*0
REF*PO*0020080516
REF*ST*03886
REF*DP*043
DTM*999*20080515
RMR*IK*388620080516*PI*188.47*188.47*0
REF*PO*0020080517
REF*ST*03886
REF*DP*043
DTM*999*20080516
RMR*IK*388620080517*PI*203.2*203.2*0
REF*PO*0020080518
REF*ST*03886
REF*DP*043
DTM*999*20080517
RMR*IK*388620080518*PI*55.91*55.91*0
REF*PO*0020080519
REF*ST*03886
REF*DP*043
DTM*999*20080518
RMR*IK*388620080519*PI*53.5*53.5*0
REF*PO*0020080520
REF*ST*03886
REF*DP*043
DTM*999*20080519
RMR*IK*388620080520*PI*97.85*97.85*0
REF*PO*0020080521
REF*ST*03886
REF*DP*043
DTM*999*20080520
RMR*IK*388620080521*PI*39.4*39.4*0
REF*PO*0020080522
REF*ST*03886
REF*DP*043
DTM*999*20080521
RMR*IK*392520080515*PI*100.06*100.06*0
REF*PO*0020080516
REF*ST*03925
REF*DP*043
DTM*999*20080515
RMR*IK*392520080516*PI*153.65*153.65*0
REF*PO*0020080517
REF*ST*03925
REF*DP*043
DTM*999*20080516
RMR*IK*392520080517*PI*232.82*232.82*0
REF*PO*0020080518
REF*ST*03925
REF*DP*043
DTM*999*20080517
RMR*IK*392520080518*PI*116.92*116.92*0
REF*PO*0020080519
REF*ST*03925
REF*DP*043
DTM*999*20080518
RMR*IK*392520080519*PI*76.74*76.74*0
REF*PO*0020080520
REF*ST*03925
REF*DP*043
DTM*999*20080519
RMR*IK*392520080520*PI*54.55*54.55*0
REF*PO*0020080521
REF*ST*03925
REF*DP*043
DTM*999*20080520
RMR*IK*392520080521*PI*123.81*123.81*0
REF*PO*0020080522
REF*ST*03925
REF*DP*043
DTM*999*20080521
RMR*IK*393120080515*PI*4.8*4.8*0
REF*PO*0020080516
REF*ST*03931
REF*DP*043
DTM*999*20080515
RMR*IK*393120080516*PI*6.4*6.4*0
REF*PO*0020080517
REF*ST*03931
REF*DP*043
DTM*999*20080516
RMR*IK*393120080517*PI*103.95*103.95*0
REF*PO*0020080518
REF*ST*03931
REF*DP*043
DTM*999*20080517
RMR*IK*393120080518*PI*93.37*93.37*0
REF*PO*0020080519
REF*ST*03931
REF*DP*043
DTM*999*20080518
RMR*IK*393120080519*PI*32.7*32.7*0
REF*PO*0020080520
REF*ST*03931
REF*DP*043
DTM*999*20080519
RMR*IK*393120080520*PI*69.47*69.47*0
REF*PO*0020080521
REF*ST*03931
REF*DP*043
DTM*999*20080520
RMR*IK*393120080521*PI*40.7*40.7*0
REF*PO*0020080522
REF*ST*03931
REF*DP*043
DTM*999*20080521
RMR*IK*393920080515*PI*17.85*17.85*0
REF*PO*0020080516
REF*ST*03939
REF*DP*043
DTM*999*20080515
RMR*IK*393920080516*PI*11.2*11.2*0
REF*PO*0020080517
REF*ST*03939
REF*DP*043
DTM*999*20080516
RMR*IK*393920080517*PI*46.85*46.85*0
REF*PO*0020080518
REF*ST*03939
REF*DP*043
DTM*999*20080517
RMR*IK*393920080518*PI*78.75*78.75*0
REF*PO*0020080519
REF*ST*03939
REF*DP*043
DTM*999*20080518
RMR*IK*393920080519*PI*31.05*31.05*0
REF*PO*0020080520
REF*ST*03939
REF*DP*043
DTM*999*20080519
RMR*IK*393920080520*PI*37.5*37.5*0
REF*PO*0020080521
REF*ST*03939
REF*DP*043
DTM*999*20080520
RMR*IK*393920080521*PI*19.25*19.25*0
REF*PO*0020080522
REF*ST*03939
REF*DP*043
DTM*999*20080521
RMR*IK*394120080515*PI*354.49*354.49*0
REF*PO*0020080516
REF*ST*03941
REF*DP*043
DTM*999*20080515
RMR*IK*394120080516*PI*519.72*519.72*0
REF*PO*0020080517
REF*ST*03941
REF*DP*043
DTM*999*20080516
RMR*IK*394120080517*PI*1086.86*1086.86*0
REF*PO*0020080518
REF*ST*03941
REF*DP*043
DTM*999*20080517
RMR*IK*394120080518*PI*829.69*829.69*0
REF*PO*0020080519
REF*ST*03941
REF*DP*043
DTM*999*20080518
RMR*IK*394120080519*PI*608.94*608.94*0
REF*PO*0020080520
REF*ST*03941
REF*DP*043
DTM*999*20080519
RMR*IK*394120080520*PI*596.54*596.54*0
REF*PO*0020080521
REF*ST*03941
REF*DP*043
DTM*999*20080520
RMR*IK*394120080521*PI*725.45*725.45*0
REF*PO*0020080522
REF*ST*03941
REF*DP*043
DTM*999*20080521
RMR*IK*395720080515*PI*16*16*0
REF*PO*0020080516
REF*ST*03957
REF*DP*043
DTM*999*20080515
RMR*IK*395720080516*PI*40.04*40.04*0
REF*PO*0020080517
REF*ST*03957
REF*DP*043
DTM*999*20080516
RMR*IK*395720080517*PI*33.7*33.7*0
REF*PO*0020080518
REF*ST*03957
REF*DP*043
DTM*999*20080517
RMR*IK*395720080518*PI*49.89*49.89*0
REF*PO*0020080519
REF*ST*03957
REF*DP*043
DTM*999*20080518
RMR*IK*395720080519*PI*4.32*4.32*0
REF*PO*0020080520
REF*ST*03957
REF*DP*043
DTM*999*20080519
RMR*IK*395720080520*PI*47.6*47.6*0
REF*PO*0020080521
REF*ST*03957
REF*DP*043
DTM*999*20080520
RMR*IK*395720080521*PI*55.8*55.8*0
REF*PO*0020080522
REF*ST*03957
REF*DP*043
DTM*999*20080521
RMR*IK*396620080515*PI*16.8*16.8*0
REF*PO*0020080516
REF*ST*03966
REF*DP*043
DTM*999*20080515
RMR*IK*396620080516*PI*44.6*44.6*0
REF*PO*0020080517
REF*ST*03966
REF*DP*043
DTM*999*20080516
RMR*IK*396620080517*PI*110.32*110.32*0
REF*PO*0020080518
REF*ST*03966
REF*DP*043
DTM*999*20080517
RMR*IK*396620080518*PI*23.08*23.08*0
REF*PO*0020080519
REF*ST*03966
REF*DP*043
DTM*999*20080518
RMR*IK*396620080519*PI*67.6*67.6*0
REF*PO*0020080520
REF*ST*03966
REF*DP*043
DTM*999*20080519
RMR*IK*396620080520*PI*22.59*22.59*0
REF*PO*0020080521
REF*ST*03966
REF*DP*043
DTM*999*20080520
RMR*IK*396620080521*PI*46.15*46.15*0
REF*PO*0020080522
REF*ST*03966
REF*DP*043
DTM*999*20080521
RMR*IK*396720080515*PI*15.37*15.37*0
REF*PO*0020080516
REF*ST*03967
REF*DP*043
DTM*999*20080515
RMR*IK*396720080516*PI*30.26*30.26*0
REF*PO*0020080517
REF*ST*03967
REF*DP*043
DTM*999*20080516
RMR*IK*396720080517*PI*16.2*16.2*0
REF*PO*0020080518
REF*ST*03967
REF*DP*043
DTM*999*20080517
RMR*IK*396720080518*PI*14.6*14.6*0
REF*PO*0020080519
REF*ST*03967
REF*DP*043
DTM*999*20080518
RMR*IK*396720080519*PI*23.44*23.44*0
REF*PO*0020080520
REF*ST*03967
REF*DP*043
DTM*999*20080519
RMR*IK*396720080520*PI*9.2*9.2*0
REF*PO*0020080521
REF*ST*03967
REF*DP*043
DTM*999*20080520
RMR*IK*396720080521*PI*39.96*39.96*0
REF*PO*0020080522
REF*ST*03967
REF*DP*043
DTM*999*20080521
RMR*IK*397520080515*PI*43.38*43.38*0
REF*PO*0020080516
REF*ST*03975
REF*DP*043
DTM*999*20080515
RMR*IK*397520080516*PI*37.92*37.92*0
REF*PO*0020080517
REF*ST*03975
REF*DP*043
DTM*999*20080516
RMR*IK*397520080517*PI*121.06*121.06*0
REF*PO*0020080518
REF*ST*03975
REF*DP*043
DTM*999*20080517
RMR*IK*397520080518*PI*112.62*112.62*0
REF*PO*0020080519
REF*ST*03975
REF*DP*043
DTM*999*20080518
RMR*IK*397520080519*PI*98.89*98.89*0
REF*PO*0020080520
REF*ST*03975
REF*DP*043
DTM*999*20080519
RMR*IK*397520080520*PI*69.68*69.68*0
REF*PO*0020080521
REF*ST*03975
REF*DP*043
DTM*999*20080520
RMR*IK*397520080521*PI*90.71*90.71*0
REF*PO*0020080522
REF*ST*03975
REF*DP*043
DTM*999*20080521
RMR*IK*397820080515*PI*95.9*95.9*0
REF*PO*0020080516
REF*ST*03978
REF*DP*043
DTM*999*20080515
RMR*IK*397820080516*PI*270.14*270.14*0
REF*PO*0020080517
REF*ST*03978
REF*DP*043
DTM*999*20080516
RMR*IK*397820080517*PI*584.87*584.87*0
REF*PO*0020080518
REF*ST*03978
REF*DP*043
DTM*999*20080517
RMR*IK*397820080518*PI*202.73*202.73*0
REF*PO*0020080519
REF*ST*03978
REF*DP*043
DTM*999*20080518
RMR*IK*397820080519*PI*324.75*324.75*0
REF*PO*0020080520
REF*ST*03978
REF*DP*043
DTM*999*20080519
RMR*IK*397820080520*PI*107.05*107.05*0
REF*PO*0020080521
REF*ST*03978
REF*DP*043
DTM*999*20080520
RMR*IK*397820080521*PI*321.16*321.16*0
REF*PO*0020080522
REF*ST*03978
REF*DP*043
DTM*999*20080521
RMR*IK*399420080515*PI*41.7*41.7*0
REF*PO*0020080516
REF*ST*03994
REF*DP*043
DTM*999*20080515
RMR*IK*399420080516*PI*103.85*103.85*0
REF*PO*0020080517
REF*ST*03994
REF*DP*043
DTM*999*20080516
RMR*IK*399420080517*PI*136.02*136.02*0
REF*PO*0020080518
REF*ST*03994
REF*DP*043
DTM*999*20080517
RMR*IK*399420080518*PI*37.9*37.9*0
REF*PO*0020080519
REF*ST*03994
REF*DP*043
DTM*999*20080518
RMR*IK*399420080519*PI*27.6*27.6*0
REF*PO*0020080520
REF*ST*03994
REF*DP*043
DTM*999*20080519
RMR*IK*399420080520*PI*21.2*21.2*0
REF*PO*0020080521
REF*ST*03994
REF*DP*043
DTM*999*20080520
RMR*IK*399420080521*PI*59.63*59.63*0
REF*PO*0020080522
REF*ST*03994
REF*DP*043
DTM*999*20080521
RMR*IK*399620080515*PI*20.14*20.14*0
REF*PO*0020080516
REF*ST*03996
REF*DP*043
DTM*999*20080515
RMR*IK*399620080516*PI*183.66*183.66*0
REF*PO*0020080517
REF*ST*03996
REF*DP*043
DTM*999*20080516
RMR*IK*399620080517*PI*251.02*251.02*0
REF*PO*0020080518
REF*ST*03996
REF*DP*043
DTM*999*20080517
RMR*IK*399620080518*PI*163.89*163.89*0
REF*PO*0020080519
REF*ST*03996
REF*DP*043
DTM*999*20080518
RMR*IK*399620080519*PI*99.84*99.84*0
REF*PO*0020080520
REF*ST*03996
REF*DP*043
DTM*999*20080519
RMR*IK*399620080520*PI*174.95*174.95*0
REF*PO*0020080521
REF*ST*03996
REF*DP*043
DTM*999*20080520
RMR*IK*399620080521*PI*134.27*134.27*0
REF*PO*0020080522
REF*ST*03996
REF*DP*043
DTM*999*20080521
RMR*IK*401620080515*PI*222.92*222.92*0
REF*PO*0020080516
REF*ST*04016
REF*DP*043
DTM*999*20080515
RMR*IK*401620080516*PI*211.07*211.07*0
REF*PO*0020080517
REF*ST*04016
REF*DP*043
DTM*999*20080516
RMR*IK*401620080517*PI*220.44*220.44*0
REF*PO*0020080518
REF*ST*04016
REF*DP*043
DTM*999*20080517
RMR*IK*401620080518*PI*107.1*107.1*0
REF*PO*0020080519
REF*ST*04016
REF*DP*043
DTM*999*20080518
RMR*IK*401620080519*PI*174*174*0
REF*PO*0020080520
REF*ST*04016
REF*DP*043
DTM*999*20080519
RMR*IK*401620080520*PI*143.05*143.05*0
REF*PO*0020080521
REF*ST*04016
REF*DP*043
DTM*999*20080520
RMR*IK*401620080521*PI*266.58*266.58*0
REF*PO*0020080522
REF*ST*04016
REF*DP*043
DTM*999*20080521
RMR*IK*403320080515*PI*16.1*16.1*0
REF*PO*0020080516
REF*ST*04033
REF*DP*043
DTM*999*20080515
RMR*IK*403320080516*PI*71.2*71.2*0
REF*PO*0020080517
REF*ST*04033
REF*DP*043
DTM*999*20080516
RMR*IK*403320080517*PI*174.8*174.8*0
REF*PO*0020080518
REF*ST*04033
REF*DP*043
DTM*999*20080517
RMR*IK*403320080518*PI*61.2*61.2*0
REF*PO*0020080519
REF*ST*04033
REF*DP*043
DTM*999*20080518
RMR*IK*403320080519*PI*123.55*123.55*0
REF*PO*0020080520
REF*ST*04033
REF*DP*043
DTM*999*20080519
RMR*IK*403320080520*PI*64.8*64.8*0
REF*PO*0020080521
REF*ST*04033
REF*DP*043
DTM*999*20080520
RMR*IK*403320080521*PI*116.45*116.45*0
REF*PO*0020080522
REF*ST*04033
REF*DP*043
DTM*999*20080521
RMR*IK*407120080515*PI*38.05*38.05*0
REF*PO*0020080516
REF*ST*04071
REF*DP*043
DTM*999*20080515
RMR*IK*407120080516*PI*64.11*64.11*0
REF*PO*0020080517
REF*ST*04071
REF*DP*043
DTM*999*20080516
RMR*IK*407120080517*PI*116.86*116.86*0
REF*PO*0020080518
REF*ST*04071
REF*DP*043
DTM*999*20080517
RMR*IK*407120080518*PI*158.24*158.24*0
REF*PO*0020080519
REF*ST*04071
REF*DP*043
DTM*999*20080518
RMR*IK*407120080519*PI*142.98*142.98*0
REF*PO*0020080520
REF*ST*04071
REF*DP*043
DTM*999*20080519
RMR*IK*407120080520*PI*75.27*75.27*0
REF*PO*0020080521
REF*ST*04071
REF*DP*043
DTM*999*20080520
RMR*IK*407120080521*PI*85.26*85.26*0
REF*PO*0020080522
REF*ST*04071
REF*DP*043
DTM*999*20080521
RMR*IK*409320080515*PI*510.4*510.4*0
REF*PO*0020080516
REF*ST*04093
REF*DP*043
DTM*999*20080515
RMR*IK*409320080516*PI*813.24*813.24*0
REF*PO*0020080517
REF*ST*04093
REF*DP*043
DTM*999*20080516
RMR*IK*409320080517*PI*1764.28*1764.28*0
REF*PO*0020080518
REF*ST*04093
REF*DP*043
DTM*999*20080517
RMR*IK*409320080518*PI*1301.13*1301.13*0
REF*PO*0020080519
REF*ST*04093
REF*DP*043
DTM*999*20080518
RMR*IK*409320080519*PI*1094.93*1094.93*0
REF*PO*0020080520
REF*ST*04093
REF*DP*043
DTM*999*20080519
RMR*IK*409320080520*PI*1170.47*1170.47*0
REF*PO*0020080521
REF*ST*04093
REF*DP*043
DTM*999*20080520
RMR*IK*409320080521*PI*869.42*869.42*0
REF*PO*0020080522
REF*ST*04093
REF*DP*043
DTM*999*20080521
RMR*IK*409320080605*PI*-1.4*-1.4*0
REF*PO*0020080607
REF*ST*04093
REF*DP*043
DTM*999*20080605
RMR*IK*410320080515*PI*335.07*335.07*0
REF*PO*0020080516
REF*ST*04103
REF*DP*043
DTM*999*20080515
RMR*IK*410320080516*PI*477.09*477.09*0
REF*PO*0020080517
REF*ST*04103
REF*DP*043
DTM*999*20080516
RMR*IK*410320080517*PI*934.51*934.51*0
REF*PO*0020080518
REF*ST*04103
REF*DP*043
DTM*999*20080517
RMR*IK*410320080518*PI*635.25*635.25*0
REF*PO*0020080519
REF*ST*04103
REF*DP*043
DTM*999*20080518
RMR*IK*410320080519*PI*573.97*573.97*0
REF*PO*0020080520
REF*ST*04103
REF*DP*043
DTM*999*20080519
RMR*IK*410320080520*PI*487.31*487.31*0
REF*PO*0020080521
REF*ST*04103
REF*DP*043
DTM*999*20080520
RMR*IK*410320080521*PI*476.59*476.59*0
REF*PO*0020080522
REF*ST*04103
REF*DP*043
DTM*999*20080521
RMR*IK*411220080515*PI*82.34*82.34*0
REF*PO*0020080516
REF*ST*04112
REF*DP*043
DTM*999*20080515
RMR*IK*411220080516*PI*152.27*152.27*0
REF*PO*0020080517
REF*ST*04112
REF*DP*043
DTM*999*20080516
RMR*IK*411220080517*PI*408*408*0
REF*PO*0020080518
REF*ST*04112
REF*DP*043
DTM*999*20080517
RMR*IK*411220080518*PI*132.46*132.46*0
REF*PO*0020080519
REF*ST*04112
REF*DP*043
DTM*999*20080518
RMR*IK*411220080519*PI*199.73*199.73*0
REF*PO*0020080520
REF*ST*04112
REF*DP*043
DTM*999*20080519
RMR*IK*411220080520*PI*123.5*123.5*0
REF*PO*0020080521
REF*ST*04112
REF*DP*043
DTM*999*20080520
RMR*IK*411220080521*PI*174.15*174.15*0
REF*PO*0020080522
REF*ST*04112
REF*DP*043
DTM*999*20080521
RMR*IK*412220080515*PI*15*15*0
REF*PO*0020080516
REF*ST*04122
REF*DP*043
DTM*999*20080515
RMR*IK*412220080516*PI*8.6*8.6*0
REF*PO*0020080517
REF*ST*04122
REF*DP*043
DTM*999*20080516
RMR*IK*412220080517*PI*87.25*87.25*0
REF*PO*0020080518
REF*ST*04122
REF*DP*043
DTM*999*20080517
RMR*IK*412220080518*PI*62.9*62.9*0
REF*PO*0020080519
REF*ST*04122
REF*DP*043
DTM*999*20080518
RMR*IK*412220080519*PI*28.8*28.8*0
REF*PO*0020080520
REF*ST*04122
REF*DP*043
DTM*999*20080519
RMR*IK*412220080520*PI*22.35*22.35*0
REF*PO*0020080521
REF*ST*04122
REF*DP*043
DTM*999*20080520
RMR*IK*412220080521*PI*17.9*17.9*0
REF*PO*0020080522
REF*ST*04122
REF*DP*043
DTM*999*20080521
RMR*IK*413720080515*PI*60.16*60.16*0
REF*PO*0020080516
REF*ST*04137
REF*DP*043
DTM*999*20080515
RMR*IK*413720080516*PI*66.4*66.4*0
REF*PO*0020080517
REF*ST*04137
REF*DP*043
DTM*999*20080516
RMR*IK*413720080517*PI*277.27*277.27*0
REF*PO*0020080518
REF*ST*04137
REF*DP*043
DTM*999*20080517
RMR*IK*413720080518*PI*70.57*70.57*0
REF*PO*0020080519
REF*ST*04137
REF*DP*043
DTM*999*20080518
RMR*IK*413720080519*PI*149.58*149.58*0
REF*PO*0020080520
REF*ST*04137
REF*DP*043
DTM*999*20080519
RMR*IK*413720080520*PI*226.91*226.91*0
REF*PO*0020080521
REF*ST*04137
REF*DP*043
DTM*999*20080520
RMR*IK*413720080521*PI*171.3*171.3*0
REF*PO*0020080522
REF*ST*04137
REF*DP*043
DTM*999*20080521
RMR*IK*418920080515*PI*154.56*154.56*0
REF*PO*0020080516
REF*ST*04189
REF*DP*043
DTM*999*20080515
RMR*IK*418920080516*PI*30.89*30.89*0
REF*PO*0020080517
REF*ST*04189
REF*DP*043
DTM*999*20080516
RMR*IK*418920080517*PI*63.17*63.17*0
REF*PO*0020080518
REF*ST*04189
REF*DP*043
DTM*999*20080517
RMR*IK*418920080518*PI*85.05*85.05*0
REF*PO*0020080519
REF*ST*04189
REF*DP*043
DTM*999*20080518
RMR*IK*418920080519*PI*71.27*71.27*0
REF*PO*0020080520
REF*ST*04189
REF*DP*043
DTM*999*20080519
RMR*IK*418920080520*PI*53.4*53.4*0
REF*PO*0020080521
REF*ST*04189
REF*DP*043
DTM*999*20080520
RMR*IK*418920080521*PI*152.45*152.45*0
REF*PO*0020080522
REF*ST*04189
REF*DP*043
DTM*999*20080521
RMR*IK*419820080515*PI*77.8*77.8*0
REF*PO*0020080516
REF*ST*04198
REF*DP*043
DTM*999*20080515
RMR*IK*419820080516*PI*150.71*150.71*0
REF*PO*0020080517
REF*ST*04198
REF*DP*043
DTM*999*20080516
RMR*IK*419820080517*PI*117.64*117.64*0
REF*PO*0020080518
REF*ST*04198
REF*DP*043
DTM*999*20080517
RMR*IK*419820080518*PI*223.64*223.64*0
REF*PO*0020080519
REF*ST*04198
REF*DP*043
DTM*999*20080518
RMR*IK*419820080519*PI*122.36*122.36*0
REF*PO*0020080520
REF*ST*04198
REF*DP*043
DTM*999*20080519
RMR*IK*419820080520*PI*90.52*90.52*0
REF*PO*0020080521
REF*ST*04198
REF*DP*043
DTM*999*20080520
RMR*IK*419820080521*PI*157.16*157.16*0
REF*PO*0020080522
REF*ST*04198
REF*DP*043
DTM*999*20080521
RMR*IK*420220080515*PI*257.33*257.33*0
REF*PO*0020080516
REF*ST*04202
REF*DP*043
DTM*999*20080515
RMR*IK*420220080516*PI*371.17*371.17*0
REF*PO*0020080517
REF*ST*04202
REF*DP*043
DTM*999*20080516
RMR*IK*420220080517*PI*593.27*593.27*0
REF*PO*0020080518
REF*ST*04202
REF*DP*043
DTM*999*20080517
RMR*IK*420220080518*PI*284.87*284.87*0
REF*PO*0020080519
REF*ST*04202
REF*DP*043
DTM*999*20080518
RMR*IK*420220080519*PI*378.27*378.27*0
REF*PO*0020080520
REF*ST*04202
REF*DP*043
DTM*999*20080519
RMR*IK*420220080520*PI*364.34*364.34*0
REF*PO*0020080521
REF*ST*04202
REF*DP*043
DTM*999*20080520
RMR*IK*420220080521*PI*344.44*344.44*0
REF*PO*0020080522
REF*ST*04202
REF*DP*043
DTM*999*20080521
RMR*IK*424420080515*PI*474.44*474.44*0
REF*PO*0020080516
REF*ST*04244
REF*DP*043
DTM*999*20080515
RMR*IK*424420080516*PI*498.03*498.03*0
REF*PO*0020080517
REF*ST*04244
REF*DP*043
DTM*999*20080516
RMR*IK*424420080517*PI*1532.65*1532.65*0
REF*PO*0020080518
REF*ST*04244
REF*DP*043
DTM*999*20080517
RMR*IK*424420080518*PI*869.62*869.62*0
REF*PO*0020080519
REF*ST*04244
REF*DP*043
DTM*999*20080518
RMR*IK*424420080519*PI*729.97*729.97*0
REF*PO*0020080520
REF*ST*04244
REF*DP*043
DTM*999*20080519
RMR*IK*424420080520*PI*707.43*707.43*0
REF*PO*0020080521
REF*ST*04244
REF*DP*043
DTM*999*20080520
RMR*IK*424420080521*PI*971.96*971.96*0
REF*PO*0020080522
REF*ST*04244
REF*DP*043
DTM*999*20080521
RMR*IK*424420080606*PI*-4.55*-4.55*0
REF*PO*0020080608
REF*ST*04244
REF*DP*043
DTM*999*20080606
RMR*IK*430820080515*PI*34.32*34.32*0
REF*PO*0020080516
REF*ST*04308
REF*DP*043
DTM*999*20080515
RMR*IK*430820080516*PI*92.3*92.3*0
REF*PO*0020080517
REF*ST*04308
REF*DP*043
DTM*999*20080516
RMR*IK*430820080517*PI*253.97*253.97*0
REF*PO*0020080518
REF*ST*04308
REF*DP*043
DTM*999*20080517
RMR*IK*430820080518*PI*158.42*158.42*0
REF*PO*0020080519
REF*ST*04308
REF*DP*043
DTM*999*20080518
RMR*IK*430820080519*PI*138.19*138.19*0
REF*PO*0020080520
REF*ST*04308
REF*DP*043
DTM*999*20080519
RMR*IK*430820080520*PI*143.69*143.69*0
REF*PO*0020080521
REF*ST*04308
REF*DP*043
DTM*999*20080520
RMR*IK*430820080521*PI*193.74*193.74*0
REF*PO*0020080522
REF*ST*04308
REF*DP*043
DTM*999*20080521
RMR*IK*431220080515*PI*23.7*23.7*0
REF*PO*0020080516
REF*ST*04312
REF*DP*043
DTM*999*20080515
RMR*IK*431220080516*PI*124.08*124.08*0
REF*PO*0020080517
REF*ST*04312
REF*DP*043
DTM*999*20080516
RMR*IK*431220080517*PI*162.9*162.9*0
REF*PO*0020080518
REF*ST*04312
REF*DP*043
DTM*999*20080517
RMR*IK*431220080518*PI*167.3*167.3*0
REF*PO*0020080519
REF*ST*04312
REF*DP*043
DTM*999*20080518
RMR*IK*431220080519*PI*99.93*99.93*0
REF*PO*0020080520
REF*ST*04312
REF*DP*043
DTM*999*20080519
RMR*IK*431220080520*PI*80.8*80.8*0
REF*PO*0020080521
REF*ST*04312
REF*DP*043
DTM*999*20080520
RMR*IK*431220080521*PI*88.75*88.75*0
REF*PO*0020080522
REF*ST*04312
REF*DP*043
DTM*999*20080521
RMR*IK*447520080515*PI*67.4*67.4*0
REF*PO*0020080516
REF*ST*04475
REF*DP*043
DTM*999*20080515
RMR*IK*447520080516*PI*165.75*165.75*0
REF*PO*0020080517
REF*ST*04475
REF*DP*043
DTM*999*20080516
RMR*IK*447520080517*PI*270.76*270.76*0
REF*PO*0020080518
REF*ST*04475
REF*DP*043
DTM*999*20080517
RMR*IK*447520080518*PI*130.05*130.05*0
REF*PO*0020080519
REF*ST*04475
REF*DP*043
DTM*999*20080518
RMR*IK*447520080519*PI*325.28*325.28*0
REF*PO*0020080520
REF*ST*04475
REF*DP*043
DTM*999*20080519
RMR*IK*447520080520*PI*130.75*130.75*0
REF*PO*0020080521
REF*ST*04475
REF*DP*043
DTM*999*20080520
RMR*IK*447520080521*PI*200.68*200.68*0
REF*PO*0020080522
REF*ST*04475
REF*DP*043
DTM*999*20080521
RMR*IK*471720080515*PI*209.42*209.42*0
REF*PO*0020080516
REF*ST*04717
REF*DP*043
DTM*999*20080515
RMR*IK*471720080516*PI*466.68*466.68*0
REF*PO*0020080517
REF*ST*04717
REF*DP*043
DTM*999*20080516
RMR*IK*471720080517*PI*1033.32*1033.32*0
REF*PO*0020080518
REF*ST*04717
REF*DP*043
DTM*999*20080517
RMR*IK*471720080518*PI*301.86*301.86*0
REF*PO*0020080519
REF*ST*04717
REF*DP*043
DTM*999*20080518
RMR*IK*471720080519*PI*517.37*517.37*0
REF*PO*0020080520
REF*ST*04717
REF*DP*043
DTM*999*20080519
RMR*IK*471720080520*PI*362.15*362.15*0
REF*PO*0020080521
REF*ST*04717
REF*DP*043
DTM*999*20080520
RMR*IK*471720080521*PI*373.9*373.9*0
REF*PO*0020080522
REF*ST*04717
REF*DP*043
DTM*999*20080521
RMR*IK*471920080515*PI*144.85*144.85*0
REF*PO*0020080516
REF*ST*04719
REF*DP*043
DTM*999*20080515
RMR*IK*471920080516*PI*532.6*532.6*0
REF*PO*0020080517
REF*ST*04719
REF*DP*043
DTM*999*20080516
RMR*IK*471920080517*PI*632.38*632.38*0
REF*PO*0020080518
REF*ST*04719
REF*DP*043
DTM*999*20080517
RMR*IK*471920080518*PI*314.36*314.36*0
REF*PO*0020080519
REF*ST*04719
REF*DP*043
DTM*999*20080518
RMR*IK*471920080519*PI*509.76*509.76*0
REF*PO*0020080520
REF*ST*04719
REF*DP*043
DTM*999*20080519
RMR*IK*471920080520*PI*627.24*627.24*0
REF*PO*0020080521
REF*ST*04719
REF*DP*043
DTM*999*20080520
RMR*IK*471920080521*PI*589.34*589.34*0
REF*PO*0020080522
REF*ST*04719
REF*DP*043
DTM*999*20080521
RMR*IK*472320080515*PI*20.22*20.22*0
REF*PO*0020080516
REF*ST*04723
REF*DP*043
DTM*999*20080515
RMR*IK*472320080516*PI*10.8*10.8*0
REF*PO*0020080517
REF*ST*04723
REF*DP*043
DTM*999*20080516
RMR*IK*472320080517*PI*28.36*28.36*0
REF*PO*0020080518
REF*ST*04723
REF*DP*043
DTM*999*20080517
RMR*IK*472320080518*PI*23.32*23.32*0
REF*PO*0020080519
REF*ST*04723
REF*DP*043
DTM*999*20080518
RMR*IK*472320080519*PI*32.81*32.81*0
REF*PO*0020080520
REF*ST*04723
REF*DP*043
DTM*999*20080519
RMR*IK*472320080520*PI*49.94*49.94*0
REF*PO*0020080521
REF*ST*04723
REF*DP*043
DTM*999*20080520
RMR*IK*472320080521*PI*36.25*36.25*0
REF*PO*0020080522
REF*ST*04723
REF*DP*043
DTM*999*20080521
RMR*IK*473920080515*PI*67.8*67.8*0
REF*PO*0020080516
REF*ST*04739
REF*DP*043
DTM*999*20080515
RMR*IK*473920080516*PI*98.54*98.54*0
REF*PO*0020080517
REF*ST*04739
REF*DP*043
DTM*999*20080516
RMR*IK*473920080517*PI*164.19*164.19*0
REF*PO*0020080518
REF*ST*04739
REF*DP*043
DTM*999*20080517
RMR*IK*473920080518*PI*98.45*98.45*0
REF*PO*0020080519
REF*ST*04739
REF*DP*043
DTM*999*20080518
RMR*IK*473920080519*PI*158.29*158.29*0
REF*PO*0020080520
REF*ST*04739
REF*DP*043
DTM*999*20080519
RMR*IK*473920080520*PI*54.7*54.7*0
REF*PO*0020080521
REF*ST*04739
REF*DP*043
DTM*999*20080520
RMR*IK*473920080521*PI*121.6*121.6*0
REF*PO*0020080522
REF*ST*04739
REF*DP*043
DTM*999*20080521
RMR*IK*475720080515*PI*60.56*60.56*0
REF*PO*0020080516
REF*ST*04757
REF*DP*043
DTM*999*20080515
RMR*IK*475720080516*PI*124.5*124.5*0
REF*PO*0020080517
REF*ST*04757
REF*DP*043
DTM*999*20080516
RMR*IK*475720080517*PI*252.88*252.88*0
REF*PO*0020080518
REF*ST*04757
REF*DP*043
DTM*999*20080517
RMR*IK*475720080518*PI*142.45*142.45*0
REF*PO*0020080519
REF*ST*04757
REF*DP*043
DTM*999*20080518
RMR*IK*475720080519*PI*134.15*134.15*0
REF*PO*0020080520
REF*ST*04757
REF*DP*043
DTM*999*20080519
RMR*IK*475720080520*PI*105.85*105.85*0
REF*PO*0020080521
REF*ST*04757
REF*DP*043
DTM*999*20080520
RMR*IK*475720080521*PI*75.15*75.15*0
REF*PO*0020080522
REF*ST*04757
REF*DP*043
DTM*999*20080521
RMR*IK*475820080515*PI*43.2*43.2*0
REF*PO*0020080516
REF*ST*04758
REF*DP*043
DTM*999*20080515
RMR*IK*475820080516*PI*61.7*61.7*0
REF*PO*0020080517
REF*ST*04758
REF*DP*043
DTM*999*20080516
RMR*IK*475820080517*PI*173.3*173.3*0
REF*PO*0020080518
REF*ST*04758
REF*DP*043
DTM*999*20080517
RMR*IK*475820080518*PI*150.2*150.2*0
REF*PO*0020080519
REF*ST*04758
REF*DP*043
DTM*999*20080518
RMR*IK*475820080519*PI*258.05*258.05*0
REF*PO*0020080520
REF*ST*04758
REF*DP*043
DTM*999*20080519
RMR*IK*475820080520*PI*128.2*128.2*0
REF*PO*0020080521
REF*ST*04758
REF*DP*043
DTM*999*20080520
RMR*IK*475820080521*PI*110.18*110.18*0
REF*PO*0020080522
REF*ST*04758
REF*DP*043
DTM*999*20080521
RMR*IK*476020080515*PI*9.87*9.87*0
REF*PO*0020080516
REF*ST*04760
REF*DP*043
DTM*999*20080515
RMR*IK*476020080516*PI*41.89*41.89*0
REF*PO*0020080517
REF*ST*04760
REF*DP*043
DTM*999*20080516
RMR*IK*476020080517*PI*93.78*93.78*0
REF*PO*0020080518
REF*ST*04760
REF*DP*043
DTM*999*20080517
RMR*IK*476020080518*PI*62.66*62.66*0
REF*PO*0020080519
REF*ST*04760
REF*DP*043
DTM*999*20080518
RMR*IK*476020080519*PI*32.87*32.87*0
REF*PO*0020080520
REF*ST*04760
REF*DP*043
DTM*999*20080519
RMR*IK*476020080520*PI*31.95*31.95*0
REF*PO*0020080521
REF*ST*04760
REF*DP*043
DTM*999*20080520
RMR*IK*476020080521*PI*36.19*36.19*0
REF*PO*0020080522
REF*ST*04760
REF*DP*043
DTM*999*20080521
RMR*IK*476920080515*PI*10.8*10.8*0
REF*PO*0020080516
REF*ST*04769
REF*DP*043
DTM*999*20080515
RMR*IK*476920080516*PI*111.9*111.9*0
REF*PO*0020080517
REF*ST*04769
REF*DP*043
DTM*999*20080516
RMR*IK*476920080517*PI*223.03*223.03*0
REF*PO*0020080518
REF*ST*04769
REF*DP*043
DTM*999*20080517
RMR*IK*476920080518*PI*121.74*121.74*0
REF*PO*0020080519
REF*ST*04769
REF*DP*043
DTM*999*20080518
RMR*IK*476920080519*PI*120.15*120.15*0
REF*PO*0020080520
REF*ST*04769
REF*DP*043
DTM*999*20080519
RMR*IK*476920080520*PI*78.95*78.95*0
REF*PO*0020080521
REF*ST*04769
REF*DP*043
DTM*999*20080520
RMR*IK*476920080521*PI*109.39*109.39*0
REF*PO*0020080522
REF*ST*04769
REF*DP*043
DTM*999*20080521
RMR*IK*477720080515*PI*128.95*128.95*0
REF*PO*0020080516
REF*ST*04777
REF*DP*043
DTM*999*20080515
RMR*IK*477720080516*PI*154.7*154.7*0
REF*PO*0020080517
REF*ST*04777
REF*DP*043
DTM*999*20080516
RMR*IK*477720080517*PI*218.6*218.6*0
REF*PO*0020080518
REF*ST*04777
REF*DP*043
DTM*999*20080517
RMR*IK*477720080518*PI*221.95*221.95*0
REF*PO*0020080519
REF*ST*04777
REF*DP*043
DTM*999*20080518
RMR*IK*477720080519*PI*150.85*150.85*0
REF*PO*0020080520
REF*ST*04777
REF*DP*043
DTM*999*20080519
RMR*IK*477720080520*PI*69.7*69.7*0
REF*PO*0020080521
REF*ST*04777
REF*DP*043
DTM*999*20080520
RMR*IK*477720080521*PI*131.45*131.45*0
REF*PO*0020080522
REF*ST*04777
REF*DP*043
DTM*999*20080521
RMR*IK*481720080515*PI*4.85*4.85*0
REF*PO*0020080516
REF*ST*04817
REF*DP*043
DTM*999*20080515
RMR*IK*481720080516*PI*224.53*224.53*0
REF*PO*0020080517
REF*ST*04817
REF*DP*043
DTM*999*20080516
RMR*IK*481720080517*PI*301.96*301.96*0
REF*PO*0020080518
REF*ST*04817
REF*DP*043
DTM*999*20080517
RMR*IK*481720080518*PI*175.7*175.7*0
REF*PO*0020080519
REF*ST*04817
REF*DP*043
DTM*999*20080518
RMR*IK*481720080519*PI*183.02*183.02*0
REF*PO*0020080520
REF*ST*04817
REF*DP*043
DTM*999*20080519
RMR*IK*481720080520*PI*256.04*256.04*0
REF*PO*0020080521
REF*ST*04817
REF*DP*043
DTM*999*20080520
RMR*IK*481720080521*PI*288.61*288.61*0
REF*PO*0020080522
REF*ST*04817
REF*DP*043
DTM*999*20080521
RMR*IK*483520080515*PI*16.53*16.53*0
REF*PO*0020080516
REF*ST*04835
REF*DP*043
DTM*999*20080515
RMR*IK*483520080516*PI*158.46*158.46*0
REF*PO*0020080517
REF*ST*04835
REF*DP*043
DTM*999*20080516
RMR*IK*483520080517*PI*75.64*75.64*0
REF*PO*0020080518
REF*ST*04835
REF*DP*043
DTM*999*20080517
RMR*IK*483520080518*PI*64.28*64.28*0
REF*PO*0020080519
REF*ST*04835
REF*DP*043
DTM*999*20080518
RMR*IK*483520080519*PI*91.04*91.04*0
REF*PO*0020080520
REF*ST*04835
REF*DP*043
DTM*999*20080519
RMR*IK*483520080520*PI*84.16*84.16*0
REF*PO*0020080521
REF*ST*04835
REF*DP*043
DTM*999*20080520
RMR*IK*483520080521*PI*59.5*59.5*0
REF*PO*0020080522
REF*ST*04835
REF*DP*043
DTM*999*20080521
RMR*IK*486620080515*PI*305.51*305.51*0
REF*PO*0020080516
REF*ST*04866
REF*DP*043
DTM*999*20080515
RMR*IK*486620080516*PI*466.81*466.81*0
REF*PO*0020080517
REF*ST*04866
REF*DP*043
DTM*999*20080516
RMR*IK*486620080517*PI*682.66*682.66*0
REF*PO*0020080518
REF*ST*04866
REF*DP*043
DTM*999*20080517
RMR*IK*486620080518*PI*258.35*258.35*0
REF*PO*0020080519
REF*ST*04866
REF*DP*043
DTM*999*20080518
RMR*IK*486620080519*PI*286.64*286.64*0
REF*PO*0020080520
REF*ST*04866
REF*DP*043
DTM*999*20080519
RMR*IK*486620080520*PI*132.28*132.28*0
REF*PO*0020080521
REF*ST*04866
REF*DP*043
DTM*999*20080520
RMR*IK*486620080521*PI*101.81*101.81*0
REF*PO*0020080522
REF*ST*04866
REF*DP*043
DTM*999*20080521
RMR*IK*487220080515*PI*48.93*48.93*0
REF*PO*0020080516
REF*ST*04872
REF*DP*043
DTM*999*20080515
RMR*IK*487220080516*PI*320.45*320.45*0
REF*PO*0020080517
REF*ST*04872
REF*DP*043
DTM*999*20080516
RMR*IK*487220080517*PI*247.9*247.9*0
REF*PO*0020080518
REF*ST*04872
REF*DP*043
DTM*999*20080517
RMR*IK*487220080518*PI*123.73*123.73*0
REF*PO*0020080519
REF*ST*04872
REF*DP*043
DTM*999*20080518
RMR*IK*487220080519*PI*225.52*225.52*0
REF*PO*0020080520
REF*ST*04872
REF*DP*043
DTM*999*20080519
RMR*IK*487220080520*PI*162.4*162.4*0
REF*PO*0020080521
REF*ST*04872
REF*DP*043
DTM*999*20080520
RMR*IK*487220080521*PI*123.75*123.75*0
REF*PO*0020080522
REF*ST*04872
REF*DP*043
DTM*999*20080521
RMR*IK*488320080515*PI*170.12*170.12*0
REF*PO*0020080516
REF*ST*04883
REF*DP*043
DTM*999*20080515
RMR*IK*488320080516*PI*244.66*244.66*0
REF*PO*0020080517
REF*ST*04883
REF*DP*043
DTM*999*20080516
RMR*IK*488320080517*PI*275.89*275.89*0
REF*PO*0020080518
REF*ST*04883
REF*DP*043
DTM*999*20080517
RMR*IK*488320080518*PI*180.32*180.32*0
REF*PO*0020080519
REF*ST*04883
REF*DP*043
DTM*999*20080518
RMR*IK*488320080519*PI*99.46*99.46*0
REF*PO*0020080520
REF*ST*04883
REF*DP*043
DTM*999*20080519
RMR*IK*488320080520*PI*97.81*97.81*0
REF*PO*0020080521
REF*ST*04883
REF*DP*043
DTM*999*20080520
RMR*IK*488320080521*PI*82.9*82.9*0
REF*PO*0020080522
REF*ST*04883
REF*DP*043
DTM*999*20080521
RMR*IK*489820080515*PI*24.35*24.35*0
REF*PO*0020080516
REF*ST*04898
REF*DP*043
DTM*999*20080515
RMR*IK*489820080516*PI*107.1*107.1*0
REF*PO*0020080517
REF*ST*04898
REF*DP*043
DTM*999*20080516
RMR*IK*489820080517*PI*156.11*156.11*0
REF*PO*0020080518
REF*ST*04898
REF*DP*043
DTM*999*20080517
RMR*IK*489820080518*PI*16*16*0
REF*PO*0020080519
REF*ST*04898
REF*DP*043
DTM*999*20080518
RMR*IK*489820080519*PI*107.11*107.11*0
REF*PO*0020080520
REF*ST*04898
REF*DP*043
DTM*999*20080519
RMR*IK*489820080520*PI*56.35*56.35*0
REF*PO*0020080521
REF*ST*04898
REF*DP*043
DTM*999*20080520
RMR*IK*489820080521*PI*76.8*76.8*0
REF*PO*0020080522
REF*ST*04898
REF*DP*043
DTM*999*20080521
RMR*IK*497020080515*PI*211.73*211.73*0
REF*PO*0020080516
REF*ST*04970
REF*DP*043
DTM*999*20080515
RMR*IK*497020080516*PI*336.61*336.61*0
REF*PO*0020080517
REF*ST*04970
REF*DP*043
DTM*999*20080516
RMR*IK*497020080517*PI*419.79*419.79*0
REF*PO*0020080518
REF*ST*04970
REF*DP*043
DTM*999*20080517
RMR*IK*497020080518*PI*306.86*306.86*0
REF*PO*0020080519
REF*ST*04970
REF*DP*043
DTM*999*20080518
RMR*IK*497020080519*PI*265.88*265.88*0
REF*PO*0020080520
REF*ST*04970
REF*DP*043
DTM*999*20080519
RMR*IK*497020080520*PI*239.67*239.67*0
REF*PO*0020080521
REF*ST*04970
REF*DP*043
DTM*999*20080520
RMR*IK*497020080521*PI*191.71*191.71*0
REF*PO*0020080522
REF*ST*04970
REF*DP*043
DTM*999*20080521
RMR*IK*501420080515*PI*108.9*108.9*0
REF*PO*0020080517
REF*ST*05014
REF*DP*043
DTM*999*20080515
RMR*IK*501420080516*PI*281.87*281.87*0
REF*PO*0020080518
REF*ST*05014
REF*DP*043
DTM*999*20080516
RMR*IK*501420080517*PI*512.18*512.18*0
REF*PO*0020080519
REF*ST*05014
REF*DP*043
DTM*999*20080517
RMR*IK*501420080518*PI*260.1*260.1*0
REF*PO*0020080520
REF*ST*05014
REF*DP*043
DTM*999*20080518
RMR*IK*501420080519*PI*329.41*329.41*0
REF*PO*0020080521
REF*ST*05014
REF*DP*043
DTM*999*20080519
RMR*IK*501420080520*PI*201.88*201.88*0
REF*PO*0020080522
REF*ST*05014
REF*DP*043
DTM*999*20080520
RMR*IK*501420080521*PI*355.76*355.76*0
REF*PO*0020080523
REF*ST*05014
REF*DP*043
DTM*999*20080521
RMR*IK*502320080515*PI*17.07*17.07*0
REF*PO*0020080517
REF*ST*05023
REF*DP*043
DTM*999*20080515
RMR*IK*502320080516*PI*66.23*66.23*0
REF*PO*0020080518
REF*ST*05023
REF*DP*043
DTM*999*20080516
RMR*IK*502320080517*PI*107.62*107.62*0
REF*PO*0020080519
REF*ST*05023
REF*DP*043
DTM*999*20080517
RMR*IK*502320080518*PI*13.95*13.95*0
REF*PO*0020080520
REF*ST*05023
REF*DP*043
DTM*999*20080518
RMR*IK*502320080519*PI*61.15*61.15*0
REF*PO*0020080521
REF*ST*05023
REF*DP*043
DTM*999*20080519
RMR*IK*502320080520*PI*187.43*187.43*0
REF*PO*0020080522
REF*ST*05023
REF*DP*043
DTM*999*20080520
RMR*IK*502320080521*PI*131.85*131.85*0
REF*PO*0020080523
REF*ST*05023
REF*DP*043
DTM*999*20080521
RMR*IK*506620080515*PI*5.95*5.95*0
REF*PO*0020080517
REF*ST*05066
REF*DP*043
DTM*999*20080515
RMR*IK*506620080516*PI*1.2*1.2*0
REF*PO*0020080518
REF*ST*05066
REF*DP*043
DTM*999*20080516
RMR*IK*506620080517*PI*11.15*11.15*0
REF*PO*0020080519
REF*ST*05066
REF*DP*043
DTM*999*20080517
RMR*IK*506620080519*PI*9.6*9.6*0
REF*PO*0020080521
REF*ST*05066
REF*DP*043
DTM*999*20080519
RMR*IK*506620080520*PI*4.8*4.8*0
REF*PO*0020080522
REF*ST*05066
REF*DP*043
DTM*999*20080520
RMR*IK*506620080521*PI*22.45*22.45*0
REF*PO*0020080523
REF*ST*05066
REF*DP*043
DTM*999*20080521
RMR*IK*507020080515*PI*34*34*0
REF*PO*0020080517
REF*ST*05070
REF*DP*043
DTM*999*20080515
RMR*IK*507020080516*PI*6*6*0
REF*PO*0020080518
REF*ST*05070
REF*DP*043
DTM*999*20080516
RMR*IK*507020080517*PI*81.3*81.3*0
REF*PO*0020080519
REF*ST*05070
REF*DP*043
DTM*999*20080517
RMR*IK*507020080518*PI*48.55*48.55*0
REF*PO*0020080520
REF*ST*05070
REF*DP*043
DTM*999*20080518
RMR*IK*507020080519*PI*32.8*32.8*0
REF*PO*0020080521
REF*ST*05070
REF*DP*043
DTM*999*20080519
RMR*IK*507020080520*PI*47.88*47.88*0
REF*PO*0020080522
REF*ST*05070
REF*DP*043
DTM*999*20080520
RMR*IK*507020080521*PI*78.75*78.75*0
REF*PO*0020080523
REF*ST*05070
REF*DP*043
DTM*999*20080521
RMR*IK*507720080515*PI*3.4*3.4*0
REF*PO*0020080517
REF*ST*05077
REF*DP*043
DTM*999*20080515
RMR*IK*507720080517*PI*9.8*9.8*0
REF*PO*0020080519
REF*ST*05077
REF*DP*043
DTM*999*20080517
RMR*IK*507720080518*PI*22.4*22.4*0
REF*PO*0020080520
REF*ST*05077
REF*DP*043
DTM*999*20080518
RMR*IK*507720080519*PI*9.75*9.75*0
REF*PO*0020080521
REF*ST*05077
REF*DP*043
DTM*999*20080519
RMR*IK*507720080520*PI*16.16*16.16*0
REF*PO*0020080522
REF*ST*05077
REF*DP*043
DTM*999*20080520
RMR*IK*507720080521*PI*21.4*21.4*0
REF*PO*0020080523
REF*ST*05077
REF*DP*043
DTM*999*20080521
RMR*IK*704320080515*PI*48.92*48.92*0
REF*PO*0020080516
REF*ST*07043
REF*DP*043
DTM*999*20080515
RMR*IK*704320080516*PI*107.64*107.64*0
REF*PO*0020080517
REF*ST*07043
REF*DP*043
DTM*999*20080516
RMR*IK*704320080517*PI*248.19*248.19*0
REF*PO*0020080518
REF*ST*07043
REF*DP*043
DTM*999*20080517
RMR*IK*704320080518*PI*96.2*96.2*0
REF*PO*0020080519
REF*ST*07043
REF*DP*043
DTM*999*20080518
RMR*IK*704320080519*PI*160.8*160.8*0
REF*PO*0020080520
REF*ST*07043
REF*DP*043
DTM*999*20080519
RMR*IK*704320080520*PI*138*138*0
REF*PO*0020080521
REF*ST*07043
REF*DP*043
DTM*999*20080520
RMR*IK*704320080521*PI*154.65*154.65*0
REF*PO*0020080522
REF*ST*07043
REF*DP*043
DTM*999*20080521
RMR*IK*704520080515*PI*135.24*135.24*0
REF*PO*0020080516
REF*ST*07045
REF*DP*043
DTM*999*20080515
RMR*IK*704520080516*PI*89.04*89.04*0
REF*PO*0020080517
REF*ST*07045
REF*DP*043
DTM*999*20080516
RMR*IK*704520080517*PI*144.46*144.46*0
REF*PO*0020080518
REF*ST*07045
REF*DP*043
DTM*999*20080517
RMR*IK*704520080518*PI*99.07*99.07*0
REF*PO*0020080519
REF*ST*07045
REF*DP*043
DTM*999*20080518
RMR*IK*704520080519*PI*118*118*0
REF*PO*0020080520
REF*ST*07045
REF*DP*043
DTM*999*20080519
RMR*IK*704520080520*PI*60.71*60.71*0
REF*PO*0020080521
REF*ST*07045
REF*DP*043
DTM*999*20080520
RMR*IK*704520080521*PI*54.04*54.04*0
REF*PO*0020080522
REF*ST*07045
REF*DP*043
DTM*999*20080521
RMR*IK*705920080515*PI*36.55*36.55*0
REF*PO*0020080516
REF*ST*07059
REF*DP*043
DTM*999*20080515
RMR*IK*705920080516*PI*61.2*61.2*0
REF*PO*0020080517
REF*ST*07059
REF*DP*043
DTM*999*20080516
RMR*IK*705920080517*PI*117.32*117.32*0
REF*PO*0020080518
REF*ST*07059
REF*DP*043
DTM*999*20080517
RMR*IK*705920080518*PI*120.62*120.62*0
REF*PO*0020080519
REF*ST*07059
REF*DP*043
DTM*999*20080518
RMR*IK*705920080519*PI*102.5*102.5*0
REF*PO*0020080520
REF*ST*07059
REF*DP*043
DTM*999*20080519
RMR*IK*705920080520*PI*25.57*25.57*0
REF*PO*0020080521
REF*ST*07059
REF*DP*043
DTM*999*20080520
RMR*IK*705920080521*PI*58.06*58.06*0
REF*PO*0020080522
REF*ST*07059
REF*DP*043
DTM*999*20080521
RMR*IK*706020080515*PI*112.47*112.47*0
REF*PO*0020080516
REF*ST*07060
REF*DP*043
DTM*999*20080515
RMR*IK*706020080516*PI*96.5*96.5*0
REF*PO*0020080517
REF*ST*07060
REF*DP*043
DTM*999*20080516
RMR*IK*706020080517*PI*162.39*162.39*0
REF*PO*0020080518
REF*ST*07060
REF*DP*043
DTM*999*20080517
RMR*IK*706020080518*PI*72.01*72.01*0
REF*PO*0020080519
REF*ST*07060
REF*DP*043
DTM*999*20080518
RMR*IK*706020080519*PI*133.85*133.85*0
REF*PO*0020080520
REF*ST*07060
REF*DP*043
DTM*999*20080519
RMR*IK*706020080520*PI*117.55*117.55*0
REF*PO*0020080521
REF*ST*07060
REF*DP*043
DTM*999*20080520
RMR*IK*706020080521*PI*88.6*88.6*0
REF*PO*0020080522
REF*ST*07060
REF*DP*043
DTM*999*20080521
RMR*IK*706320080515*PI*178.84*178.84*0
REF*PO*0020080516
REF*ST*07063
REF*DP*043
DTM*999*20080515
RMR*IK*706320080516*PI*150*150*0
REF*PO*0020080517
REF*ST*07063
REF*DP*043
DTM*999*20080516
RMR*IK*706320080517*PI*388.7*388.7*0
REF*PO*0020080518
REF*ST*07063
REF*DP*043
DTM*999*20080517
RMR*IK*706320080518*PI*176.25*176.25*0
REF*PO*0020080519
REF*ST*07063
REF*DP*043
DTM*999*20080518
RMR*IK*706320080519*PI*280.98*280.98*0
REF*PO*0020080520
REF*ST*07063
REF*DP*043
DTM*999*20080519
RMR*IK*706320080520*PI*129.63*129.63*0
REF*PO*0020080521
REF*ST*07063
REF*DP*043
DTM*999*20080520
RMR*IK*706320080521*PI*220.92*220.92*0
REF*PO*0020080522
REF*ST*07063
REF*DP*043
DTM*999*20080521
RMR*IK*706420080515*PI*40.75*40.75*0
REF*PO*0020080516
REF*ST*07064
REF*DP*043
DTM*999*20080515
RMR*IK*706420080516*PI*205.4*205.4*0
REF*PO*0020080517
REF*ST*07064
REF*DP*043
DTM*999*20080516
RMR*IK*706420080517*PI*209.79*209.79*0
REF*PO*0020080518
REF*ST*07064
REF*DP*043
DTM*999*20080517
RMR*IK*706420080518*PI*102.35*102.35*0
REF*PO*0020080519
REF*ST*07064
REF*DP*043
DTM*999*20080518
RMR*IK*706420080519*PI*34.25*34.25*0
REF*PO*0020080520
REF*ST*07064
REF*DP*043
DTM*999*20080519
RMR*IK*706420080520*PI*65.8*65.8*0
REF*PO*0020080521
REF*ST*07064
REF*DP*043
DTM*999*20080520
RMR*IK*706420080521*PI*132.37*132.37*0
REF*PO*0020080522
REF*ST*07064
REF*DP*043
DTM*999*20080521
RMR*IK*706620080515*PI*45.25*45.25*0
REF*PO*0020080516
REF*ST*07066
REF*DP*043
DTM*999*20080515
RMR*IK*706620080516*PI*144.6*144.6*0
REF*PO*0020080517
REF*ST*07066
REF*DP*043
DTM*999*20080516
RMR*IK*706620080517*PI*214.06*214.06*0
REF*PO*0020080518
REF*ST*07066
REF*DP*043
DTM*999*20080517
RMR*IK*706620080518*PI*181.39*181.39*0
REF*PO*0020080519
REF*ST*07066
REF*DP*043
DTM*999*20080518
RMR*IK*706620080519*PI*162.75*162.75*0
REF*PO*0020080520
REF*ST*07066
REF*DP*043
DTM*999*20080519
RMR*IK*706620080520*PI*86.4*86.4*0
REF*PO*0020080521
REF*ST*07066
REF*DP*043
DTM*999*20080520
RMR*IK*706620080521*PI*295.97*295.97*0
REF*PO*0020080522
REF*ST*07066
REF*DP*043
DTM*999*20080521
RMR*IK*706920080515*PI*115.25*115.25*0
REF*PO*0020080516
REF*ST*07069
REF*DP*043
DTM*999*20080515
RMR*IK*706920080516*PI*233.74*233.74*0
REF*PO*0020080517
REF*ST*07069
REF*DP*043
DTM*999*20080516
RMR*IK*706920080517*PI*413.6*413.6*0
REF*PO*0020080518
REF*ST*07069
REF*DP*043
DTM*999*20080517
RMR*IK*706920080518*PI*100.2*100.2*0
REF*PO*0020080519
REF*ST*07069
REF*DP*043
DTM*999*20080518
RMR*IK*706920080519*PI*227.88*227.88*0
REF*PO*0020080520
REF*ST*07069
REF*DP*043
DTM*999*20080519
RMR*IK*706920080520*PI*237.32*237.32*0
REF*PO*0020080521
REF*ST*07069
REF*DP*043
DTM*999*20080520
RMR*IK*706920080521*PI*92.01*92.01*0
REF*PO*0020080522
REF*ST*07069
REF*DP*043
DTM*999*20080521
RMR*IK*707620080515*PI*50*50*0
REF*PO*0020080516
REF*ST*07076
REF*DP*043
DTM*999*20080515
RMR*IK*707620080516*PI*211.07*211.07*0
REF*PO*0020080517
REF*ST*07076
REF*DP*043
DTM*999*20080516
RMR*IK*707620080517*PI*481.57*481.57*0
REF*PO*0020080518
REF*ST*07076
REF*DP*043
DTM*999*20080517
RMR*IK*707620080518*PI*278.55*278.55*0
REF*PO*0020080519
REF*ST*07076
REF*DP*043
DTM*999*20080518
RMR*IK*707620080519*PI*176.6*176.6*0
REF*PO*0020080520
REF*ST*07076
REF*DP*043
DTM*999*20080519
RMR*IK*707620080520*PI*132.75*132.75*0
REF*PO*0020080521
REF*ST*07076
REF*DP*043
DTM*999*20080520
RMR*IK*707620080521*PI*288.96*288.96*0
REF*PO*0020080522
REF*ST*07076
REF*DP*043
DTM*999*20080521
RMR*IK*713220080515*PI*239.15*239.15*0
REF*PO*0020080516
REF*ST*07132
REF*DP*043
DTM*999*20080515
RMR*IK*713220080516*PI*347.55*347.55*0
REF*PO*0020080517
REF*ST*07132
REF*DP*043
DTM*999*20080516
RMR*IK*713220080517*PI*1085.65*1085.65*0
REF*PO*0020080518
REF*ST*07132
REF*DP*043
DTM*999*20080517
RMR*IK*713220080518*PI*819.1*819.1*0
REF*PO*0020080519
REF*ST*07132
REF*DP*043
DTM*999*20080518
RMR*IK*713220080519*PI*576.92*576.92*0
REF*PO*0020080520
REF*ST*07132
REF*DP*043
DTM*999*20080519
RMR*IK*713220080520*PI*564.84*564.84*0
REF*PO*0020080521
REF*ST*07132
REF*DP*043
DTM*999*20080520
RMR*IK*713220080521*PI*521.04*521.04*0
REF*PO*0020080522
REF*ST*07132
REF*DP*043
DTM*999*20080521
RMR*IK*714620080515*PI*9.6*9.6*0
REF*PO*0020080516
REF*ST*07146
REF*DP*043
DTM*999*20080515
RMR*IK*714620080516*PI*81.05*81.05*0
REF*PO*0020080517
REF*ST*07146
REF*DP*043
DTM*999*20080516
RMR*IK*714620080517*PI*124.78*124.78*0
REF*PO*0020080518
REF*ST*07146
REF*DP*043
DTM*999*20080517
RMR*IK*714620080518*PI*69.89*69.89*0
REF*PO*0020080519
REF*ST*07146
REF*DP*043
DTM*999*20080518
RMR*IK*714620080519*PI*63.55*63.55*0
REF*PO*0020080520
REF*ST*07146
REF*DP*043
DTM*999*20080519
RMR*IK*714620080520*PI*35.66*35.66*0
REF*PO*0020080521
REF*ST*07146
REF*DP*043
DTM*999*20080520
RMR*IK*714620080521*PI*48.9*48.9*0
REF*PO*0020080522
REF*ST*07146
REF*DP*043
DTM*999*20080521
RMR*IK*715420080515*PI*52.45*52.45*0
REF*PO*0020080516
REF*ST*07154
REF*DP*043
DTM*999*20080515
RMR*IK*715420080516*PI*190.36*190.36*0
REF*PO*0020080517
REF*ST*07154
REF*DP*043
DTM*999*20080516
RMR*IK*715420080517*PI*227.61*227.61*0
REF*PO*0020080518
REF*ST*07154
REF*DP*043
DTM*999*20080517
RMR*IK*715420080518*PI*149.85*149.85*0
REF*PO*0020080519
REF*ST*07154
REF*DP*043
DTM*999*20080518
RMR*IK*715420080519*PI*60.95*60.95*0
REF*PO*0020080520
REF*ST*07154
REF*DP*043
DTM*999*20080519
RMR*IK*715420080520*PI*78.15*78.15*0
REF*PO*0020080521
REF*ST*07154
REF*DP*043
DTM*999*20080520
RMR*IK*715420080521*PI*47.35*47.35*0
REF*PO*0020080522
REF*ST*07154
REF*DP*043
DTM*999*20080521
RMR*IK*720820080515*PI*601.92*601.92*0
REF*PO*0020080516
REF*ST*07208
REF*DP*043
DTM*999*20080515
RMR*IK*720820080516*PI*917.54*917.54*0
REF*PO*0020080517
REF*ST*07208
REF*DP*043
DTM*999*20080516
RMR*IK*720820080517*PI*1187.72*1187.72*0
REF*PO*0020080518
REF*ST*07208
REF*DP*043
DTM*999*20080517
RMR*IK*720820080518*PI*713.35*713.35*0
REF*PO*0020080519
REF*ST*07208
REF*DP*043
DTM*999*20080518
RMR*IK*720820080519*PI*978.42*978.42*0
REF*PO*0020080520
REF*ST*07208
REF*DP*043
DTM*999*20080519
RMR*IK*720820080520*PI*676.23*676.23*0
REF*PO*0020080521
REF*ST*07208
REF*DP*043
DTM*999*20080520
RMR*IK*720820080521*PI*446.11*446.11*0
REF*PO*0020080522
REF*ST*07208
REF*DP*043
DTM*999*20080521
RMR*IK*725520080515*PI*233.27*233.27*0
REF*PO*0020080516
REF*ST*07255
REF*DP*043
DTM*999*20080515
RMR*IK*725520080516*PI*464.03*464.03*0
REF*PO*0020080517
REF*ST*07255
REF*DP*043
DTM*999*20080516
RMR*IK*725520080517*PI*919.84*919.84*0
REF*PO*0020080518
REF*ST*07255
REF*DP*043
DTM*999*20080517
RMR*IK*725520080518*PI*554.53*554.53*0
REF*PO*0020080519
REF*ST*07255
REF*DP*043
DTM*999*20080518
RMR*IK*725520080519*PI*954.55*954.55*0
REF*PO*0020080520
REF*ST*07255
REF*DP*043
DTM*999*20080519
RMR*IK*725520080520*PI*883.94*883.94*0
REF*PO*0020080521
REF*ST*07255
REF*DP*043
DTM*999*20080520
RMR*IK*725520080521*PI*732.24*732.24*0
REF*PO*0020080522
REF*ST*07255
REF*DP*043
DTM*999*20080521
RMR*IK*727420080515*PI*268.15*268.15*0
REF*PO*0020080516
REF*ST*07274
REF*DP*043
DTM*999*20080515
RMR*IK*727420080516*PI*325.24*325.24*0
REF*PO*0020080517
REF*ST*07274
REF*DP*043
DTM*999*20080516
RMR*IK*727420080517*PI*442.34*442.34*0
REF*PO*0020080518
REF*ST*07274
REF*DP*043
DTM*999*20080517
RMR*IK*727420080518*PI*384.95*384.95*0
REF*PO*0020080519
REF*ST*07274
REF*DP*043
DTM*999*20080518
RMR*IK*727420080519*PI*218.55*218.55*0
REF*PO*0020080520
REF*ST*07274
REF*DP*043
DTM*999*20080519
RMR*IK*727420080520*PI*156.64*156.64*0
REF*PO*0020080521
REF*ST*07274
REF*DP*043
DTM*999*20080520
RMR*IK*727420080521*PI*180.33*180.33*0
REF*PO*0020080522
REF*ST*07274
REF*DP*043
DTM*999*20080521
RMR*IK*727620080515*PI*49.06*49.06*0
REF*PO*0020080516
REF*ST*07276
REF*DP*043
DTM*999*20080515
RMR*IK*727620080516*PI*84.05*84.05*0
REF*PO*0020080517
REF*ST*07276
REF*DP*043
DTM*999*20080516
RMR*IK*727620080517*PI*177.77*177.77*0
REF*PO*0020080518
REF*ST*07276
REF*DP*043
DTM*999*20080517
RMR*IK*727620080518*PI*98.66*98.66*0
REF*PO*0020080519
REF*ST*07276
REF*DP*043
DTM*999*20080518
RMR*IK*727620080519*PI*227*227*0
REF*PO*0020080520
REF*ST*07276
REF*DP*043
DTM*999*20080519
RMR*IK*727620080520*PI*76.97*76.97*0
REF*PO*0020080521
REF*ST*07276
REF*DP*043
DTM*999*20080520
RMR*IK*727620080521*PI*111.25*111.25*0
REF*PO*0020080522
REF*ST*07276
REF*DP*043
DTM*999*20080521
RMR*IK*727820080515*PI*80.8*80.8*0
REF*PO*0020080516
REF*ST*07278
REF*DP*043
DTM*999*20080515
RMR*IK*727820080516*PI*220.62*220.62*0
REF*PO*0020080517
REF*ST*07278
REF*DP*043
DTM*999*20080516
RMR*IK*727820080517*PI*254.91*254.91*0
REF*PO*0020080518
REF*ST*07278
REF*DP*043
DTM*999*20080517
RMR*IK*727820080518*PI*197.05*197.05*0
REF*PO*0020080519
REF*ST*07278
REF*DP*043
DTM*999*20080518
RMR*IK*727820080519*PI*247.61*247.61*0
REF*PO*0020080520
REF*ST*07278
REF*DP*043
DTM*999*20080519
RMR*IK*727820080520*PI*82.92*82.92*0
REF*PO*0020080521
REF*ST*07278
REF*DP*043
DTM*999*20080520
RMR*IK*727820080521*PI*197.32*197.32*0
REF*PO*0020080522
REF*ST*07278
REF*DP*043
DTM*999*20080521
RMR*IK*735120080515*PI*93.95*93.95*0
REF*PO*0020080516
REF*ST*07351
REF*DP*043
DTM*999*20080515
RMR*IK*735120080516*PI*77.1*77.1*0
REF*PO*0020080517
REF*ST*07351
REF*DP*043
DTM*999*20080516
RMR*IK*735120080517*PI*39.7*39.7*0
REF*PO*0020080518
REF*ST*07351
REF*DP*043
DTM*999*20080517
RMR*IK*735120080518*PI*1.2*1.2*0
REF*PO*0020080519
REF*ST*07351
REF*DP*043
DTM*999*20080518
RMR*IK*735120080519*PI*30.4*30.4*0
REF*PO*0020080520
REF*ST*07351
REF*DP*043
DTM*999*20080519
RMR*IK*735120080520*PI*56.15*56.15*0
REF*PO*0020080521
REF*ST*07351
REF*DP*043
DTM*999*20080520
RMR*IK*735120080521*PI*44.5*44.5*0
REF*PO*0020080522
REF*ST*07351
REF*DP*043
DTM*999*20080521
RMR*IK*735320080515*PI*183.4*183.4*0
REF*PO*0020080516
REF*ST*07353
REF*DP*043
DTM*999*20080515
RMR*IK*735320080516*PI*204.2*204.2*0
REF*PO*0020080517
REF*ST*07353
REF*DP*043
DTM*999*20080516
RMR*IK*735320080517*PI*394.45*394.45*0
REF*PO*0020080518
REF*ST*07353
REF*DP*043
DTM*999*20080517
RMR*IK*735320080518*PI*166.5*166.5*0
REF*PO*0020080519
REF*ST*07353
REF*DP*043
DTM*999*20080518
RMR*IK*735320080519*PI*176.55*176.55*0
REF*PO*0020080520
REF*ST*07353
REF*DP*043
DTM*999*20080519
RMR*IK*735320080520*PI*185.8*185.8*0
REF*PO*0020080521
REF*ST*07353
REF*DP*043
DTM*999*20080520
RMR*IK*735320080521*PI*275.52*275.52*0
REF*PO*0020080522
REF*ST*07353
REF*DP*043
DTM*999*20080521
RMR*IK*735420080515*PI*101.85*101.85*0
REF*PO*0020080516
REF*ST*07354
REF*DP*043
DTM*999*20080515
RMR*IK*735420080516*PI*221.95*221.95*0
REF*PO*0020080517
REF*ST*07354
REF*DP*043
DTM*999*20080516
RMR*IK*735420080517*PI*357.2*357.2*0
REF*PO*0020080518
REF*ST*07354
REF*DP*043
DTM*999*20080517
RMR*IK*735420080518*PI*231.82*231.82*0
REF*PO*0020080519
REF*ST*07354
REF*DP*043
DTM*999*20080518
RMR*IK*735420080519*PI*185.8*185.8*0
REF*PO*0020080520
REF*ST*07354
REF*DP*043
DTM*999*20080519
RMR*IK*735420080520*PI*175.63*175.63*0
REF*PO*0020080521
REF*ST*07354
REF*DP*043
DTM*999*20080520
RMR*IK*735420080521*PI*152.32*152.32*0
REF*PO*0020080522
REF*ST*07354
REF*DP*043
DTM*999*20080521
RMR*IK*735820080515*PI*298.51*298.51*0
REF*PO*0020080516
REF*ST*07358
REF*DP*043
DTM*999*20080515
RMR*IK*735820080516*PI*524.21*524.21*0
REF*PO*0020080517
REF*ST*07358
REF*DP*043
DTM*999*20080516
RMR*IK*735820080517*PI*1158.84*1158.84*0
REF*PO*0020080518
REF*ST*07358
REF*DP*043
DTM*999*20080517
RMR*IK*735820080518*PI*916.82*916.82*0
REF*PO*0020080519
REF*ST*07358
REF*DP*043
DTM*999*20080518
RMR*IK*735820080519*PI*698.09*698.09*0
REF*PO*0020080520
REF*ST*07358
REF*DP*043
DTM*999*20080519
RMR*IK*735820080520*PI*818.62*818.62*0
REF*PO*0020080521
REF*ST*07358
REF*DP*043
DTM*999*20080520
RMR*IK*735820080521*PI*780.59*780.59*0
REF*PO*0020080522
REF*ST*07358
REF*DP*043
DTM*999*20080521
RMR*IK*735820080605*PI*-3.6*-3.6*0
REF*PO*0020080607
REF*ST*07358
REF*DP*043
DTM*999*20080605
RMR*IK*736220080515*PI*7.2*7.2*0
REF*PO*0020080516
REF*ST*07362
REF*DP*043
DTM*999*20080515
RMR*IK*736220080516*PI*38.25*38.25*0
REF*PO*0020080517
REF*ST*07362
REF*DP*043
DTM*999*20080516
RMR*IK*736220080517*PI*228.37*228.37*0
REF*PO*0020080518
REF*ST*07362
REF*DP*043
DTM*999*20080517
RMR*IK*736220080518*PI*155.1*155.1*0
REF*PO*0020080519
REF*ST*07362
REF*DP*043
DTM*999*20080518
RMR*IK*736220080519*PI*54.2*54.2*0
REF*PO*0020080520
REF*ST*07362
REF*DP*043
DTM*999*20080519
RMR*IK*736220080520*PI*66.84*66.84*0
REF*PO*0020080521
REF*ST*07362
REF*DP*043
DTM*999*20080520
RMR*IK*736220080521*PI*39.04*39.04*0
REF*PO*0020080522
REF*ST*07362
REF*DP*043
DTM*999*20080521
RMR*IK*738220080515*PI*81.57*81.57*0
REF*PO*0020080516
REF*ST*07382
REF*DP*043
DTM*999*20080515
RMR*IK*738220080516*PI*181.43*181.43*0
REF*PO*0020080517
REF*ST*07382
REF*DP*043
DTM*999*20080516
RMR*IK*738220080517*PI*138.89*138.89*0
REF*PO*0020080518
REF*ST*07382
REF*DP*043
DTM*999*20080517
RMR*IK*738220080518*PI*59.39*59.39*0
REF*PO*0020080519
REF*ST*07382
REF*DP*043
DTM*999*20080518
RMR*IK*738220080519*PI*162.02*162.02*0
REF*PO*0020080520
REF*ST*07382
REF*DP*043
DTM*999*20080519
RMR*IK*738220080520*PI*254.47*254.47*0
REF*PO*0020080521
REF*ST*07382
REF*DP*043
DTM*999*20080520
RMR*IK*738220080521*PI*198.74*198.74*0
REF*PO*0020080522
REF*ST*07382
REF*DP*043
DTM*999*20080521
RMR*IK*738820080515*PI*54.72*54.72*0
REF*PO*0020080516
REF*ST*07388
REF*DP*043
DTM*999*20080515
RMR*IK*738820080516*PI*46.95*46.95*0
REF*PO*0020080517
REF*ST*07388
REF*DP*043
DTM*999*20080516
RMR*IK*738820080517*PI*136.52*136.52*0
REF*PO*0020080518
REF*ST*07388
REF*DP*043
DTM*999*20080517
RMR*IK*738820080518*PI*173.47*173.47*0
REF*PO*0020080519
REF*ST*07388
REF*DP*043
DTM*999*20080518
RMR*IK*738820080519*PI*97.15*97.15*0
REF*PO*0020080520
REF*ST*07388
REF*DP*043
DTM*999*20080519
RMR*IK*738820080520*PI*37.85*37.85*0
REF*PO*0020080521
REF*ST*07388
REF*DP*043
DTM*999*20080520
RMR*IK*738820080521*PI*46.75*46.75*0
REF*PO*0020080522
REF*ST*07388
REF*DP*043
DTM*999*20080521
RMR*IK*740720080515*PI*123.88*123.88*0
REF*PO*0020080516
REF*ST*07407
REF*DP*043
DTM*999*20080515
RMR*IK*740720080516*PI*201.96*201.96*0
REF*PO*0020080517
REF*ST*07407
REF*DP*043
DTM*999*20080516
RMR*IK*740720080517*PI*306.68*306.68*0
REF*PO*0020080518
REF*ST*07407
REF*DP*043
DTM*999*20080517
RMR*IK*740720080518*PI*143.92*143.92*0
REF*PO*0020080519
REF*ST*07407
REF*DP*043
DTM*999*20080518
RMR*IK*740720080519*PI*155.73*155.73*0
REF*PO*0020080520
REF*ST*07407
REF*DP*043
DTM*999*20080519
RMR*IK*740720080520*PI*125.66*125.66*0
REF*PO*0020080521
REF*ST*07407
REF*DP*043
DTM*999*20080520
RMR*IK*740720080521*PI*64.72*64.72*0
REF*PO*0020080522
REF*ST*07407
REF*DP*043
DTM*999*20080521
RMR*IK*743720080515*PI*18.1*18.1*0
REF*PO*0020080516
REF*ST*07437
REF*DP*043
DTM*999*20080515
RMR*IK*743720080516*PI*33.22*33.22*0
REF*PO*0020080517
REF*ST*07437
REF*DP*043
DTM*999*20080516
RMR*IK*743720080517*PI*125.96*125.96*0
REF*PO*0020080518
REF*ST*07437
REF*DP*043
DTM*999*20080517
RMR*IK*743720080518*PI*67.15*67.15*0
REF*PO*0020080519
REF*ST*07437
REF*DP*043
DTM*999*20080518
RMR*IK*743720080519*PI*16.53*16.53*0
REF*PO*0020080520
REF*ST*07437
REF*DP*043
DTM*999*20080519
RMR*IK*743720080520*PI*69.59*69.59*0
REF*PO*0020080521
REF*ST*07437
REF*DP*043
DTM*999*20080520
RMR*IK*743720080521*PI*131.3*131.3*0
REF*PO*0020080522
REF*ST*07437
REF*DP*043
DTM*999*20080521
RMR*IK*746020080515*PI*92.6*92.6*0
REF*PO*0020080516
REF*ST*07460
REF*DP*043
DTM*999*20080515
RMR*IK*746020080516*PI*220.36*220.36*0
REF*PO*0020080517
REF*ST*07460
REF*DP*043
DTM*999*20080516
RMR*IK*746020080517*PI*655.3*655.3*0
REF*PO*0020080518
REF*ST*07460
REF*DP*043
DTM*999*20080517
RMR*IK*746020080518*PI*148.35*148.35*0
REF*PO*0020080519
REF*ST*07460
REF*DP*043
DTM*999*20080518
RMR*IK*746020080519*PI*282.52*282.52*0
REF*PO*0020080520
REF*ST*07460
REF*DP*043
DTM*999*20080519
RMR*IK*746020080520*PI*220.23*220.23*0
REF*PO*0020080521
REF*ST*07460
REF*DP*043
DTM*999*20080520
RMR*IK*746020080521*PI*171.02*171.02*0
REF*PO*0020080522
REF*ST*07460
REF*DP*043
DTM*999*20080521
RMR*IK*746120080515*PI*106.34*106.34*0
REF*PO*0020080516
REF*ST*07461
REF*DP*043
DTM*999*20080515
RMR*IK*746120080516*PI*220.29*220.29*0
REF*PO*0020080517
REF*ST*07461
REF*DP*043
DTM*999*20080516
RMR*IK*746120080517*PI*387.71*387.71*0
REF*PO*0020080518
REF*ST*07461
REF*DP*043
DTM*999*20080517
RMR*IK*746120080518*PI*378.23*378.23*0
REF*PO*0020080519
REF*ST*07461
REF*DP*043
DTM*999*20080518
RMR*IK*746120080519*PI*290.48*290.48*0
REF*PO*0020080520
REF*ST*07461
REF*DP*043
DTM*999*20080519
RMR*IK*746120080520*PI*165.01*165.01*0
REF*PO*0020080521
REF*ST*07461
REF*DP*043
DTM*999*20080520
RMR*IK*746120080521*PI*390.25*390.25*0
REF*PO*0020080522
REF*ST*07461
REF*DP*043
DTM*999*20080521
RMR*IK*755820080515*PI*58.75*58.75*0
REF*PO*0020080516
REF*ST*07558
REF*DP*043
DTM*999*20080515
RMR*IK*755820080516*PI*27.75*27.75*0
REF*PO*0020080517
REF*ST*07558
REF*DP*043
DTM*999*20080516
RMR*IK*755820080517*PI*118.81*118.81*0
REF*PO*0020080518
REF*ST*07558
REF*DP*043
DTM*999*20080517
RMR*IK*755820080518*PI*40.6*40.6*0
REF*PO*0020080519
REF*ST*07558
REF*DP*043
DTM*999*20080518
RMR*IK*755820080519*PI*84.83*84.83*0
REF*PO*0020080520
REF*ST*07558
REF*DP*043
DTM*999*20080519
RMR*IK*755820080520*PI*75.4*75.4*0
REF*PO*0020080521
REF*ST*07558
REF*DP*043
DTM*999*20080520
RMR*IK*755820080521*PI*30.8*30.8*0
REF*PO*0020080522
REF*ST*07558
REF*DP*043
DTM*999*20080521
RMR*IK*760720080515*PI*136.24*136.24*0
REF*PO*0020080516
REF*ST*07607
REF*DP*043
DTM*999*20080515
RMR*IK*760720080516*PI*405.37*405.37*0
REF*PO*0020080517
REF*ST*07607
REF*DP*043
DTM*999*20080516
RMR*IK*760720080517*PI*872.35*872.35*0
REF*PO*0020080518
REF*ST*07607
REF*DP*043
DTM*999*20080517
RMR*IK*760720080518*PI*652.76*652.76*0
REF*PO*0020080519
REF*ST*07607
REF*DP*043
DTM*999*20080518
RMR*IK*760720080519*PI*468.53*468.53*0
REF*PO*0020080520
REF*ST*07607
REF*DP*043
DTM*999*20080519
RMR*IK*760720080520*PI*271.21*271.21*0
REF*PO*0020080521
REF*ST*07607
REF*DP*043
DTM*999*20080520
RMR*IK*760720080521*PI*657.35*657.35*0
REF*PO*0020080522
REF*ST*07607
REF*DP*043
DTM*999*20080521
RMR*IK*761020080515*PI*82.85*82.85*0
REF*PO*0020080516
REF*ST*07610
REF*DP*043
DTM*999*20080515
RMR*IK*761020080516*PI*110.7*110.7*0
REF*PO*0020080517
REF*ST*07610
REF*DP*043
DTM*999*20080516
RMR*IK*761020080517*PI*351.74*351.74*0
REF*PO*0020080518
REF*ST*07610
REF*DP*043
DTM*999*20080517
RMR*IK*761020080518*PI*216.38*216.38*0
REF*PO*0020080519
REF*ST*07610
REF*DP*043
DTM*999*20080518
RMR*IK*761020080519*PI*254.22*254.22*0
REF*PO*0020080520
REF*ST*07610
REF*DP*043
DTM*999*20080519
RMR*IK*761020080520*PI*146.59*146.59*0
REF*PO*0020080521
REF*ST*07610
REF*DP*043
DTM*999*20080520
RMR*IK*761020080521*PI*58.8*58.8*0
REF*PO*0020080522
REF*ST*07610
REF*DP*043
DTM*999*20080521
RMR*IK*762220080515*PI*129.12*129.12*0
REF*PO*0020080516
REF*ST*07622
REF*DP*043
DTM*999*20080515
RMR*IK*762220080516*PI*281.94*281.94*0
REF*PO*0020080517
REF*ST*07622
REF*DP*043
DTM*999*20080516
RMR*IK*762220080517*PI*303.34*303.34*0
REF*PO*0020080518
REF*ST*07622
REF*DP*043
DTM*999*20080517
RMR*IK*762220080518*PI*180.5*180.5*0
REF*PO*0020080519
REF*ST*07622
REF*DP*043
DTM*999*20080518
RMR*IK*762220080519*PI*174.05*174.05*0
REF*PO*0020080520
REF*ST*07622
REF*DP*043
DTM*999*20080519
RMR*IK*762220080520*PI*236.07*236.07*0
REF*PO*0020080521
REF*ST*07622
REF*DP*043
DTM*999*20080520
RMR*IK*762220080521*PI*297.08*297.08*0
REF*PO*0020080522
REF*ST*07622
REF*DP*043
DTM*999*20080521
RMR*IK*762620080515*PI*57.31*57.31*0
REF*PO*0020080516
REF*ST*07626
REF*DP*043
DTM*999*20080515
RMR*IK*762620080516*PI*238*238*0
REF*PO*0020080517
REF*ST*07626
REF*DP*043
DTM*999*20080516
RMR*IK*762620080517*PI*639.31*639.31*0
REF*PO*0020080518
REF*ST*07626
REF*DP*043
DTM*999*20080517
RMR*IK*762620080518*PI*222.75*222.75*0
REF*PO*0020080519
REF*ST*07626
REF*DP*043
DTM*999*20080518
RMR*IK*762620080519*PI*212.02*212.02*0
REF*PO*0020080520
REF*ST*07626
REF*DP*043
DTM*999*20080519
RMR*IK*762620080520*PI*203.28*203.28*0
REF*PO*0020080521
REF*ST*07626
REF*DP*043
DTM*999*20080520
RMR*IK*762620080521*PI*217.5*217.5*0
REF*PO*0020080522
REF*ST*07626
REF*DP*043
DTM*999*20080521
RMR*IK*762920080515*PI*74.65*74.65*0
REF*PO*0020080516
REF*ST*07629
REF*DP*043
DTM*999*20080515
RMR*IK*762920080516*PI*130.06*130.06*0
REF*PO*0020080517
REF*ST*07629
REF*DP*043
DTM*999*20080516
RMR*IK*762920080517*PI*225.45*225.45*0
REF*PO*0020080518
REF*ST*07629
REF*DP*043
DTM*999*20080517
RMR*IK*762920080518*PI*163.99*163.99*0
REF*PO*0020080519
REF*ST*07629
REF*DP*043
DTM*999*20080518
RMR*IK*762920080519*PI*142.71*142.71*0
REF*PO*0020080520
REF*ST*07629
REF*DP*043
DTM*999*20080519
RMR*IK*762920080520*PI*83.13*83.13*0
REF*PO*0020080521
REF*ST*07629
REF*DP*043
DTM*999*20080520
RMR*IK*762920080521*PI*37.79*37.79*0
REF*PO*0020080522
REF*ST*07629
REF*DP*043
DTM*999*20080521
RMR*IK*763720080515*PI*16.27*16.27*0
REF*PO*0020080516
REF*ST*07637
REF*DP*043
DTM*999*20080515
RMR*IK*763720080516*PI*26.71*26.71*0
REF*PO*0020080517
REF*ST*07637
REF*DP*043
DTM*999*20080516
RMR*IK*763720080517*PI*47.25*47.25*0
REF*PO*0020080518
REF*ST*07637
REF*DP*043
DTM*999*20080517
RMR*IK*763720080518*PI*19.15*19.15*0
REF*PO*0020080519
REF*ST*07637
REF*DP*043
DTM*999*20080518
RMR*IK*763720080519*PI*26.22*26.22*0
REF*PO*0020080520
REF*ST*07637
REF*DP*043
DTM*999*20080519
RMR*IK*763720080520*PI*35.82*35.82*0
REF*PO*0020080521
REF*ST*07637
REF*DP*043
DTM*999*20080520
RMR*IK*763720080521*PI*36.8*36.8*0
REF*PO*0020080522
REF*ST*07637
REF*DP*043
DTM*999*20080521
RMR*IK*771820080515*PI*175.99*175.99*0
REF*PO*0020080516
REF*ST*07718
REF*DP*043
DTM*999*20080515
RMR*IK*771820080516*PI*342.8*342.8*0
REF*PO*0020080517
REF*ST*07718
REF*DP*043
DTM*999*20080516
RMR*IK*771820080517*PI*551.16*551.16*0
REF*PO*0020080518
REF*ST*07718
REF*DP*043
DTM*999*20080517
RMR*IK*771820080518*PI*237.98*237.98*0
REF*PO*0020080519
REF*ST*07718
REF*DP*043
DTM*999*20080518
RMR*IK*771820080519*PI*383.39*383.39*0
REF*PO*0020080520
REF*ST*07718
REF*DP*043
DTM*999*20080519
RMR*IK*771820080520*PI*294.82*294.82*0
REF*PO*0020080521
REF*ST*07718
REF*DP*043
DTM*999*20080520
RMR*IK*771820080521*PI*324.16*324.16*0
REF*PO*0020080522
REF*ST*07718
REF*DP*043
DTM*999*20080521
RMR*IK*771920080515*PI*53.67*53.67*0
REF*PO*0020080516
REF*ST*07719
REF*DP*043
DTM*999*20080515
RMR*IK*771920080516*PI*126.3*126.3*0
REF*PO*0020080517
REF*ST*07719
REF*DP*043
DTM*999*20080516
RMR*IK*771920080517*PI*116.36*116.36*0
REF*PO*0020080518
REF*ST*07719
REF*DP*043
DTM*999*20080517
RMR*IK*771920080518*PI*64.4*64.4*0
REF*PO*0020080519
REF*ST*07719
REF*DP*043
DTM*999*20080518
RMR*IK*771920080519*PI*146.44*146.44*0
REF*PO*0020080520
REF*ST*07719
REF*DP*043
DTM*999*20080519
RMR*IK*771920080520*PI*124.49*124.49*0
REF*PO*0020080521
REF*ST*07719
REF*DP*043
DTM*999*20080520
RMR*IK*771920080521*PI*98.54*98.54*0
REF*PO*0020080522
REF*ST*07719
REF*DP*043
DTM*999*20080521
RMR*IK*775420080515*PI*50.75*50.75*0
REF*PO*0020080516
REF*ST*07754
REF*DP*043
DTM*999*20080515
RMR*IK*775420080516*PI*150.09*150.09*0
REF*PO*0020080517
REF*ST*07754
REF*DP*043
DTM*999*20080516
RMR*IK*775420080517*PI*194.46*194.46*0
REF*PO*0020080518
REF*ST*07754
REF*DP*043
DTM*999*20080517
RMR*IK*775420080518*PI*141.54*141.54*0
REF*PO*0020080519
REF*ST*07754
REF*DP*043
DTM*999*20080518
RMR*IK*775420080519*PI*170.49*170.49*0
REF*PO*0020080520
REF*ST*07754
REF*DP*043
DTM*999*20080519
RMR*IK*775420080520*PI*111.82*111.82*0
REF*PO*0020080521
REF*ST*07754
REF*DP*043
DTM*999*20080520
RMR*IK*775420080521*PI*140.72*140.72*0
REF*PO*0020080522
REF*ST*07754
REF*DP*043
DTM*999*20080521
RMR*IK*912920080515*PI*41.9*41.9*0
REF*PO*0020080516
REF*ST*09129
REF*DP*043
DTM*999*20080515
RMR*IK*912920080516*PI*150.65*150.65*0
REF*PO*0020080517
REF*ST*09129
REF*DP*043
DTM*999*20080516
RMR*IK*912920080517*PI*155.84*155.84*0
REF*PO*0020080518
REF*ST*09129
REF*DP*043
DTM*999*20080517
RMR*IK*912920080518*PI*35.21*35.21*0
REF*PO*0020080519
REF*ST*09129
REF*DP*043
DTM*999*20080518
RMR*IK*912920080519*PI*102.2*102.2*0
REF*PO*0020080520
REF*ST*09129
REF*DP*043
DTM*999*20080519
RMR*IK*912920080520*PI*63*63*0
REF*PO*0020080521
REF*ST*09129
REF*DP*043
DTM*999*20080520
RMR*IK*912920080521*PI*90.25*90.25*0
REF*PO*0020080522
REF*ST*09129
REF*DP*043
DTM*999*20080521
RMR*IK*921720080515*PI*136.08*136.08*0
REF*PO*0020080516
REF*ST*09217
REF*DP*043
DTM*999*20080515
RMR*IK*921720080516*PI*121*121*0
REF*PO*0020080517
REF*ST*09217
REF*DP*043
DTM*999*20080516
RMR*IK*921720080517*PI*87.9*87.9*0
REF*PO*0020080518
REF*ST*09217
REF*DP*043
DTM*999*20080517
RMR*IK*921720080518*PI*85.66*85.66*0
REF*PO*0020080519
REF*ST*09217
REF*DP*043
DTM*999*20080518
RMR*IK*921720080519*PI*159.1*159.1*0
REF*PO*0020080520
REF*ST*09217
REF*DP*043
DTM*999*20080519
RMR*IK*921720080520*PI*116.6*116.6*0
REF*PO*0020080521
REF*ST*09217
REF*DP*043
DTM*999*20080520
RMR*IK*921720080521*PI*59.33*59.33*0
REF*PO*0020080522
REF*ST*09217
REF*DP*043
DTM*999*20080521
RMR*IK*932020080515*PI*95.45*95.45*0
REF*PO*0020080516
REF*ST*09320
REF*DP*043
DTM*999*20080515
RMR*IK*932020080516*PI*75.74*75.74*0
REF*PO*0020080517
REF*ST*09320
REF*DP*043
DTM*999*20080516
RMR*IK*932020080517*PI*175.1*175.1*0
REF*PO*0020080518
REF*ST*09320
REF*DP*043
DTM*999*20080517
RMR*IK*932020080518*PI*62.12*62.12*0
REF*PO*0020080519
REF*ST*09320
REF*DP*043
DTM*999*20080518
RMR*IK*932020080519*PI*85.59*85.59*0
REF*PO*0020080520
REF*ST*09320
REF*DP*043
DTM*999*20080519
RMR*IK*932020080520*PI*47.9*47.9*0
REF*PO*0020080521
REF*ST*09320
REF*DP*043
DTM*999*20080520
RMR*IK*932020080521*PI*65.63*65.63*0
REF*PO*0020080522
REF*ST*09320
REF*DP*043
DTM*999*20080521
RMR*IK*951320080515*PI*122.2*122.2*0
REF*PO*0020080516
REF*ST*09513
REF*DP*043
DTM*999*20080515
RMR*IK*951320080516*PI*191.92*191.92*0
REF*PO*0020080517
REF*ST*09513
REF*DP*043
DTM*999*20080516
RMR*IK*951320080517*PI*310.71*310.71*0
REF*PO*0020080518
REF*ST*09513
REF*DP*043
DTM*999*20080517
RMR*IK*951320080518*PI*209.23*209.23*0
REF*PO*0020080519
REF*ST*09513
REF*DP*043
DTM*999*20080518
RMR*IK*951320080519*PI*158.02*158.02*0
REF*PO*0020080520
REF*ST*09513
REF*DP*043
DTM*999*20080519
RMR*IK*951320080520*PI*239.96*239.96*0
REF*PO*0020080521
REF*ST*09513
REF*DP*043
DTM*999*20080520
RMR*IK*951320080521*PI*173.97*173.97*0
REF*PO*0020080522
REF*ST*09513
REF*DP*043
DTM*999*20080521
RMR*IK*954720080515*PI*177.06*177.06*0
REF*PO*0020080516
REF*ST*09547
REF*DP*043
DTM*999*20080515
RMR*IK*954720080516*PI*61.76*61.76*0
REF*PO*0020080517
REF*ST*09547
REF*DP*043
DTM*999*20080516
RMR*IK*954720080517*PI*95.25*95.25*0
REF*PO*0020080518
REF*ST*09547
REF*DP*043
DTM*999*20080517
RMR*IK*954720080518*PI*39.5*39.5*0
REF*PO*0020080519
REF*ST*09547
REF*DP*043
DTM*999*20080518
RMR*IK*954720080519*PI*72.65*72.65*0
REF*PO*0020080520
REF*ST*09547
REF*DP*043
DTM*999*20080519
RMR*IK*954720080520*PI*61.79*61.79*0
REF*PO*0020080521
REF*ST*09547
REF*DP*043
DTM*999*20080520
RMR*IK*954720080521*PI*83.35*83.35*0
REF*PO*0020080522
REF*ST*09547
REF*DP*043
DTM*999*20080521
RMR*IK*954920080515*PI*56.01*56.01*0
REF*PO*0020080516
REF*ST*09549
REF*DP*043
DTM*999*20080515
RMR*IK*954920080516*PI*96.91*96.91*0
REF*PO*0020080517
REF*ST*09549
REF*DP*043
DTM*999*20080516
RMR*IK*954920080517*PI*225.42*225.42*0
REF*PO*0020080518
REF*ST*09549
REF*DP*043
DTM*999*20080517
RMR*IK*954920080518*PI*100.68*100.68*0
REF*PO*0020080519
REF*ST*09549
REF*DP*043
DTM*999*20080518
RMR*IK*954920080519*PI*121.26*121.26*0
REF*PO*0020080520
REF*ST*09549
REF*DP*043
DTM*999*20080519
RMR*IK*954920080520*PI*75.94*75.94*0
REF*PO*0020080521
REF*ST*09549
REF*DP*043
DTM*999*20080520
RMR*IK*954920080521*PI*88.55*88.55*0
REF*PO*0020080522
REF*ST*09549
REF*DP*043
DTM*999*20080521
RMR*IK*956020080515*PI*31.48*31.48*0
REF*PO*0020080516
REF*ST*09560
REF*DP*043
DTM*999*20080515
RMR*IK*956020080516*PI*64.47*64.47*0
REF*PO*0020080517
REF*ST*09560
REF*DP*043
DTM*999*20080516
RMR*IK*956020080517*PI*87.94*87.94*0
REF*PO*0020080518
REF*ST*09560
REF*DP*043
DTM*999*20080517
RMR*IK*956020080518*PI*153.77*153.77*0
REF*PO*0020080519
REF*ST*09560
REF*DP*043
DTM*999*20080518
RMR*IK*956020080519*PI*52.8*52.8*0
REF*PO*0020080520
REF*ST*09560
REF*DP*043
DTM*999*20080519
RMR*IK*956020080520*PI*16.88*16.88*0
REF*PO*0020080521
REF*ST*09560
REF*DP*043
DTM*999*20080520
RMR*IK*956020080521*PI*65.99*65.99*0
REF*PO*0020080522
REF*ST*09560
REF*DP*043
DTM*999*20080521
RMR*IK*956320080515*PI*106.05*106.05*0
REF*PO*0020080516
REF*ST*09563
REF*DP*043
DTM*999*20080515
RMR*IK*956320080516*PI*273.02*273.02*0
REF*PO*0020080517
REF*ST*09563
REF*DP*043
DTM*999*20080516
RMR*IK*956320080517*PI*279.06*279.06*0
REF*PO*0020080518
REF*ST*09563
REF*DP*043
DTM*999*20080517
RMR*IK*956320080518*PI*162.25*162.25*0
REF*PO*0020080519
REF*ST*09563
REF*DP*043
DTM*999*20080518
RMR*IK*956320080519*PI*188.39*188.39*0
REF*PO*0020080520
REF*ST*09563
REF*DP*043
DTM*999*20080519
RMR*IK*956320080520*PI*209.6*209.6*0
REF*PO*0020080521
REF*ST*09563
REF*DP*043
DTM*999*20080520
RMR*IK*956320080521*PI*164.9*164.9*0
REF*PO*0020080522
REF*ST*09563
REF*DP*043
DTM*999*20080521
RMR*IK*957120080515*PI*27.63*27.63*0
REF*PO*0020080516
REF*ST*09571
REF*DP*043
DTM*999*20080515
RMR*IK*957120080516*PI*96.89*96.89*0
REF*PO*0020080517
REF*ST*09571
REF*DP*043
DTM*999*20080516
RMR*IK*957120080517*PI*155.54*155.54*0
REF*PO*0020080518
REF*ST*09571
REF*DP*043
DTM*999*20080517
RMR*IK*957120080518*PI*111.74*111.74*0
REF*PO*0020080519
REF*ST*09571
REF*DP*043
DTM*999*20080518
RMR*IK*957120080519*PI*162.85*162.85*0
REF*PO*0020080520
REF*ST*09571
REF*DP*043
DTM*999*20080519
RMR*IK*957120080520*PI*122.35*122.35*0
REF*PO*0020080521
REF*ST*09571
REF*DP*043
DTM*999*20080520
RMR*IK*957120080521*PI*115.26*115.26*0
REF*PO*0020080522
REF*ST*09571
REF*DP*043
DTM*999*20080521
RMR*IK*962020080515*PI*86.9*86.9*0
REF*PO*0020080516
REF*ST*09620
REF*DP*043
DTM*999*20080515
RMR*IK*962020080516*PI*173.12*173.12*0
REF*PO*0020080517
REF*ST*09620
REF*DP*043
DTM*999*20080516
RMR*IK*962020080517*PI*454.67*454.67*0
REF*PO*0020080518
REF*ST*09620
REF*DP*043
DTM*999*20080517
RMR*IK*962020080518*PI*182.15*182.15*0
REF*PO*0020080519
REF*ST*09620
REF*DP*043
DTM*999*20080518
RMR*IK*962020080519*PI*131.74*131.74*0
REF*PO*0020080520
REF*ST*09620
REF*DP*043
DTM*999*20080519
RMR*IK*962020080520*PI*95.39*95.39*0
REF*PO*0020080521
REF*ST*09620
REF*DP*043
DTM*999*20080520
RMR*IK*962020080521*PI*191.17*191.17*0
REF*PO*0020080522
REF*ST*09620
REF*DP*043
DTM*999*20080521
RMR*IK*962020080611*PI*-4.25*-4.25*0
REF*PO*0020080612
REF*ST*09620
REF*DP*043
DTM*999*20080611
RMR*IK*962120080515*PI*292.4*292.4*0
REF*PO*0020080516
REF*ST*09621
REF*DP*043
DTM*999*20080515
RMR*IK*962120080516*PI*322.15*322.15*0
REF*PO*0020080517
REF*ST*09621
REF*DP*043
DTM*999*20080516
RMR*IK*962120080517*PI*618.24*618.24*0
REF*PO*0020080518
REF*ST*09621
REF*DP*043
DTM*999*20080517
RMR*IK*962120080518*PI*582.33*582.33*0
REF*PO*0020080519
REF*ST*09621
REF*DP*043
DTM*999*20080518
RMR*IK*962120080519*PI*354.21*354.21*0
REF*PO*0020080520
REF*ST*09621
REF*DP*043
DTM*999*20080519
RMR*IK*962120080520*PI*418.14*418.14*0
REF*PO*0020080521
REF*ST*09621
REF*DP*043
DTM*999*20080520
RMR*IK*962120080521*PI*358.7*358.7*0
REF*PO*0020080522
REF*ST*09621
REF*DP*043
DTM*999*20080521
RMR*IK*962220080515*PI*29.65*29.65*0
REF*PO*0020080516
REF*ST*09622
REF*DP*043
DTM*999*20080515
RMR*IK*962220080516*PI*59.4*59.4*0
REF*PO*0020080517
REF*ST*09622
REF*DP*043
DTM*999*20080516
RMR*IK*962220080517*PI*61.5*61.5*0
REF*PO*0020080518
REF*ST*09622
REF*DP*043
DTM*999*20080517
RMR*IK*962220080518*PI*13.25*13.25*0
REF*PO*0020080519
REF*ST*09622
REF*DP*043
DTM*999*20080518
RMR*IK*962220080519*PI*29.35*29.35*0
REF*PO*0020080520
REF*ST*09622
REF*DP*043
DTM*999*20080519
RMR*IK*962220080520*PI*24.75*24.75*0
REF*PO*0020080521
REF*ST*09622
REF*DP*043
DTM*999*20080520
RMR*IK*962220080521*PI*30.4*30.4*0
REF*PO*0020080522
REF*ST*09622
REF*DP*043
DTM*999*20080521
RMR*IK*962520080515*PI*93.55*93.55*0
REF*PO*0020080516
REF*ST*09625
REF*DP*043
DTM*999*20080515
RMR*IK*962520080516*PI*107.36*107.36*0
REF*PO*0020080517
REF*ST*09625
REF*DP*043
DTM*999*20080516
RMR*IK*962520080517*PI*264.61*264.61*0
REF*PO*0020080518
REF*ST*09625
REF*DP*043
DTM*999*20080517
RMR*IK*962520080518*PI*140.37*140.37*0
REF*PO*0020080519
REF*ST*09625
REF*DP*043
DTM*999*20080518
RMR*IK*962520080519*PI*120.45*120.45*0
REF*PO*0020080520
REF*ST*09625
REF*DP*043
DTM*999*20080519
RMR*IK*962520080520*PI*65.35*65.35*0
REF*PO*0020080521
REF*ST*09625
REF*DP*043
DTM*999*20080520
RMR*IK*962520080521*PI*101.33*101.33*0
REF*PO*0020080522
REF*ST*09625
REF*DP*043
DTM*999*20080521
RMR*IK*962920080515*PI*96.2*96.2*0
REF*PO*0020080516
REF*ST*09629
REF*DP*043
DTM*999*20080515
RMR*IK*962920080516*PI*132.02*132.02*0
REF*PO*0020080517
REF*ST*09629
REF*DP*043
DTM*999*20080516
RMR*IK*962920080517*PI*380*380*0
REF*PO*0020080518
REF*ST*09629
REF*DP*043
DTM*999*20080517
RMR*IK*962920080518*PI*148.32*148.32*0
REF*PO*0020080519
REF*ST*09629
REF*DP*043
DTM*999*20080518
RMR*IK*962920080519*PI*130.6*130.6*0
REF*PO*0020080520
REF*ST*09629
REF*DP*043
DTM*999*20080519
RMR*IK*962920080520*PI*170.41*170.41*0
REF*PO*0020080521
REF*ST*09629
REF*DP*043
DTM*999*20080520
RMR*IK*962920080521*PI*149.15*149.15*0
REF*PO*0020080522
REF*ST*09629
REF*DP*043
DTM*999*20080521
RMR*IK*963320080515*PI*366.54*366.54*0
REF*PO*0020080516
REF*ST*09633
REF*DP*043
DTM*999*20080515
RMR*IK*963320080516*PI*512.01*512.01*0
REF*PO*0020080517
REF*ST*09633
REF*DP*043
DTM*999*20080516
RMR*IK*963320080517*PI*1142.81*1142.81*0
REF*PO*0020080518
REF*ST*09633
REF*DP*043
DTM*999*20080517
RMR*IK*963320080518*PI*636.85*636.85*0
REF*PO*0020080519
REF*ST*09633
REF*DP*043
DTM*999*20080518
RMR*IK*963320080519*PI*445.79*445.79*0
REF*PO*0020080520
REF*ST*09633
REF*DP*043
DTM*999*20080519
RMR*IK*963320080520*PI*707.42*707.42*0
REF*PO*0020080521
REF*ST*09633
REF*DP*043
DTM*999*20080520
RMR*IK*963320080521*PI*770.49*770.49*0
REF*PO*0020080522
REF*ST*09633
REF*DP*043
DTM*999*20080521
RMR*IK*963920080515*PI*67.08*67.08*0
REF*PO*0020080516
REF*ST*09639
REF*DP*043
DTM*999*20080515
RMR*IK*963920080516*PI*119.17*119.17*0
REF*PO*0020080517
REF*ST*09639
REF*DP*043
DTM*999*20080516
RMR*IK*963920080517*PI*108.8*108.8*0
REF*PO*0020080518
REF*ST*09639
REF*DP*043
DTM*999*20080517
RMR*IK*963920080518*PI*43.15*43.15*0
REF*PO*0020080519
REF*ST*09639
REF*DP*043
DTM*999*20080518
RMR*IK*963920080519*PI*97.47*97.47*0
REF*PO*0020080520
REF*ST*09639
REF*DP*043
DTM*999*20080519
RMR*IK*963920080520*PI*151.15*151.15*0
REF*PO*0020080521
REF*ST*09639
REF*DP*043
DTM*999*20080520
RMR*IK*963920080521*PI*236.62*236.62*0
REF*PO*0020080522
REF*ST*09639
REF*DP*043
DTM*999*20080521
RMR*IK*964820080515*PI*206.06*206.06*0
REF*PO*0020080516
REF*ST*09648
REF*DP*043
DTM*999*20080515
RMR*IK*964820080516*PI*611.56*611.56*0
REF*PO*0020080517
REF*ST*09648
REF*DP*043
DTM*999*20080516
RMR*IK*964820080517*PI*1682.47*1682.47*0
REF*PO*0020080518
REF*ST*09648
REF*DP*043
DTM*999*20080517
RMR*IK*964820080518*PI*728.51*728.51*0
REF*PO*0020080519
REF*ST*09648
REF*DP*043
DTM*999*20080518
RMR*IK*964820080519*PI*1046.34*1046.34*0
REF*PO*0020080520
REF*ST*09648
REF*DP*043
DTM*999*20080519
RMR*IK*964820080520*PI*680.14*680.14*0
REF*PO*0020080521
REF*ST*09648
REF*DP*043
DTM*999*20080520
RMR*IK*964820080521*PI*810.22*810.22*0
REF*PO*0020080522
REF*ST*09648
REF*DP*043
DTM*999*20080521
RMR*IK*965720080515*PI*32.95*32.95*0
REF*PO*0020080516
REF*ST*09657
REF*DP*043
DTM*999*20080515
RMR*IK*965720080516*PI*93.2*93.2*0
REF*PO*0020080517
REF*ST*09657
REF*DP*043
DTM*999*20080516
RMR*IK*965720080517*PI*154.5*154.5*0
REF*PO*0020080518
REF*ST*09657
REF*DP*043
DTM*999*20080517
RMR*IK*965720080518*PI*118.98*118.98*0
REF*PO*0020080519
REF*ST*09657
REF*DP*043
DTM*999*20080518
RMR*IK*965720080519*PI*105.1*105.1*0
REF*PO*0020080520
REF*ST*09657
REF*DP*043
DTM*999*20080519
RMR*IK*965720080520*PI*186.32*186.32*0
REF*PO*0020080521
REF*ST*09657
REF*DP*043
DTM*999*20080520
RMR*IK*965720080521*PI*76.8*76.8*0
REF*PO*0020080522
REF*ST*09657
REF*DP*043
DTM*999*20080521
RMR*IK*967420080515*PI*99.1*99.1*0
REF*PO*0020080516
REF*ST*09674
REF*DP*043
DTM*999*20080515
RMR*IK*967420080516*PI*253.29*253.29*0
REF*PO*0020080517
REF*ST*09674
REF*DP*043
DTM*999*20080516
RMR*IK*967420080517*PI*297.95*297.95*0
REF*PO*0020080518
REF*ST*09674
REF*DP*043
DTM*999*20080517
RMR*IK*967420080518*PI*209.78*209.78*0
REF*PO*0020080519
REF*ST*09674
REF*DP*043
DTM*999*20080518
RMR*IK*967420080519*PI*338.98*338.98*0
REF*PO*0020080520
REF*ST*09674
REF*DP*043
DTM*999*20080519
RMR*IK*967420080520*PI*453.34*453.34*0
REF*PO*0020080521
REF*ST*09674
REF*DP*043
DTM*999*20080520
RMR*IK*967420080521*PI*450.35*450.35*0
REF*PO*0020080522
REF*ST*09674
REF*DP*043
DTM*999*20080521
RMR*IK*971420080515*PI*59.6*59.6*0
REF*PO*0020080516
REF*ST*09714
REF*DP*043
DTM*999*20080515
RMR*IK*971420080516*PI*58.52*58.52*0
REF*PO*0020080517
REF*ST*09714
REF*DP*043
DTM*999*20080516
RMR*IK*971420080517*PI*128.99*128.99*0
REF*PO*0020080518
REF*ST*09714
REF*DP*043
DTM*999*20080517
RMR*IK*971420080518*PI*94.65*94.65*0
REF*PO*0020080519
REF*ST*09714
REF*DP*043
DTM*999*20080518
RMR*IK*971420080519*PI*76.06*76.06*0
REF*PO*0020080520
REF*ST*09714
REF*DP*043
DTM*999*20080519
RMR*IK*971420080520*PI*76.96*76.96*0
REF*PO*0020080521
REF*ST*09714
REF*DP*043
DTM*999*20080520
RMR*IK*971420080521*PI*177.75*177.75*0
REF*PO*0020080522
REF*ST*09714
REF*DP*043
DTM*999*20080521
RMR*IK*972820080515*PI*44.79*44.79*0
REF*PO*0020080516
REF*ST*09728
REF*DP*043
DTM*999*20080515
RMR*IK*972820080516*PI*109.3*109.3*0
REF*PO*0020080517
REF*ST*09728
REF*DP*043
DTM*999*20080516
RMR*IK*972820080517*PI*246.01*246.01*0
REF*PO*0020080518
REF*ST*09728
REF*DP*043
DTM*999*20080517
RMR*IK*972820080518*PI*135.44*135.44*0
REF*PO*0020080519
REF*ST*09728
REF*DP*043
DTM*999*20080518
RMR*IK*972820080519*PI*113.4*113.4*0
REF*PO*0020080520
REF*ST*09728
REF*DP*043
DTM*999*20080519
RMR*IK*972820080520*PI*195.25*195.25*0
REF*PO*0020080521
REF*ST*09728
REF*DP*043
DTM*999*20080520
RMR*IK*972820080521*PI*143.46*143.46*0
REF*PO*0020080522
REF*ST*09728
REF*DP*043
DTM*999*20080521
RMR*IK*973520080515*PI*169.32*169.32*0
REF*PO*0020080516
REF*ST*09735
REF*DP*043
DTM*999*20080515
RMR*IK*973520080516*PI*83.72*83.72*0
REF*PO*0020080517
REF*ST*09735
REF*DP*043
DTM*999*20080516
RMR*IK*973520080517*PI*281.76*281.76*0
REF*PO*0020080518
REF*ST*09735
REF*DP*043
DTM*999*20080517
RMR*IK*973520080518*PI*123.72*123.72*0
REF*PO*0020080519
REF*ST*09735
REF*DP*043
DTM*999*20080518
RMR*IK*973520080519*PI*221.58*221.58*0
REF*PO*0020080520
REF*ST*09735
REF*DP*043
DTM*999*20080519
RMR*IK*973520080520*PI*249.65*249.65*0
REF*PO*0020080521
REF*ST*09735
REF*DP*043
DTM*999*20080520
RMR*IK*973520080521*PI*196.1*196.1*0
REF*PO*0020080522
REF*ST*09735
REF*DP*043
DTM*999*20080521
RMR*IK*975820080515*PI*156.92*156.92*0
REF*PO*0020080516
REF*ST*09758
REF*DP*043
DTM*999*20080515
RMR*IK*975820080516*PI*234.46*234.46*0
REF*PO*0020080517
REF*ST*09758
REF*DP*043
DTM*999*20080516
RMR*IK*975820080517*PI*641.14*641.14*0
REF*PO*0020080518
REF*ST*09758
REF*DP*043
DTM*999*20080517
RMR*IK*975820080518*PI*312.66*312.66*0
REF*PO*0020080519
REF*ST*09758
REF*DP*043
DTM*999*20080518
RMR*IK*975820080519*PI*341.16*341.16*0
REF*PO*0020080520
REF*ST*09758
REF*DP*043
DTM*999*20080519
RMR*IK*975820080520*PI*290.25*290.25*0
REF*PO*0020080521
REF*ST*09758
REF*DP*043
DTM*999*20080520
RMR*IK*975820080521*PI*280.82*280.82*0
REF*PO*0020080522
REF*ST*09758
REF*DP*043
DTM*999*20080521
SE*5154*0001
GE*1*1000121
IEA*1*001000121
ISA*00*          *00*          *08*9254291001     *12*6154525825     *080617*0424*U*00400*000000377*0*P*>
GS*PD*9254291001*6154525825*20080617*0424*377*X*004010
ST*852*0001
XQ*H*20080617
N9*AD*T00000040
LIN**IN*002916611*ZZ*43*UP*831664001184*****DG*1*VS*00000
ZA*QS***006*20080616
CTP**UCP*3.4
SDQ*EA*ZZ*3143*3*3359*1*3645*2*3646*4*3703*20*3715*5*3848*1*3941*6*4093*1*4103*4
SDQ*EA*ZZ*4112*2*4244*5*4475*1*4717*1*4719*8*4817*1*4970*1*7208*4*7274*1*7358*2
SDQ*EA*ZZ*7382*1*7607*2*9513*3*9648*1*9758*1
LIN**IN*002916611*ZZ*43*UP*831664001184*****DG*5*VS*00000
ZA*QS***006*20080616
CTP**UCP*3.4
SDQ*EA*ZZ*4103*5*9735*1
LIN**IN*002916611*ZZ*43*UP*831664001184*****DG*8*VS*00000
ZA*QS***006*20080616
CTP**UCP*3.4
SDQ*EA*ZZ*4817*1*7358*1*9633*1
CTT*3
SE*19*0001
ST*852*0002
XQ*H*20080617
N9*AD*T00000040
LIN**IN*004703011*ZZ*43*UP*831664001412*****DG*1*VS*00000
ZA*QS***006*20080616
CTP**UCP*1.85
SDQ*EA*ZZ*3646*3*4244*4*7358*3*9758*2
CTT*1
SE*9*0002
ST*852*0003
XQ*H*20080617
N9*AD*T00000040
LIN**IN*016303311*ZZ*43*UP*831664001283*****DG*1*VS*00000
ZA*QS***006*20080615
CTP**UCP*6.4
SDQ*EA*ZZ*5023*1
ZA*QS***006*20080616
CTP**UCP*6.4
SDQ*EA*ZZ*4244*1*7460*1
CTT*1
SE*12*0003
ST*852*0004
XQ*H*20080617
N9*AD*T00000040
LIN**IN*025395211*ZZ*43*UP*831664001252*****DG*3*VS*00000
ZA*QS***006*20080615
CTP**UCP*6.4
SDQ*EA*ZZ*5014*1
LIN**IN*025395211*ZZ*43*UP*831664001252*****DG*1*VS*00000
ZA*QS***006*20080616
CTP**UCP*6.4
SDQ*EA*ZZ*3359*1*3703*1*3773*1*3941*1*4137*3*4719*2*4757*1*7076*2*7382*1*7626*3
SDQ*EA*ZZ*9629*1
LIN**IN*025395211*ZZ*43*UP*831664001252*****DG*3*VS*00000
ZA*QS***006*20080616
CTP**UCP*6.4
SDQ*EA*ZZ*7208*1
LIN**IN*025395211*ZZ*43*UP*831664001252*****DG*5*VS*00000
ZA*QS***006*20080616
CTP**UCP*6.4
SDQ*EA*ZZ*3645*1
CTT*4
SE*22*0004
ST*852*0005
XQ*H*20080617
N9*AD*T00000040
LIN**IN*025397611*ZZ*43*UP*831664001245*****DG*1*VS*00000
ZA*QS***006*20080616
CTP**UCP*4.95
SDQ*EA*ZZ*3063*1*3084*2*3143*5*3646*2*3713*2*3931*2*3941*2*3966*1*4122*1*4244*5
SDQ*EA*ZZ*4717*1*4719*2*4970*3*7076*1*7154*1*7208*3*7276*1*7622*1*7626*1*7629*2
SDQ*EA*ZZ*7754*-3*9547*2*9549*1*9563*5
CTT*1
SE*11*0005
ST*852*0006
XQ*H*20080617
N9*AD*T00000040
LIN**IN*025408511*ZZ*43*UP*831664001269*****DG*1*VS*00000
ZA*QS***006*20080615
CTP**UCP*4
SDQ*EA*ZZ*5014*2
ZA*QS***006*20080616
CTP**UCP*4
SDQ*EA*ZZ*3022*1*3083*2*3084*10*3644*1*3703*5*3713*1*3941*1*3978*4*4093*6*4103*1
SDQ*EA*ZZ*4244*1*4719*6*4970*2*7069*1*7208*4*7255*1*7353*1*7358*9*7610*5*9633*5
SDQ*EA*ZZ*9758*7
CTT*1
SE*14*0006
ST*852*0007
XQ*H*20080617
N9*AD*T00000040
LIN**IN*025412011*ZZ*43*UP*831664001276*****DG*1*VS*00000
ZA*QS***006*20080616
CTP**UCP*2
SDQ*EA*ZZ*3645*4*3941*4*3994*2*4093*1*4717*2*4872*1*7060*1*7358*1*7626*1*7718*2
SDQ*EA*ZZ*9621*3
LIN**IN*025412011*ZZ*43*UP*831664001276*****DG*5*VS*00000
ZA*QS***006*20080616
CTP**UCP*2
SDQ*EA*ZZ*9320*10
CTT*2
SE*14*0007
ST*852*0008
XQ*H*20080617
N9*AD*T00000040
LIN**IN*033281811*ZZ*43*UP*831664001290*****DG*1*VS*00000
ZA*QS***006*20080615
CTP**UCP*3.4
SDQ*EA*ZZ*5023*1
ZA*QS***006*20080616
CTP**UCP*3.4
SDQ*EA*ZZ*3083*1*3084*7*3240*1*3359*1*3428*1*3644*1*3645*2*3703*3*3713*1*4093*1
SDQ*EA*ZZ*4103*1*4137*1*4244*2*4717*1*4866*1*4872*2*7069*3*7132*2*7208*3*7255*1
SDQ*EA*ZZ*7353*5*7610*1*9129*1*9513*2*9571*2*9633*2*9674*3
LIN**IN*033281811*ZZ*43*UP*831664001290*****DG*3*VS*00000
ZA*QS***006*20080616
CTP**UCP*3.4
SDQ*EA*ZZ*7358*1
LIN**IN*033281811*ZZ*43*UP*831664001290*****DG*5*VS*00000
ZA*QS***006*20080616
CTP**UCP*3.4
SDQ*EA*ZZ*3143*4*3408*1*3996*1*4475*2*7255*1
LIN**IN*033281811*ZZ*43*UP*831664001290*****DG*8*VS*00000
ZA*QS***006*20080616
CTP**UCP*3.4
SDQ*EA*ZZ*3632*3*4137*1
CTT*4
SE*26*0008
ST*852*0009
XQ*H*20080617
N9*AD*T00000040
LIN**IN*039868311*ZZ*43*UP*831664001405*****DG*1*VS*00000
ZA*QS***006*20080616
CTP**UCP*2
SDQ*EA*ZZ*3808*1*4122*1*4244*1*4717*1*4719*6*9621*5*9648*3
CTT*1
SE*9*0009
ST*852*0010
XQ*H*20080617
N9*AD*T00000040
LIN**IN*044488711*ZZ*43*UP*831664001306*****DG*3*VS*00000
ZA*QS***006*20080615
CTP**UCP*6.4
SDQ*EA*ZZ*5014*1
LIN**IN*044488711*ZZ*43*UP*831664001306*****DG*1*VS*00000
ZA*QS***006*20080616
CTP**UCP*6.4
SDQ*EA*ZZ*3644*1*3848*1*4719*2*7208*1*7274*1*7276*1*7610*1*9758*1
LIN**IN*044488711*ZZ*43*UP*831664001306*****DG*5*VS*00000
ZA*QS***006*20080616
CTP**UCP*6.4
SDQ*EA*ZZ*3713*1*3966*-1
CTT*3
SE*17*0010
ST*852*0011
XQ*H*20080617
N9*AD*T00000040
LIN**IN*048848711*ZZ*43*UP*831664001153*****DG*1*VS*00000
ZA*QS***006*20080616
CTP**UCP*3.4
SDQ*EA*ZZ*3646*2*4202*1*7607*4*9513*1
CTT*1
SE*9*0011
ST*852*0012
XQ*H*20080617
N9*AD*T00000040
LIN**IN*053241411*ZZ*43*UP*831664001313*****DG*3*VS*00000
ZA*QS***006*20080615
CTP**UCP*1
SDQ*EA*ZZ*5014*3
LIN**IN*053241411*ZZ*43*UP*831664001313*****DG*1*VS*00000
ZA*QS***006*20080616
CTP**UCP*1
SDQ*EA*ZZ*3083*1*3147*2*3644*1*3701*2*3876*1*3941*1*4198*4*4202*3*4244*2*4719*7
SDQ*EA*ZZ*4760*1*4817*3*7146*1*7208*1*7354*3*7358*13*9571*1*9633*5*9758*2
CTT*2
SE*14*0012
ST*852*0013
XQ*H*20080617
N9*AD*T00000040
LIN**IN*076496411*ZZ*43*UP*831664001320*****DG*1*VS*00000
ZA*QS***006*20080615
CTP**UCP*2.95
SDQ*EA*ZZ*5023*2
ZA*QS***006*20080616
CTP**UCP*2.95
SDQ*EA*ZZ*3022*1*3084*1*3147*3*3253*4*3632*2*3645*3*3646*1*3713*1*3925*1*3978*2
SDQ*EA*ZZ*3996*1*4093*1*4202*1*4244*2*4312*1*4719*2*4866*3*4970*4*7043*3*7069*2
SDQ*EA*ZZ*7208*4*7353*4*7358*6*7461*2*7622*2*7754*1*9129*1*9320*3*9513*2*9633*2
SDQ*EA*ZZ*9648*2*9735*1
LIN**IN*076496411*ZZ*43*UP*831664001320*****DG*5*VS*00000
ZA*QS***006*20080616
CTP**UCP*2.95
SDQ*EA*ZZ*3996*-8*4777*-2
LIN**IN*076496411*ZZ*43*UP*831664001320*****DG*8*VS*00000
ZA*QS***006*20080616
CTP**UCP*2.95
SDQ*EA*ZZ*3646*7
CTT*3
SE*23*0013
ST*852*0014
XQ*H*20080617
N9*AD*T00000040
LIN**IN*093644611*ZZ*43*UP*831664001382*****DG*1*VS*00000
ZA*QS***006*20080616
CTP**UCP*3.2
SDQ*EA*ZZ*3022*4*3147*1*3428*1*3632*2*3703*3*3773*1*4244*2*4719*11*4769*1*4872*1
SDQ*EA*ZZ*7208*1*7255*2*7274*4*7358*1*7607*5*9513*1*9563*1*9621*1
LIN**IN*093644611*ZZ*43*UP*831664001382*****DG*8*VS*00000
ZA*QS***006*20080616
CTP**UCP*3.2
SDQ*EA*ZZ*3941*1
CTT*2
SE*14*0014
ST*852*0015
XQ*H*20080617
N9*AD*T00000040
LIN**IN*096698911*ZZ*43*UP*831664001115*****DG*1*VS*00000
ZA*QS***006*20080616
CTP**UCP*10.25
SDQ*EA*ZZ*4244*2*4717*1
LIN**IN*096698911*ZZ*43*UP*831664001115*****DG*3*VS*00000
ZA*QS***006*20080616
CTP**UCP*10.25
SDQ*EA*ZZ*7208*5
LIN**IN*096698911*ZZ*43*UP*831664001115*****DG*5*VS*00000
ZA*QS***006*20080616
CTP**UCP*10.25
SDQ*EA*ZZ*4769*-1
CTT*3
SE*17*0015
ST*852*0016
XQ*H*20080617
N9*AD*T00000040
LIN**IN*096901411*ZZ*43*UP*831664001139*****DG*1*VS*00000
ZA*QS***006*20080616
CTP**UCP*2
SDQ*EA*ZZ*7045*1*7558*1
CTT*1
SE*9*0016
ST*852*0017
XQ*H*20080617
N9*AD*T00000040
LIN**IN*096901811*ZZ*43*UP*831664001122*****DG*1*VS*00000
ZA*QS***006*20080616
CTP**UCP*4.85
SDQ*EA*ZZ*3022*1*3084*3*3147*1*3240*2*3253*1*3289*1*3348*3*3644*1*3646*4*3703*4
SDQ*EA*ZZ*3715*1*3941*1*3978*3*4093*1*4103*1*4198*1*4717*2*4719*2*4817*2*7059*1
SDQ*EA*ZZ*7208*1*7274*3*7358*1*7382*1*7626*1*9625*1*9629*8*9633*1*9648*1
LIN**IN*096901811*ZZ*43*UP*831664001122*****DG*3*VS*00000
ZA*QS***006*20080616
CTP**UCP*4.85
SDQ*EA*ZZ*4883*1*9674*1
LIN**IN*096901811*ZZ*43*UP*831664001122*****DG*8*VS*00000
ZA*QS***006*20080616
CTP**UCP*4.85
SDQ*EA*ZZ*7066*1
CTT*3
SE*19*0017
ST*852*0018
XQ*H*20080617
N9*AD*T00000040
LIN**IN*096907311*ZZ*43*UP*831664001146*****DG*1*VS*00000
ZA*QS***006*20080616
CTP**UCP*6
SDQ*EA*ZZ*7607*1
CTT*1
SE*9*0018
ST*852*0019
XQ*H*20080617
N9*AD*T00000040
LIN**IN*097065711*ZZ*43*UP*831664000842*****DG*1*VS*00000
ZA*QS***006*20080616
CTP**UCP*4.95
SDQ*EA*ZZ*3063*1*3084*3*3143*8*3240*1*3253*1*3348*3*3632*4*3644*4*3646*17*3661*1
SDQ*EA*ZZ*3672*1*3685*4*3703*6*3715*1*3773*2*3848*1*3941*1*3957*3*4093*7*4103*1
SDQ*EA*ZZ*4112*2*4202*2*4244*3*4308*2*4719*11*7059*2*7132*3*7208*3*7255*3*7351*3
SDQ*EA*ZZ*7354*2*7358*6*7460*4*7461*8*7558*1*7607*3*7610*10*7637*2*9513*4*9563*7
SDQ*EA*ZZ*9571*4*9625*2*9633*6*9639*2*9648*2*9674*5*9758*5
LIN**IN*097065711*ZZ*43*UP*831664000842*****DG*3*VS*00000
ZA*QS***006*20080616
CTP**UCP*4.95
SDQ*EA*ZZ*3083*1*4883*4
CTT*2
SE*17*0019
ST*852*0020
XQ*H*20080617
N9*AD*T00000040
LIN**IN*097095611*ZZ*43*UP*831664000019*****DG*1*VS*00000
ZA*QS***006*20080615
CTP**UCP*.9
SDQ*EA*ZZ*5014*7*5023*3*5070*6
ZA*QS***006*20080616
CTP**UCP*.9
SDQ*EA*ZZ*3022*26*3063*15*3083*17*3084*29*3143*6*3147*24*3240*1*3253*1*3289*3*3348*5
SDQ*EA*ZZ*3359*2*3408*1*3428*2*3632*28*3644*24*3645*4*3646*77*3661*12*3685*3*3701*1
SDQ*EA*ZZ*3703*13*3713*2*3715*27*3773*17*3808*9*3822*3*3848*3*3852*2*3876*11*3925*1
SDQ*EA*ZZ*3931*6*3941*11*3966*6*3975*8*3978*5*3994*13*3996*14*4033*1*4093*30*4103*27
SDQ*EA*ZZ*4112*11*4122*18*4137*8*4189*2*4198*18*4244*87*4308*2*4312*1*4475*1*4717*26
SDQ*EA*ZZ*4719*95*4739*3*4757*10*4758*2*4760*1*4769*24*4777*8*4817*39*4835*2*4866*16
SDQ*EA*ZZ*4872*34*4898*4*4970*2*7043*9*7045*8*7059*2*7060*1*7063*3*7064*9*7066*5
SDQ*EA*ZZ*7069*15*7076*6*7132*10*7146*2*7154*3*7208*27*7255*35*7274*5*7276*1*7351*2
SDQ*EA*ZZ*7353*26*7354*5*7358*34*7362*3*7382*4*7388*4*7407*1*7437*2*7461*19*7558*6
SDQ*EA*ZZ*7607*22*7610*23*7622*7*7626*8*7629*2*7718*5*7719*3*9129*26*9320*1*9513*11
SDQ*EA*ZZ*9547*20*9560*4*9563*15*9621*25*9625*2*9629*13*9633*26*9639*7*9648*27*9657*12
SDQ*EA*ZZ*9674*8*9728*1*9735*14*9758*26
LIN**IN*097095611*ZZ*43*UP*831664000019*****DG*3*VS*00000
ZA*QS***006*20080616
CTP**UCP*.9
SDQ*EA*ZZ*4883*6
LIN**IN*097095611*ZZ*43*UP*831664000019*****DG*5*VS*00000
ZA*QS***006*20080616
CTP**UCP*.9
SDQ*EA*ZZ*3428*1*4872*2*7407*1*7622*1
LIN**IN*097095611*ZZ*43*UP*831664000019*****DG*8*VS*00000
ZA*QS***006*20080616
CTP**UCP*.9
SDQ*EA*ZZ*7407*11
CTT*4
SE*35*0020
ST*852*0021
XQ*H*20080617
N9*AD*T00000040
LIN**IN*097095711*ZZ*43*UP*831664000255*****DG*1*VS*00000
ZA*QS***006*20080616
CTP**UCP*.65
SDQ*EA*ZZ*3022*1*3083*2*3084*4*3143*1*3223*3*3253*5*3348*1*3644*4*3645*1*3660*4
SDQ*EA*ZZ*3672*1*4093*2*4112*1*4198*3*4244*26*4475*2*4719*2*7059*1*7066*5*7069*2
SDQ*EA*ZZ*7354*2*7358*2*7382*2*7626*1*9129*1
CTT*1
SE*11*0021
ST*852*0022
XQ*H*20080617
N9*AD*T00000040
LIN**IN*097095811*ZZ*43*UP*831664000699*****DG*3*VS*00000
ZA*QS***006*20080615
CTP**UCP*.65
SDQ*EA*ZZ*5014*2
LIN**IN*097095811*ZZ*43*UP*831664000699*****DG*1*VS*00000
ZA*QS***006*20080616
CTP**UCP*.65
SDQ*EA*ZZ*3223*3*3996*1*4093*15*4244*1*4719*10*7358*1*7610*2
CTT*2
SE*13*0022
ST*852*0023
XQ*H*20080617
N9*AD*T00000040
LIN**IN*097095911*ZZ*43*UP*831664000675*****DG*1*VS*00000
ZA*QS***006*20080615
CTP**UCP*1.4
SDQ*EA*ZZ*5023*1
LIN**IN*097095911*ZZ*43*UP*831664000675*****DG*3*VS*00000
ZA*QS***006*20080615
CTP**UCP*1.4
SDQ*EA*ZZ*5014*5
LIN**IN*097095911*ZZ*43*UP*831664000675*****DG*1*VS*00000
ZA*QS***006*20080616
CTP**UCP*1.4
SDQ*EA*ZZ*3022*1*3084*7*3143*4*3645*2*3703*5*3876*4*3941*1*3978*8*4093*3*4103*4
SDQ*EA*ZZ*4137*3*4202*2*4308*1*4719*8*4817*3*4866*1*4970*6*7066*1*7154*7*7208*6
SDQ*EA*ZZ*7255*2*7274*6*7353*2*7358*3*7382*1*7461*4*7626*2*9513*5*9547*1*9563*2
SDQ*EA*ZZ*9633*8*9657*1*9758*2
LIN**IN*097095911*ZZ*43*UP*831664000675*****DG*3*VS*00000
ZA*QS***006*20080616
CTP**UCP*1.4
SDQ*EA*ZZ*4883*1
LIN**IN*097095911*ZZ*43*UP*831664000675*****DG*5*VS*00000
ZA*QS***006*20080616
CTP**UCP*1.4
SDQ*EA*ZZ*3632*-1*7407*4
LIN**IN*097095911*ZZ*43*UP*831664000675*****DG*9*VS*00000
ZA*QS***006*20080616
CTP**UCP*1.4
SDQ*EA*ZZ*7558*2
CTT*6
SE*32*0023
ST*852*0024
XQ*H*20080617
N9*AD*T00000040
LIN**IN*097096011*ZZ*43*UP*831664000682*****DG*1*VS*00000
ZA*QS***006*20080615
CTP**UCP*1.4
SDQ*EA*ZZ*5023*1
ZA*QS***006*20080616
CTP**UCP*1.4
SDQ*EA*ZZ*3084*9*3147*1*3240*1*3289*1*3359*1*3408*2*3632*1*3645*2*3646*13*3661*1
SDQ*EA*ZZ*3672*1*3715*1*3848*1*3975*1*4093*4*4112*2*4202*2*4244*3*4308*5*4312*3
SDQ*EA*ZZ*4475*3*4719*3*4758*1*4769*1*7043*1*7059*2*7060*8*7132*2*7146*1*7208*5
SDQ*EA*ZZ*7255*2*7274*1*7276*1*7353*6*7358*3*7382*1*7388*2*7461*4*7607*4*7637*2
SDQ*EA*ZZ*7719*3*9513*2*9547*1*9560*2*9563*2*9621*1*9629*1*9639*2*9648*1*9735*1
CTT*1
SE*16*0024
ST*852*0025
XQ*H*20080617
N9*AD*T00000040
LIN**IN*097096111*ZZ*43*UP*831664000330*****DG*1*VS*00000
ZA*QS***006*20080615
CTP**UCP*1.4
SDQ*EA*ZZ*5023*1*5070*3
LIN**IN*097096111*ZZ*43*UP*831664000330*****DG*3*VS*00000
ZA*QS***006*20080615
CTP**UCP*1.4
SDQ*EA*ZZ*5014*7
LIN**IN*097096111*ZZ*43*UP*831664000330*****DG*1*VS*00000
ZA*QS***006*20080616
CTP**UCP*1.4
SDQ*EA*ZZ*3022*2*3063*5*3083*1*3084*29*3143*8*3147*5*3289*2*3348*2*3359*12*3428*1
SDQ*EA*ZZ*3632*6*3644*11*3645*1*3646*21*3685*2*3703*32*3713*6*3715*6*3822*3*3848*7
SDQ*EA*ZZ*3886*2*3925*2*3941*6*3978*4*3994*3*3996*1*4016*11*4093*14*4103*12*4112*4
SDQ*EA*ZZ*4137*9*4189*1*4198*5*4202*2*4244*31*4308*17*4312*3*4717*5*4719*24*4757*1
SDQ*EA*ZZ*4769*9*4817*21*4866*8*4872*1*4970*7*7043*3*7059*3*7064*3*7069*2*7076*2
SDQ*EA*ZZ*7132*14*7146*10*7208*20*7255*5*7274*13*7353*7*7358*57*7382*15*7407*5*7461*9
SDQ*EA*ZZ*7558*1*7607*6*7610*7*7626*5*7718*9*7719*5*7754*1*9217*1*9320*2*9513*5
SDQ*EA*ZZ*9547*7*9549*3*9563*9*9571*1*9621*26*9625*7*9629*4*9633*29*9639*2*9648*14
SDQ*EA*ZZ*9657*1*9674*2*9735*26*9758*8
LIN**IN*097096111*ZZ*43*UP*831664000330*****DG*3*VS*00000
ZA*QS***006*20080616
CTP**UCP*1.4
SDQ*EA*ZZ*4883*11
CTT*4
SE*29*0025
ST*852*0026
XQ*H*20080617
N9*AD*T00000040
LIN**IN*097096211*ZZ*43*UP*831664000941*****DG*3*VS*00000
ZA*QS***006*20080615
CTP**UCP*2
SDQ*EA*ZZ*5014*2
LIN**IN*097096211*ZZ*43*UP*831664000941*****DG*1*VS*00000
ZA*QS***006*20080616
CTP**UCP*2
SDQ*EA*ZZ*3646*14*3703*11*3996*1*4093*8*4202*1*4244*6*4308*2*4719*3*4866*1*7255*3
SDQ*EA*ZZ*7274*3*7358*1*9513*1*9621*1
LIN**IN*097096211*ZZ*43*UP*831664000941*****DG*8*VS*00000
ZA*QS***006*20080616
CTP**UCP*2
SDQ*EA*ZZ*4817*2
CTT*3
SE*18*0026
ST*852*0027
XQ*H*20080617
N9*AD*T00000040
LIN**IN*097096311*ZZ*43*UP*831664000743*****DG*3*VS*00000
ZA*QS***006*20080615
CTP**UCP*2
SDQ*EA*ZZ*5014*1
LIN**IN*097096311*ZZ*43*UP*831664000743*****DG*1*VS*00000
ZA*QS***006*20080616
CTP**UCP*2
SDQ*EA*ZZ*3084*1*3632*2*3646*5*3808*1*3876*2*3941*1*4093*3*4103*3*4112*2*4122*1
SDQ*EA*ZZ*4244*1*4312*3*4717*4*4719*6*4757*2*7043*1*7358*5*7626*1*7629*1*9513*1
SDQ*EA*ZZ*9621*1*9758*1
CTT*2
SE*15*0027
ST*852*0028
XQ*H*20080617
N9*AD*T00000040
LIN**IN*097096411*ZZ*43*UP*831664000453*****DG*1*VS*00000
ZA*QS***006*20080616
CTP**UCP*4.25
SDQ*EA*ZZ*3022*1*3143*6*3223*2*3240*1*3289*3*3359*1*3644*1*3646*2*3661*2*3703*1
SDQ*EA*ZZ*3713*2*3773*2*3822*1*3848*2*3931*1*3978*11*4016*4*4093*11*4103*1*4112*1
SDQ*EA*ZZ*4202*2*4244*7*4312*1*4475*1*4717*4*4719*2*4757*1*4835*2*4970*2*7063*2
SDQ*EA*ZZ*7066*2*7069*1*7255*6*7274*5*7353*1*7362*1*7461*3*7607*1*7610*5*7622*1
SDQ*EA*ZZ*7629*2*7718*1*9547*2*9571*2*9621*1*9629*1*9639*2*9648*6*9735*1
LIN**IN*097096411*ZZ*43*UP*831664000453*****DG*3*VS*00000
ZA*QS***006*20080616
CTP**UCP*4.25
SDQ*EA*ZZ*4883*1*7064*2*7208*3
LIN**IN*097096411*ZZ*43*UP*831664000453*****DG*5*VS*00000
ZA*QS***006*20080616
CTP**UCP*4.25
SDQ*EA*ZZ*3359*2*4198*2*4817*3*7066*1*7607*5*9513*1
LIN**IN*097096411*ZZ*43*UP*831664000453*****DG*8*VS*00000
ZA*QS***006*20080616
CTP**UCP*4.25
SDQ*EA*ZZ*3022*1*4817*3
CTT*4
SE*25*0028
ST*852*0029
XQ*H*20080617
N9*AD*T00000040
LIN**IN*097096511*ZZ*43*UP*831664000460*****DG*1*VS*00000
ZA*QS***006*20080616
CTP**UCP*4.95
SDQ*EA*ZZ*3022*8*3083*1*3084*3*3143*4*3147*5*3348*1*3632*2*3644*1*3646*7*3661*3
SDQ*EA*ZZ*3685*1*3703*9*3715*1*3773*2*3808*1*3822*3*3848*4*3852*1*3941*6*4093*5
SDQ*EA*ZZ*4103*5*4112*1*4244*1*4717*2*4719*5*4757*2*4817*13*4835*1*4866*2*4872*2
SDQ*EA*ZZ*4970*4*7059*1*7063*2*7076*3*7132*2*7208*1*7255*2*7274*1*7353*4*7354*1
SDQ*EA*ZZ*7358*7*7382*1*7388*1*7461*2*7558*1*7607*7*7610*8*7622*2*7718*1*7719*1
SDQ*EA*ZZ*9513*1*9547*12*9563*3*9571*1*9621*4*9629*5*9648*1*9674*1*9735*3*9758*3
LIN**IN*097096511*ZZ*43*UP*831664000460*****DG*3*VS*00000
ZA*QS***006*20080616
CTP**UCP*4.95
SDQ*EA*ZZ*4883*1
LIN**IN*097096511*ZZ*43*UP*831664000460*****DG*5*VS*00000
ZA*QS***006*20080616
CTP**UCP*4.95
SDQ*EA*ZZ*3644*-1*4817*1
LIN**IN*097096511*ZZ*43*UP*831664000460*****DG*8*VS*00000
ZA*QS***006*20080616
CTP**UCP*4.95
SDQ*EA*ZZ*4137*4
CTT*4
SE*26*0029
ST*852*0030
XQ*H*20080617
N9*AD*T00000040
LIN**IN*097096711*ZZ*43*UP*831664000484*****DG*1*VS*00000
ZA*QS***006*20080616
CTP**UCP*6.4
SDQ*EA*ZZ*3063*3*3359*1*3632*1*3646*6*3703*7*3941*1*3978*2*3996*2*4093*6*4198*1
SDQ*EA*ZZ*4202*1*4244*3*4308*2*4719*1*4757*1*4769*1*4817*1*4970*2*7132*2*7358*1
SDQ*EA*ZZ*7558*1*7607*3*7610*5*7622*1*7626*3*9513*1*9547*1*9648*2
LIN**IN*097096711*ZZ*43*UP*831664000484*****DG*5*VS*00000
ZA*QS***006*20080616
CTP**UCP*6.4
SDQ*EA*ZZ*4202*1
CTT*2
SE*15*0030
ST*852*0031
XQ*H*20080617
N9*AD*T00000040
LIN**IN*097097011*ZZ*43*UP*831664000859*****DG*1*VS*00000
ZA*QS***006*20080616
CTP**UCP*2.7
SDQ*EA*ZZ*3084*2*3348*2*3644*2*3646*24*3703*4*3822*16*3941*1*4093*9*7255*3*7354*8
SDQ*EA*ZZ*7358*5*7610*6*9513*1*9674*2
CTT*1
SE*10*0031
ST*852*0032
XQ*H*20080617
N9*AD*T00000040
LIN**IN*097097111*ZZ*43*UP*831664000781*****DG*1*VS*00000
ZA*QS***006*20080616
CTP**UCP*2.1
SDQ*EA*ZZ*3084*1
CTT*1
SE*9*0032
ST*852*0033
XQ*H*20080617
N9*AD*T00000040
LIN**IN*097097211*ZZ*43*UP*831664000651*****DG*1*VS*00000
ZA*QS***006*20080616
CTP**UCP*1.55
SDQ*EA*ZZ*3703*2*3876*1*4093*1*4103*1*4244*3*7069*5*7607*4*9621*4*9633*2*9758*2
CTT*1
SE*9*0033
ST*852*0034
XQ*H*20080617
N9*AD*T00000040
LIN**IN*097098611*ZZ*43*UP*831664001023*****DG*1*VS*00000
ZA*QS***006*20080616
CTP**UCP*2.6
SDQ*EA*ZZ*9648*5
CTT*1
SE*9*0034
GE*34*377
IEA*1*000000377
*** SUPERTRACS READY FOR INPUT
