ISA*00*          *00*          *09*006985290EFT   *12*6154525825     *080321*2301*U*00400*001000109*0*P*>
GS*RA*006985290EFT*6154525825*20080321*2301*1000109*X*004010
ST*820*0001
BPR*I*1694.51*C*ACH*CCP*01*021000018*DA*0300955622*9008965873**01*064102601*DA*3000289*20080325*VEN
TRN*3*770282574*9008965873
DTM*097*20080321
N1*PR*KMART CORPORATION*1*008965873
N1*PE*YOUNGS FARMS*92*00069099588
N1*SE*YOUNGS FARMS*92*00069099588
ENT*1
RMR*IK*306320080314*PI*-3*-3*0
REF*PO*0020080315
REF*ST*03063
REF*DP*043
DTM*999*20080314
RMR*IK*3082POINSTTA*PI*220.1*220.1*0
REF*PO*0082022508
REF*ST*03082
REF*DP*043
DTM*999*20080225
RMR*IK*324020080223*PI*1.2*1.2*0
REF*PO*0020080224
REF*ST*03240
REF*DP*043
DTM*999*20080223
RMR*IK*324020080225*PI*2.4*2.4*0
REF*PO*0020080226
REF*ST*03240
REF*DP*043
DTM*999*20080225
RMR*IK*342820080224*PI*21.6*21.6*0
REF*PO*0020080225
REF*ST*03428
REF*DP*043
DTM*999*20080224
RMR*IK*342820080226*PI*4.8*4.8*0
REF*PO*0020080227
REF*ST*03428
REF*DP*043
DTM*999*20080226
RMR*IK*342820080227*PI*3.6*3.6*0
REF*PO*0020080228
REF*ST*03428
REF*DP*043
DTM*999*20080227
RMR*IK*363220080221*PI*7.2*7.2*0
REF*PO*0020080222
REF*ST*03632
REF*DP*043
DTM*999*20080221
RMR*IK*363220080222*PI*13.2*13.2*0
REF*PO*0020080223
REF*ST*03632
REF*DP*043
DTM*999*20080222
RMR*IK*363220080225*PI*6.6*6.6*0
REF*PO*0020080226
REF*ST*03632
REF*DP*043
DTM*999*20080225
RMR*IK*364520080225*PI*4.8*4.8*0
REF*PO*0020080226
REF*ST*03645
REF*DP*043
DTM*999*20080225
RMR*IK*364520080226*PI*7.2*7.2*0
REF*PO*0020080227
REF*ST*03645
REF*DP*043
DTM*999*20080226
RMR*IK*366120080227*PI*1.2*1.2*0
REF*PO*0020080228
REF*ST*03661
REF*DP*043
DTM*999*20080227
RMR*IK*367520080225*PI*24*24*0
REF*PO*0020080226
REF*ST*03675
REF*DP*043
DTM*999*20080225
RMR*IK*370120080225*PI*22.8*22.8*0
REF*PO*0020080226
REF*ST*03701
REF*DP*043
DTM*999*20080225
RMR*IK*370120080226*PI*34.65*34.65*0
REF*PO*0020080227
REF*ST*03701
REF*DP*043
DTM*999*20080226
RMR*IK*370120080227*PI*13.68*13.68*0
REF*PO*0020080228
REF*ST*03701
REF*DP*043
DTM*999*20080227
RMR*IK*380820080223*PI*3.6*3.6*0
REF*PO*0020080224
REF*ST*03808
REF*DP*043
DTM*999*20080223
RMR*IK*380820080224*PI*4.8*4.8*0
REF*PO*0020080225
REF*ST*03808
REF*DP*043
DTM*999*20080224
RMR*IK*380820080226*PI*3.6*3.6*0
REF*PO*0020080227
REF*ST*03808
REF*DP*043
DTM*999*20080226
RMR*IK*385220080222*PI*6.6*6.6*0
REF*PO*0020080223
REF*ST*03852
REF*DP*043
DTM*999*20080222
RMR*IK*385220080223*PI*16.8*16.8*0
REF*PO*0020080224
REF*ST*03852
REF*DP*043
DTM*999*20080223
RMR*IK*385220080225*PI*9*9*0
REF*PO*0020080226
REF*ST*03852
REF*DP*043
DTM*999*20080225
RMR*IK*385220080227*PI*6.6*6.6*0
REF*PO*0020080228
REF*ST*03852
REF*DP*043
DTM*999*20080227
RMR*IK*392520080221*PI*6.6*6.6*0
REF*PO*0020080222
REF*ST*03925
REF*DP*043
DTM*999*20080221
RMR*IK*392520080223*PI*28.8*28.8*0
REF*PO*0020080224
REF*ST*03925
REF*DP*043
DTM*999*20080223
RMR*IK*392520080224*PI*17.4*17.4*0
REF*PO*0020080225
REF*ST*03925
REF*DP*043
DTM*999*20080224
RMR*IK*392520080225*PI*1.2*1.2*0
REF*PO*0020080226
REF*ST*03925
REF*DP*043
DTM*999*20080225
RMR*IK*392520080227*PI*15*15*0
REF*PO*0020080228
REF*ST*03925
REF*DP*043
DTM*999*20080227
RMR*IK*393920080226*PI*6.6*6.6*0
REF*PO*0020080227
REF*ST*03939
REF*DP*043
DTM*999*20080226
RMR*IK*395720080226*PI*14.4*14.4*0
REF*PO*0020080227
REF*ST*03957
REF*DP*043
DTM*999*20080226
RMR*IK*395720080227*PI*5.04*5.04*0
REF*PO*0020080228
REF*ST*03957
REF*DP*043
DTM*999*20080227
RMR*IK*396720080226*PI*3.6*3.6*0
REF*PO*0020080227
REF*ST*03967
REF*DP*043
DTM*999*20080226
RMR*IK*396720080227*PI*6.6*6.6*0
REF*PO*0020080228
REF*ST*03967
REF*DP*043
DTM*999*20080227
RMR*IK*397520080227*PI*2.95*2.95*0
REF*PO*0020080228
REF*ST*03975
REF*DP*043
DTM*999*20080227
RMR*IK*399420080227*PI*6.6*6.6*0
REF*PO*0020080228
REF*ST*03994
REF*DP*043
DTM*999*20080227
RMR*IK*399620080221*PI*2.4*2.4*0
REF*PO*0020080222
REF*ST*03996
REF*DP*043
DTM*999*20080221
RMR*IK*399620080224*PI*4.8*4.8*0
REF*PO*0020080225
REF*ST*03996
REF*DP*043
DTM*999*20080224
RMR*IK*399620080227*PI*6.6*6.6*0
REF*PO*0020080228
REF*ST*03996
REF*DP*043
DTM*999*20080227
RMR*IK*401620080222*PI*4.8*4.8*0
REF*PO*0020080223
REF*ST*04016
REF*DP*043
DTM*999*20080222
RMR*IK*401620080223*PI*10.8*10.8*0
REF*PO*0020080224
REF*ST*04016
REF*DP*043
DTM*999*20080223
RMR*IK*401620080225*PI*1.2*1.2*0
REF*PO*0020080226
REF*ST*04016
REF*DP*043
DTM*999*20080225
RMR*IK*401620080226*PI*4.8*4.8*0
REF*PO*0020080227
REF*ST*04016
REF*DP*043
DTM*999*20080226
RMR*IK*412220080225*PI*5.95*5.95*0
REF*PO*0020080226
REF*ST*04122
REF*DP*043
DTM*999*20080225
RMR*IK*418920080226*PI*14.4*14.4*0
REF*PO*0020080227
REF*ST*04189
REF*DP*043
DTM*999*20080226
RMR*IK*418920080227*PI*33.84*33.84*0
REF*PO*0020080228
REF*ST*04189
REF*DP*043
DTM*999*20080227
RMR*IK*418920080305*PI*-6.6*-6.6*0
REF*PO*0020080307
REF*ST*04189
REF*DP*043
DTM*999*20080305
RMR*IK*419820080225*PI*59.35*59.35*0
REF*PO*0020080226
REF*ST*04198
REF*DP*043
DTM*999*20080225
RMR*IK*419820080226*PI*16.8*16.8*0
REF*PO*0020080227
REF*ST*04198
REF*DP*043
DTM*999*20080226
RMR*IK*419820080227*PI*10.8*10.8*0
REF*PO*0020080228
REF*ST*04198
REF*DP*043
DTM*999*20080227
RMR*IK*420220080223*PI*31.8*31.8*0
REF*PO*0020080224
REF*ST*04202
REF*DP*043
DTM*999*20080223
RMR*IK*420220080225*PI*12.6*12.6*0
REF*PO*0020080226
REF*ST*04202
REF*DP*043
DTM*999*20080225
RMR*IK*420220080226*PI*1.2*1.2*0
REF*PO*0020080227
REF*ST*04202
REF*DP*043
DTM*999*20080226
RMR*IK*420220080227*PI*15.6*15.6*0
REF*PO*0020080228
REF*ST*04202
REF*DP*043
DTM*999*20080227
RMR*IK*420220080314*PI*-5.95*-5.95*0
REF*PO*0020080316
REF*ST*04202
REF*DP*043
DTM*999*20080314
RMR*IK*4312POINSTTA*PI*310*310*0
REF*PO*0312022508
REF*ST*04312
REF*DP*043
DTM*999*20080225
RMR*IK*472320080226*PI*2.4*2.4*0
REF*PO*0020080227
REF*ST*04723
REF*DP*043
DTM*999*20080226
RMR*IK*475720080223*PI*13.2*13.2*0
REF*PO*0020080224
REF*ST*04757
REF*DP*043
DTM*999*20080223
RMR*IK*475720080224*PI*13.2*13.2*0
REF*PO*0020080225
REF*ST*04757
REF*DP*043
DTM*999*20080224
RMR*IK*475720080225*PI*18.6*18.6*0
REF*PO*0020080226
REF*ST*04757
REF*DP*043
DTM*999*20080225
RMR*IK*501420080223*PI*13.2*13.2*0
REF*PO*0020080225
REF*ST*05014
REF*DP*043
DTM*999*20080223
RMR*IK*501420080224*PI*19.8*19.8*0
REF*PO*0020080226
REF*ST*05014
REF*DP*043
DTM*999*20080224
RMR*IK*507020080225*PI*3.6*3.6*0
REF*PO*0020080227
REF*ST*05070
REF*DP*043
DTM*999*20080225
RMR*IK*507020080226*PI*15.6*15.6*0
REF*PO*0020080228
REF*ST*05070
REF*DP*043
DTM*999*20080226
RMR*IK*507720080225*PI*3.6*3.6*0
REF*PO*0020080227
REF*ST*05077
REF*DP*043
DTM*999*20080225
RMR*IK*705920080225*PI*6.6*6.6*0
REF*PO*0020080226
REF*ST*07059
REF*DP*043
DTM*999*20080225
RMR*IK*720820080222*PI*8.4*8.4*0
REF*PO*0020080223
REF*ST*07208
REF*DP*043
DTM*999*20080222
RMR*IK*720820080223*PI*18.6*18.6*0
REF*PO*0020080224
REF*ST*07208
REF*DP*043
DTM*999*20080223
RMR*IK*720820080224*PI*1.2*1.2*0
REF*PO*0020080225
REF*ST*07208
REF*DP*043
DTM*999*20080224
RMR*IK*720820080225*PI*50.4*50.4*0
REF*PO*0020080226
REF*ST*07208
REF*DP*043
DTM*999*20080225
RMR*IK*720820080226*PI*2.4*2.4*0
REF*PO*0020080227
REF*ST*07208
REF*DP*043
DTM*999*20080226
RMR*IK*720820080227*PI*13.2*13.2*0
REF*PO*0020080228
REF*ST*07208
REF*DP*043
DTM*999*20080227
RMR*IK*727420080222*PI*7.2*7.2*0
REF*PO*0020080223
REF*ST*07274
REF*DP*043
DTM*999*20080222
RMR*IK*727420080223*PI*16.8*16.8*0
REF*PO*0020080224
REF*ST*07274
REF*DP*043
DTM*999*20080223
RMR*IK*727420080224*PI*7.2*7.2*0
REF*PO*0020080225
REF*ST*07274
REF*DP*043
DTM*999*20080224
RMR*IK*727420080225*PI*6*6*0
REF*PO*0020080226
REF*ST*07274
REF*DP*043
DTM*999*20080225
RMR*IK*727820080223*PI*22.8*22.8*0
REF*PO*0020080224
REF*ST*07278
REF*DP*043
DTM*999*20080223
RMR*IK*727820080224*PI*10.8*10.8*0
REF*PO*0020080225
REF*ST*07278
REF*DP*043
DTM*999*20080224
RMR*IK*727820080225*PI*10.8*10.8*0
REF*PO*0020080226
REF*ST*07278
REF*DP*043
DTM*999*20080225
RMR*IK*727820080226*PI*6.6*6.6*0
REF*PO*0020080227
REF*ST*07278
REF*DP*043
DTM*999*20080226
RMR*IK*738820080225*PI*2.4*2.4*0
REF*PO*0020080226
REF*ST*07388
REF*DP*043
DTM*999*20080225
RMR*IK*738820080227*PI*1.2*1.2*0
REF*PO*0020080228
REF*ST*07388
REF*DP*043
DTM*999*20080227
RMR*IK*755820080226*PI*8.4*8.4*0
REF*PO*0020080227
REF*ST*07558
REF*DP*043
DTM*999*20080226
RMR*IK*775420080221*PI*14.4*14.4*0
REF*PO*0020080222
REF*ST*07754
REF*DP*043
DTM*999*20080221
RMR*IK*775420080222*PI*6.6*6.6*0
REF*PO*0020080223
REF*ST*07754
REF*DP*043
DTM*999*20080222
RMR*IK*775420080224*PI*1.2*1.2*0
REF*PO*0020080225
REF*ST*07754
REF*DP*043
DTM*999*20080224
RMR*IK*921720080226*PI*2.4*2.4*0
REF*PO*0020080227
REF*ST*09217
REF*DP*043
DTM*999*20080226
RMR*IK*932020080224*PI*13.2*13.2*0
REF*PO*0020080225
REF*ST*09320
REF*DP*043
DTM*999*20080224
RMR*IK*954920080221*PI*2.4*2.4*0
REF*PO*0020080222
REF*ST*09549
REF*DP*043
DTM*999*20080221
RMR*IK*954920080223*PI*15.6*15.6*0
REF*PO*0020080224
REF*ST*09549
REF*DP*043
DTM*999*20080223
RMR*IK*956320080223*PI*7.2*7.2*0
REF*PO*0020080224
REF*ST*09563
REF*DP*043
DTM*999*20080223
RMR*IK*956320080224*PI*3.6*3.6*0
REF*PO*0020080225
REF*ST*09563
REF*DP*043
DTM*999*20080224
RMR*IK*956320080225*PI*8.4*8.4*0
REF*PO*0020080226
REF*ST*09563
REF*DP*043
DTM*999*20080225
RMR*IK*956320080227*PI*1.2*1.2*0
REF*PO*0020080228
REF*ST*09563
REF*DP*043
DTM*999*20080227
RMR*IK*9625POINSTTA*PI*213.9*213.9*0
REF*PO*0625022508
REF*ST*09625
REF*DP*043
DTM*999*20080225
RMR*IK*971420080225*PI*7.2*7.2*0
REF*PO*0020080226
REF*ST*09714
REF*DP*043
DTM*999*20080225
RMR*IK*971420080226*PI*6*6*0
REF*PO*0020080227
REF*ST*09714
REF*DP*043
DTM*999*20080226
SE*494*0001
GE*1*1000109
IEA*1*001000109
ISA*00*          *00*          *08*9254291001     *12*6154525825     *080325*0421*U*00400*000000293*0*P*>
GS*PD*9254291001*6154525825*20080325*0421*293*X*004010
ST*852*0001
XQ*H*20080325
N9*AD*T00000040
LIN**IN*002904411*ZZ*43*UP*831664001160*****DG*1*VS*00000
ZA*QS***006*20080324
CTP**UCP*1.2
SDQ*EA*ZZ*3194*21*3359*3*3408*1*3632*4*3661*1*3672*2*3703*6*3715*4*3822*2*3931*3
SDQ*EA*ZZ*3978*3*4033*1*4198*1*4758*2*4898*1*4970*3*7064*2*7066*3*7154*2*7255*2
SDQ*EA*ZZ*7274*3*7362*2*7461*2*7637*1*9728*2*9758*2
CTT*1
SE*11*0001
ST*852*0002
XQ*H*20080325
N9*AD*T00000040
LIN**IN*002916611*ZZ*43*UP*831664001184*****DG*1*VS*00000
ZA*QS***006*20080324
CTP**UCP*3.4
SDQ*EA*ZZ*4717*1*7063*1*7208*3
CTT*1
SE*9*0002
ST*852*0003
XQ*H*20080325
N9*AD*T00000040
LIN**IN*025395211*ZZ*43*UP*831664001252*****DG*1*VS*00000
ZA*QS***006*20080323
CTP**UCP*8
SDQ*EA*ZZ*5077*2
ZA*QS***006*20080324
CTP**UCP*8
SDQ*EA*ZZ*3194*2*3355*2*3359*1*3632*1*3644*1*3703*2*3978*1*4137*1*4189*1*4717*1
SDQ*EA*ZZ*7066*2*7132*2*7208*2*7388*1*7719*2*9571*1*9714*1
CTT*1
SE*13*0003
ST*852*0004
XQ*H*20080325
N9*AD*T00000040
LIN**IN*025397611*ZZ*43*UP*831664001245*****DG*1*VS*00000
ZA*QS***006*20080324
CTP**UCP*5.95
SDQ*EA*ZZ*3701*2*4189*1*4723*1*7066*2*7558*1*9714*2
LIN**IN*025397611*ZZ*43*UP*831664001245*****DG*3*VS*00000
ZA*QS***006*20080324
CTP**UCP*5.95
SDQ*EA*ZZ*3703*3*4033*1*4103*1*7208*3*7274*2
LIN**IN*025397611*ZZ*43*UP*831664001245*****DG*8*VS*00000
ZA*QS***006*20080324
CTP**UCP*5.95
SDQ*EA*ZZ*7362*2
CTT*3
SE*17*0004
ST*852*0005
XQ*H*20080325
N9*AD*T00000040
LIN**IN*025412011*ZZ*43*UP*831664001276*****DG*1*VS*00000
ZA*QS***006*20080324
CTP**UCP*2.45
SDQ*EA*ZZ*7208*1
CTT*1
SE*9*0005
ST*852*0006
XQ*H*20080325
N9*AD*T00000040
LIN**IN*039868311*ZZ*43*UP*831664001405*****DG*1*VS*00000
ZA*QS***006*20080324
CTP**UCP*2.95
SDQ*EA*ZZ*4103*5*4244*3*4308*2*4717*1*4719*2*4760*1*7076*1*7132*2*7154*1
CTT*1
SE*9*0006
ST*852*0007
XQ*H*20080325
N9*AD*T00000040
LIN**IN*053241411*ZZ*43*UP*831664001313*****DG*1*VS*00000
ZA*QS***006*20080324
CTP**UCP*1.44
SDQ*EA*ZZ*3223*2*3632*4*3701*1*3703*1*3925*1*4103*2*4189*3*4970*1*7208*6*7718*1
SDQ*EA*ZZ*7719*2*7754*3*9648*4
CTT*1
SE*10*0007
ST*852*0008
XQ*H*20080325
N9*AD*T00000040
LIN**IN*096901811*ZZ*43*UP*831664001122*****DG*1*VS*00000
ZA*QS***006*20080324
CTP**UCP*4.85
SDQ*EA*ZZ*4189*2*4308*3*7558*1*9217*1
CTT*1
SE*9*0008
ST*852*0009
XQ*H*20080325
N9*AD*T00000040
LIN**IN*097065711*ZZ*43*UP*831664000842*****DG*1*VS*00000
ZA*QS***006*20080323
CTP**UCP*6.6
SDQ*EA*ZZ*5014*1
ZA*QS***006*20080324
CTP**UCP*6.6
SDQ*EA*ZZ*3223*1*3646*5*3822*3*4016*1*4033*2*4244*7*4739*2*4758*2*4866*2*4970*3
SDQ*EA*ZZ*7076*1*7132*4*7255*3*7276*1*7351*2*9728*1
LIN**IN*097065711*ZZ*43*UP*831664000842*****DG*3*VS*00000
ZA*QS***006*20080324
CTP**UCP*6.6
SDQ*EA*ZZ*4137*1
LIN**IN*097065711*ZZ*43*UP*831664000842*****DG*8*VS*00000
ZA*QS***006*20080324
CTP**UCP*6.6
SDQ*EA*ZZ*4883*4
CTT*3
SE*21*0009
ST*852*0010
XQ*H*20080325
N9*AD*T00000040
LIN**IN*097095611*ZZ*43*UP*831664000019*****DG*1*VS*00000
ZA*QS***006*20080323
CTP**UCP*1.2
SDQ*EA*ZZ*5014*6*5066*22*5077*32
LIN**IN*097095611*ZZ*43*UP*831664000019*****DG*3*VS*00000
ZA*QS***006*20080323
CTP**UCP*1.2
SDQ*EA*ZZ*5070*10
LIN**IN*097095611*ZZ*43*UP*831664000019*****DG*1*VS*00000
ZA*QS***006*20080324
CTP**UCP*1.2
SDQ*EA*ZZ*3022*1*3253*4*4137*1
LIN**IN*097095611*ZZ*43*UP*831664000019*****DG*3*VS*00000
ZA*QS***006*20080324
CTP**UCP*1.2
SDQ*EA*ZZ*3063*2*3083*7*3194*4*3223*13*3240*1*3289*1*3355*4*3359*8*3632*7*3645*11
SDQ*EA*ZZ*3661*4*3672*10*3675*4*3715*6*3808*3*3836*11*3848*8*3852*2*3876*2*3925*12
SDQ*EA*ZZ*3931*2*3939*3*3941*2*3957*4*3967*9*3975*6*4016*26*4033*1*4093*1*4103*17
SDQ*EA*ZZ*4122*1*4189*22*4198*11*4202*19*4308*6*4475*1*4717*10*4719*11*4723*5*4739*2
SDQ*EA*ZZ*4757*3*4758*3*4760*2*4769*18*4777*6*4817*4*4866*4*4898*1*4970*15*7043*3
SDQ*EA*ZZ*7064*2*7066*7*7154*4*7208*17*7278*2*7407*13*7460*1*7558*5*7610*1*7718*10
SDQ*EA*ZZ*7719*10*7754*5*9513*1*9563*1*9620*1*9621*1*9629*1*9648*8*9657*6*9714*20
CTT*4
SE*27*0010
ST*852*0011
XQ*H*20080325
N9*AD*T00000040
LIN**IN*097095811*ZZ*43*UP*831664000699*****DG*1*VS*00000
ZA*QS***006*20080324
CTP**UCP*.92
SDQ*EA*ZZ*3084*1*3143*1*3408*1*3632*1*3852*8*4137*2*4717*11*4758*4*4970*4*7278*2
SDQ*EA*ZZ*7351*1*7407*4*7718*5*7719*3
CTT*1
SE*10*0011
ST*852*0012
XQ*H*20080325
N9*AD*T00000040
LIN**IN*097096011*ZZ*43*UP*831664000682*****DG*1*VS*00000
ZA*QS***006*20080324
CTP**UCP*1.4
SDQ*EA*ZZ*3632*2*7208*1*7718*2
CTT*1
SE*9*0012
ST*852*0013
XQ*H*20080325
N9*AD*T00000040
LIN**IN*097096111*ZZ*43*UP*831664000330*****DG*1*VS*00000
ZA*QS***006*20080324
CTP**UCP*2
SDQ*EA*ZZ*3701*5*3975*1
CTT*1
SE*9*0013
ST*852*0014
XQ*H*20080325
N9*AD*T00000040
LIN**IN*097096211*ZZ*43*UP*831664000941*****DG*1*VS*00000
ZA*QS***006*20080324
CTP**UCP*2.45
SDQ*EA*ZZ*7208*2
CTT*1
SE*9*0014
ST*852*0015
XQ*H*20080325
N9*AD*T00000040
LIN**IN*097096311*ZZ*43*UP*831664000743*****DG*1*VS*00000
ZA*QS***006*20080324
CTP**UCP*2.95
SDQ*EA*ZZ*3083*2*3675*1*3701*2*3808*4*3836*2*3925*3*3939*1*4189*3*7208*1*7274*1
SDQ*EA*ZZ*7278*2*7358*1*7407*2*7718*1*7719*11
LIN**IN*097096311*ZZ*43*UP*831664000743*****DG*4*VS*00000
ZA*QS***006*20080324
CTP**UCP*2.95
SDQ*EA*ZZ*9217*1
CTT*2
SE*14*0015
ST*852*0016
XQ*H*20080325
N9*AD*T00000040
LIN**IN*097096411*ZZ*43*UP*831664000453*****DG*1*VS*00000
ZA*QS***006*20080323
CTP**UCP*4.8
SDQ*EA*ZZ*5070*2
LIN**IN*097096411*ZZ*43*UP*831664000453*****DG*3*VS*00000
ZA*QS***006*20080324
CTP**UCP*4.8
SDQ*EA*ZZ*3143*2*3223*1*3289*1*3355*1*3359*1*3703*2*3715*1*3848*1*3957*3*3975*2
SDQ*EA*ZZ*4033*2*4122*3*4189*2*4866*2*7076*1*7132*5*7278*2*7351*1*7407*1*7718*1
SDQ*EA*ZZ*9571*2*9622*1*9629*1
CTT*2
SE*15*0016
ST*852*0017
XQ*H*20080325
N9*AD*T00000040
LIN**IN*097096511*ZZ*43*UP*831664000460*****DG*1*VS*00000
ZA*QS***006*20080323
CTP**UCP*5.95
SDQ*EA*ZZ*5070*2
ZA*QS***006*20080324
CTP**UCP*5.95
SDQ*EA*ZZ*3194*2*3701*1*4137*4*4198*5*4970*1*9217*1*9571*1*9620*1*9714*1
LIN**IN*097096511*ZZ*43*UP*831664000460*****DG*3*VS*00000
ZA*QS***006*20080324
CTP**UCP*5.95
SDQ*EA*ZZ*3143*1*4016*2*4103*5*4719*1*4739*1*4758*1*7043*3*7132*1*7208*1*7407*3
SDQ*EA*ZZ*9560*1
CTT*2
SE*17*0017
ST*852*0018
XQ*H*20080325
N9*AD*T00000040
LIN**IN*097096711*ZZ*43*UP*831664000484*****DG*1*VS*00000
ZA*QS***006*20080323
CTP**UCP*8
SDQ*EA*ZZ*5070*2
ZA*QS***006*20080324
CTP**UCP*8
SDQ*EA*ZZ*3632*2*4093*1*7358*1*7626*1*9714*1
CTT*1
SE*12*0018
GE*18*293
IEA*1*000000293
*** SUPERTRACS READY FOR INPUT
