ISA*00*          *00*          *09*006985290EFT   *12*6154525825     *050926*1440*U*00400*000100300*0*P*>
GS*RA*006985290EFT*6154525825*20050926*14401249*100209*X*004010
ST*820*000000001
BPR*I*537.81*C*ACH*CCP*01*021000018*DA*0300955622*9008965873**01*064102601*DA*3000289*20050927*VEN
TRN*3*770140682*9008965873
DTM*097*20050926
N1*PR*KMART CORPORATION*1*008965873
N1*PE*YOUNGS FARMS*92*00069099588
N1*SE*YOUNGS FARMS*92*00069099588
ENT*1
RMR*IK*310320050831*PI*45*45*0
REF*PO*0020050901
REF*ST*03103
REF*DP*043
DTM*999*20050831
RMR*IK*364620050831*PI*4.2*4.2*0
REF*PO*0020050901
REF*ST*03646
REF*DP*043
DTM*999*20050831
RMR*IK*370320050826*PI*16.8*16.8*0
REF*PO*0020050827
REF*ST*03703
REF*DP*043
DTM*999*20050826
RMR*IK*370320050827*PI*55.65*55.65*0
REF*PO*0020050828
REF*ST*03703
REF*DP*043
DTM*999*20050827
RMR*IK*370320050828*PI*43.8*43.8*0
REF*PO*0020050829
REF*ST*03703
REF*DP*043
DTM*999*20050828
RMR*IK*370320050829*PI*42.15*42.15*0
REF*PO*0020050830
REF*ST*03703
REF*DP*043
DTM*999*20050829
RMR*IK*370320050831*PI*37.95*37.95*0
REF*PO*0020050901
REF*ST*03703
REF*DP*043
DTM*999*20050831
RMR*IK*382220050831*PI*2.1*2.1*0
REF*PO*0020050901
REF*ST*03822
REF*DP*043
DTM*999*20050831
RMR*IK*394120050831*PI*29.4*29.4*0
REF*PO*0020050901
REF*ST*03941
REF*DP*043
DTM*999*20050831
RMR*IK*409320050831*PI*46.35*46.35*0
REF*PO*0020050901
REF*ST*04093
REF*DP*043
DTM*999*20050831
RMR*IK*424420050827*PI*6.6*6.6*0
REF*PO*0020050828
REF*ST*04244
REF*DP*043
DTM*999*20050827
RMR*IK*424420050828*PI*3.3*3.3*0
REF*PO*0020050829
REF*ST*04244
REF*DP*043
DTM*999*20050828
RMR*IK*473920050831*PI*23.55*23.55*0
REF*PO*0020050901
REF*ST*04739
REF*DP*043
DTM*999*20050831
RMR*IK*475320050831*PI*4.2*4.2*0
REF*PO*0020050901
REF*ST*04753
REF*DP*043
DTM*999*20050831
RMR*IK*481720050916*PI*-9*-9*0
REF*PO*0020050917
REF*ST*04817
REF*DP*043
DTM*999*20050916
RMR*IK*706920050825*PI*3*3*0
REF*PO*0020050826
REF*ST*07069
REF*DP*043
DTM*999*20050825
RMR*IK*706920050827*PI*12*12*0
REF*PO*0020050828
REF*ST*07069
REF*DP*043
DTM*999*20050827
RMR*IK*706920050828*PI*12*12*0
REF*PO*0020050829
REF*ST*07069
REF*DP*043
DTM*999*20050828
RMR*IK*706920050829*PI*1.65*1.65*0
REF*PO*0020050830
REF*ST*07069
REF*DP*043
DTM*999*20050829
RMR*IK*718420050828*PI*1.16*1.16*0
REF*PO*0020050829
REF*ST*07184
REF*DP*043
DTM*999*20050828
RMR*IK*718420050918*PI*-2.1*-2.1*0
REF*PO*0020050920
REF*ST*07184
REF*DP*043
DTM*999*20050918
RMR*IK*725520050831*PI*27.3*27.3*0
REF*PO*0020050901
REF*ST*07255
REF*DP*043
DTM*999*20050831
RMR*IK*735820050825*PI*20.4*20.4*0
REF*PO*0020050826
REF*ST*07358
REF*DP*043
DTM*999*20050825
RMR*IK*735820050826*PI*4.5*4.5*0
REF*PO*0020050827
REF*ST*07358
REF*DP*043
DTM*999*20050826
RMR*IK*735820050827*PI*14.4*14.4*0
REF*PO*0020050828
REF*ST*07358
REF*DP*043
DTM*999*20050827
RMR*IK*735820050828*PI*6.9*6.9*0
REF*PO*0020050829
REF*ST*07358
REF*DP*043
DTM*999*20050828
RMR*IK*735820050831*PI*6.6*6.6*0
REF*PO*0020050901
REF*ST*07358
REF*DP*043
DTM*999*20050831
RMR*IK*746020050828*PI*38.4*38.4*0
REF*PO*0020050829
REF*ST*07460
REF*DP*043
DTM*999*20050828
RMR*IK*746120050831*PI*2.1*2.1*0
REF*PO*0020050901
REF*ST*07461
REF*DP*043
DTM*999*20050831
RMR*IK*763720050827*PI*4*4*0
REF*PO*0020050828
REF*ST*07637
REF*DP*043
DTM*999*20050827
RMR*IK*763720050831*PI*2.8*2.8*0
REF*PO*0020050901
REF*ST*07637
REF*DP*043
DTM*999*20050831
RMR*IK*962120050831*PI*2.1*2.1*0
REF*PO*0020050901
REF*ST*09621
REF*DP*043
DTM*999*20050831
RMR*IK*963320050826*PI*10.5*10.5*0
REF*PO*0020050827
REF*ST*09633
REF*DP*043
DTM*999*20050826
RMR*IK*963320050827*PI*18.05*18.05*0
REF*PO*0020050828
REF*ST*09633
REF*DP*043
DTM*999*20050827
SE*179*000000001
GE*1*100209
IEA*1*000100300
ISA*00*          *00*          *09*006985290AC    *12*6154525825     *050927*0421*U*00400*000000856*0*P*>
GS*PD*006985290AC*6154525825*20050927*04211862*233*X*004010
ST*852*000000001
XQ*H*20050927
N9*AD*T00000040
LIN**CB*970956116*ZZ*43*UP*831664000019*****DG*1*VS*00000
ZA*QS***006*20050926
CTP**UCP*1.03
SDQ*EA*ZZ*3084*4*3103*2*3143*12*3194*12*3408*4*3644*3*3646*29*3672*3*3703*10*3713*8
SDQ*EA*ZZ*3715*9*3822*6*3836*8*3876*22*3941*2*3996*14*4071*14*4093*66*4213*28*4244*24
SDQ*EA*ZZ*4312*8*4475*3*4719*9*4739*2*4753*6*4835*2*4898*3*7045*10*7064*10*7066*11
SDQ*EA*ZZ*7069*29*7076*1*7184*6*7255*6*7358*18*7460*17*7461*15*7607*21*7610*11*7637*11
SDQ*EA*ZZ*7719*9*9620*4*9621*12*9629*7*9633*15*9648*4*9674*11*9728*4
LIN**CB*970956116*ZZ*43*UP*831664000019*****DG*3*VS*00000
ZA*QS***006*20050926
CTP**UCP*1.03
SDQ*EA*ZZ*7362*1
CTT*2
SE*17*000000001
ST*852*000000002
XQ*H*20050927
N9*AD*T00000040
LIN**CB*970957114*ZZ*43*UP*831664000255*****DG*1*VS*00000
ZA*QS***006*20050926
CTP**UCP*.58
SDQ*EA*ZZ*3703*5*7358*1
CTT*1
SE*9*000000002
ST*852*000000003
XQ*H*20050927
N9*AD*T00000040
LIN**CB*970961116*ZZ*43*UP*831664000330*****DG*1*VS*00000
ZA*QS***006*20050926
CTP**UCP*.75
SDQ*EA*ZZ*7461*4*9674*1
CTT*1
SE*9*000000003
ST*852*000000004
XQ*H*20050927
N9*AD*T00000040
LIN**CB*970976114*ZZ*43*UP*831664000514*****DG*1*VS*00000
ZA*QS***006*20050926
CTP**UCP*1.25
SDQ*EA*ZZ*3103*11*3143*5*3241*6*3422*3*3644*14*3685*2*3758*1*3759*5*3812*3*3836*2
SDQ*EA*ZZ*3941*1*3966*7*3978*4*4048*1*4093*7*4213*2*4244*3*4312*4*4717*3*4719*2
SDQ*EA*ZZ*4720*1*4753*2*4883*2*4898*3*4970*5*7021*9*7184*3*7255*7*7358*4*7460*4
SDQ*EA*ZZ*7461*1*7543*4*7610*2*7718*5*7719*6*9331*5*9334*1*9338*2*9353*1*9532*2
SDQ*EA*ZZ*9629*4*9633*2*9674*1*9680*3
LIN**CB*970976114*ZZ*43*UP*831664000514*****DG*5*VS*00000
ZA*QS***006*20050926
CTP**UCP*1.25
SDQ*EA*ZZ*3759*6
CTT*2
SE*17*000000004
ST*852*000000005
XQ*H*20050927
N9*AD*T00000040
LIN**CB*970977112*ZZ*43*UP*831664000521*****DG*1*VS*00000
ZA*QS***006*20050926
CTP**UCP*2.1
SDQ*EA*ZZ*3083*10*3084*16*3103*4*3143*42*3194*4*3359*6*3408*3*3602*2*3644*5*3646*11
SDQ*EA*ZZ*3660*7*3672*10*3685*12*3703*11*3713*2*3715*13*3836*7*3848*5*3929*7*3941*14
SDQ*EA*ZZ*3966*16*3978*17*4071*4*4093*11*4103*9*4244*19*4308*6*4312*7*4719*22*4753*9
SDQ*EA*ZZ*4769*15*4883*10*4970*1*7045*12*7059*1*7064*6*7066*16*7069*6*7132*8*7146*1
SDQ*EA*ZZ*7154*5*7184*6*7255*10*7358*13*7362*1*7460*1*7461*6*7607*16*7610*2*7629*6
SDQ*EA*ZZ*7637*2*7718*12*7719*1*9331*2*9620*11*9621*9*9629*3*9633*1*9648*25*9674*2
SDQ*EA*ZZ*9680*1*9758*2
CTT*1
SE*15*000000005
ST*852*000000006
XQ*H*20050927
N9*AD*T00000040
LIN**CB*970978110*ZZ*43*UP*831664000538*****DG*1*VS*00000
ZA*QS***006*20050926
CTP**UCP*6.75
SDQ*EA*ZZ*3084*1*3359*1*3646*2*3703*2*3713*1*3822*2*3966*7*3978*2*3996*4*4071*2
SDQ*EA*ZZ*4093*2*4244*8*4719*2*4883*1*7066*1*7069*1*7146*5*7154*1*7184*2*7358*3
SDQ*EA*ZZ*7610*2*7719*1*9571*1*9621*2*9622*1*9648*4*9728*2
LIN**CB*970978110*ZZ*43*UP*831664000538*****DG*5*VS*00000
ZA*QS***006*20050926
CTP**UCP*6.75
SDQ*EA*ZZ*4308*4
CTT*2
SE*15*000000006
GE*6*233
IEA*1*000000856
*** SUPERTRACS READY FOR INPUT
