ISA*00*          *00*          *09*006985290EFT   *12*6154525825     *060304*0301*U*00400*001000011*0*P*>
GS*RA*006985290EFT*6154525825*20060304*0301*1000011*X*004010
ST*820*0001
BPR*I*29.95*C*ACH*CCP*01*021000018*DA*0300955622*9008965873**01*064102601*DA*3000289*20060307*VEN
TRN*3*770163854*9008965873
DTM*097*20060304
N1*PR*KMART CORPORATION*1*008965873
N1*PE*YOUNGS FARMS*92*00069099588
N1*SE*YOUNGS FARMS*92*00069099588
ENT*1
RMR*IK*308420060208*PI*15.3*15.3*0
REF*PO*0020060209
REF*ST*03084
REF*DP*043
DTM*999*20060208
RMR*IK*370320060208*PI*5.75*5.75*0
REF*PO*0020060209
REF*ST*03703
REF*DP*043
DTM*999*20060208
RMR*IK*409320060208*PI*5.75*5.75*0
REF*PO*0020060209
REF*ST*04093
REF*DP*043
DTM*999*20060208
RMR*IK*921720060227*PI*-3.65*-3.65*0
REF*PO*0020060228
REF*ST*09217
REF*DP*043
DTM*999*20060227
RMR*IK*962220060206*PI*1.05*1.05*0
REF*PO*0020060207
REF*ST*09622
REF*DP*043
DTM*999*20060206
RMR*IK*972820060208*PI*5.75*5.75*0
REF*PO*0020060209
REF*ST*09728
REF*DP*043
DTM*999*20060208
SE*39*0001
GE*1*1000011
IEA*1*001000011
ISA*00*          *00*          *09*006985290AC    *12*6154525825     *060307*0520*U*00400*001000059*0*P*>
GS*PD*006985290AC*6154525825*20060307*0520*1000059*X*004010
ST*852*0001
XQ*H*20060307
N9*AD*T00000040
LIN**CB*969018118*ZZ*43*UP*831664001122*****DG*1*VS*00000
ZA*QS***006*20060305
CTP**UCP*4.5
SDQ*EA*ZZ*5077*1
ZA*QS***006*20060306
CTP**UCP*4.5
SDQ*EA*ZZ*3975*1*7066*1*9217*1
CTT*1
SE*12*0001
ST*852*0002
XQ*H*20060307
N9*AD*T00000040
LIN**CB*970657110*ZZ*43*UP*831664000842*****DG*1*VS*00000
ZA*QS***006*20060305
CTP**UCP*5.75
SDQ*EA*ZZ*5070*4*5077*2
ZA*QS***006*20060306
CTP**UCP*5.75
SDQ*EA*ZZ*3063*4*3084*1*3289*3*3355*2*3644*2*3675*4*3685*1*3701*8*3703*2*3876*2
SDQ*EA*ZZ*3929*2*3939*2*3975*5*3978*1*3994*1*3996*1*4071*1*4103*2*4189*2*4198*3
SDQ*EA*ZZ*4489*9*4723*1*4760*2*4883*1*4970*3*7069*2*7076*2*7132*3*7146*2*7184*2
SDQ*EA*ZZ*7358*9*7362*3*7607*3*7629*2*7718*3*7719*2*9620*2*9622*2*9629*2*9639*3
SDQ*EA*ZZ*9714*6
LIN**CB*970657110*ZZ*43*UP*831664000842*****DG*5*VS*00000
ZA*QS***006*20060306
CTP**UCP*5.75
SDQ*EA*ZZ*9620*1
CTT*2
SE*20*0002
ST*852*0003
XQ*H*20060307
N9*AD*T00000040
LIN**CB*970956116*ZZ*43*UP*831664000019*****DG*1*VS*00000
ZA*QS***006*20060305
CTP**UCP*1.05
SDQ*EA*ZZ*5066*9*5077*5
LIN**CB*970956116*ZZ*43*UP*831664000019*****DG*3*VS*00000
ZA*QS***006*20060305
CTP**UCP*1.05
SDQ*EA*ZZ*5070*16
ZA*QS***006*20060306
CTP**UCP*1.05
SDQ*EA*ZZ*3063*13*3082*9*3083*2*3084*3*3143*20*3194*4*3219*3*3223*15*3289*8*3348*4
SDQ*EA*ZZ*3355*12*3359*10*3408*14*3602*16*3646*38*3660*9*3661*23*3672*8*3675*15*3685*2
SDQ*EA*ZZ*3701*19*3703*15*3713*5*3836*5*3848*36*3876*7*3905*32*3931*4*3939*17*3957*9
SDQ*EA*ZZ*3966*6*3975*11*3978*5*3991*29*3994*1*3996*7*4071*24*4093*1*4103*3*4122*7
SDQ*EA*ZZ*4189*56*4198*6*4244*11*4308*3*4312*6*4475*13*4489*37*4717*3*4719*20*4723*15
SDQ*EA*ZZ*4760*16*4769*8*4817*10*4835*3*4883*2*4898*7*4970*23*7028*4*7045*3*7059*7
SDQ*EA*ZZ*7064*6*7066*23*7069*8*7076*10*7132*6*7146*20*7154*9*7184*4*7358*14*7360*11
SDQ*EA*ZZ*7362*12*7388*4*7460*13*7461*4*7558*4*7607*9*7610*10*7629*11*7718*21*7719*33
SDQ*EA*ZZ*9217*6*9560*7*9571*3*9620*17*9621*8*9622*8*9625*2*9629*11*9639*11*9648*17
SDQ*EA*ZZ*9674*1*9714*50*9728*4*9735*2
CTT*2
SE*25*0003
ST*852*0004
XQ*H*20060307
N9*AD*T00000040
LIN**CB*970959110*ZZ*43*UP*831664000675*****DG*1*VS*00000
ZA*QS***006*20060305
CTP**UCP*1.9
SDQ*EA*ZZ*5070*4*5077*2
ZA*QS***006*20060306
CTP**UCP*1.9
SDQ*EA*ZZ*3219*2*3223*8*3359*1*3660*1*3672*1*3701*3*3848*1*3939*8*3957*1*3975*6
SDQ*EA*ZZ*3991*7*4312*1*4475*1*4489*2*4835*1*7028*6*7066*3*7154*1*7184*6*7360*5
SDQ*EA*ZZ*7362*4*7558*2*7629*3*7718*2*7719*17*9217*1*9648*4*9714*14
CTT*1
SE*14*0004
ST*852*0005
XQ*H*20060307
N9*AD*T00000040
LIN**CB*970961116*ZZ*43*UP*831664000330*****DG*1*VS*00000
ZA*QS***006*20060306
CTP**UCP*1.9
SDQ*EA*ZZ*3083*4*3289*2*3701*7*3939*8*3991*3*3994*2*4189*5*4489*1*4760*1*7059*2
SDQ*EA*ZZ*7388*2*7558*1*7719*4
CTT*1
SE*10*0005
ST*852*0006
XQ*H*20060307
N9*AD*T00000040
LIN**CB*970962114*ZZ*43*UP*831664000941*****DG*1*VS*00000
ZA*QS***006*20060305
CTP**UCP*2.3
SDQ*EA*ZZ*5070*3
ZA*QS***006*20060306
CTP**UCP*2.3
SDQ*EA*ZZ*3701*4*4489*3*7719*4*9714*3
CTT*1
SE*12*0006
ST*852*0007
XQ*H*20060307
N9*AD*T00000040
LIN**CB*970965117*ZZ*43*UP*831664000460*****DG*1*VS*00000
ZA*QS***006*20060305
CTP**UCP*5.6
SDQ*EA*ZZ*5077*1
ZA*QS***006*20060306
CTP**UCP*5.6
SDQ*EA*ZZ*3223*1*3661*1*3672*1*3675*1*3701*4*3848*1*3978*2*7184*2*7558*1*7718*2
SDQ*EA*ZZ*7719*2*9217*2*9620*2*9639*1*9714*1
CTT*1
SE*13*0007
ST*852*0008
XQ*H*20060307
N9*AD*T00000040
LIN**CB*970967113*ZZ*43*UP*831664000484*****DG*1*VS*00000
ZA*QS***006*20060305
CTP**UCP*7.65
SDQ*EA*ZZ*5077*2
ZA*QS***006*20060306
CTP**UCP*7.65
SDQ*EA*ZZ*3082*1*3289*2*3359*2*3701*2*3929*1*3957*1*3978*2*4189*1*4198*1*4723*1
SDQ*EA*ZZ*7028*4*7132*1*7558*2*7719*2*9217*3*9629*1*9728*1
CTT*1
SE*13*0008
GE*8*1000059
IEA*1*001000059
*** SUPERTRACS READY FOR INPUT
