ISA*00*          *00*          *09*006985290EFT   *12*6154525825     *071228*2231*U*00400*001000101*0*P*>
GS*RA*006985290EFT*6154525825*20071228*2231*1000101*X*004010
ST*820*0001
BPR*I*57556.45*C*ACH*CCP*01*021000018*DA*0300955622*9008965873**01*064102601*DA*3000289*20080101*VEN
TRN*3*770262470*9008965873
DTM*097*20071228
N1*PR*KMART CORPORATION*1*008965873
N1*PE*YOUNGS FARMS*92*00069099588
N1*SE*YOUNGS FARMS*92*00069099588
ENT*1
RMR*IK*302220071129*PI*24.6*24.6*0
REF*PO*0020071130
REF*ST*03022
REF*DP*043
DTM*999*20071129
RMR*IK*302220071130*PI*18.6*18.6*0
REF*PO*0020071201
REF*ST*03022
REF*DP*043
DTM*999*20071130
RMR*IK*302220071201*PI*40.1*40.1*0
REF*PO*0020071202
REF*ST*03022
REF*DP*043
DTM*999*20071201
RMR*IK*302220071202*PI*36.8*36.8*0
REF*PO*0020071203
REF*ST*03022
REF*DP*043
DTM*999*20071202
RMR*IK*302220071203*PI*64.9*64.9*0
REF*PO*0020071204
REF*ST*03022
REF*DP*043
DTM*999*20071203
RMR*IK*302220071204*PI*15.3*15.3*0
REF*PO*0020071205
REF*ST*03022
REF*DP*043
DTM*999*20071204
RMR*IK*302220071205*PI*6.2*6.2*0
REF*PO*0020071206
REF*ST*03022
REF*DP*043
DTM*999*20071205
RMR*IK*306320071129*PI*44.8*44.8*0
REF*PO*0020071130
REF*ST*03063
REF*DP*043
DTM*999*20071129
RMR*IK*306320071130*PI*36.8*36.8*0
REF*PO*0020071201
REF*ST*03063
REF*DP*043
DTM*999*20071130
RMR*IK*306320071201*PI*71.1*71.1*0
REF*PO*0020071202
REF*ST*03063
REF*DP*043
DTM*999*20071201
RMR*IK*306320071202*PI*45.9*45.9*0
REF*PO*0020071203
REF*ST*03063
REF*DP*043
DTM*999*20071202
RMR*IK*306320071203*PI*58.5*58.5*0
REF*PO*0020071204
REF*ST*03063
REF*DP*043
DTM*999*20071203
RMR*IK*306320071204*PI*52.1*52.1*0
REF*PO*0020071205
REF*ST*03063
REF*DP*043
DTM*999*20071204
RMR*IK*306320071205*PI*27.9*27.9*0
REF*PO*0020071206
REF*ST*03063
REF*DP*043
DTM*999*20071205
RMR*IK*308220071129*PI*76*76*0
REF*PO*0020071130
REF*ST*03082
REF*DP*043
DTM*999*20071129
RMR*IK*308220071130*PI*71.2*71.2*0
REF*PO*0020071201
REF*ST*03082
REF*DP*043
DTM*999*20071130
RMR*IK*308220071201*PI*92.5*92.5*0
REF*PO*0020071202
REF*ST*03082
REF*DP*043
DTM*999*20071201
RMR*IK*308220071202*PI*143.4*143.4*0
REF*PO*0020071203
REF*ST*03082
REF*DP*043
DTM*999*20071202
RMR*IK*308220071203*PI*183.2*183.2*0
REF*PO*0020071204
REF*ST*03082
REF*DP*043
DTM*999*20071203
RMR*IK*308220071204*PI*76.9*76.9*0
REF*PO*0020071205
REF*ST*03082
REF*DP*043
DTM*999*20071204
RMR*IK*308220071205*PI*108.5*108.5*0
REF*PO*0020071206
REF*ST*03082
REF*DP*043
DTM*999*20071205
RMR*IK*308320071129*PI*50.4*50.4*0
REF*PO*0020071130
REF*ST*03083
REF*DP*043
DTM*999*20071129
RMR*IK*308320071130*PI*64.1*64.1*0
REF*PO*0020071201
REF*ST*03083
REF*DP*043
DTM*999*20071130
RMR*IK*308320071201*PI*86.9*86.9*0
REF*PO*0020071202
REF*ST*03083
REF*DP*043
DTM*999*20071201
RMR*IK*308320071202*PI*38.9*38.9*0
REF*PO*0020071203
REF*ST*03083
REF*DP*043
DTM*999*20071202
RMR*IK*308320071203*PI*92.8*92.8*0
REF*PO*0020071204
REF*ST*03083
REF*DP*043
DTM*999*20071203
RMR*IK*308320071204*PI*45.8*45.8*0
REF*PO*0020071205
REF*ST*03083
REF*DP*043
DTM*999*20071204
RMR*IK*308320071205*PI*88.5*88.5*0
REF*PO*0020071206
REF*ST*03083
REF*DP*043
DTM*999*20071205
RMR*IK*308420071129*PI*21.5*21.5*0
REF*PO*0020071130
REF*ST*03084
REF*DP*043
DTM*999*20071129
RMR*IK*308420071130*PI*115.2*115.2*0
REF*PO*0020071201
REF*ST*03084
REF*DP*043
DTM*999*20071130
RMR*IK*308420071201*PI*71.1*71.1*0
REF*PO*0020071202
REF*ST*03084
REF*DP*043
DTM*999*20071201
RMR*IK*308420071202*PI*69.5*69.5*0
REF*PO*0020071203
REF*ST*03084
REF*DP*043
DTM*999*20071202
RMR*IK*308420071203*PI*172.8*172.8*0
REF*PO*0020071204
REF*ST*03084
REF*DP*043
DTM*999*20071203
RMR*IK*308420071204*PI*27.5*27.5*0
REF*PO*0020071205
REF*ST*03084
REF*DP*043
DTM*999*20071204
RMR*IK*308420071205*PI*149.6*149.6*0
REF*PO*0020071206
REF*ST*03084
REF*DP*043
DTM*999*20071205
RMR*IK*310320071129*PI*43.1*43.1*0
REF*PO*0020071130
REF*ST*03103
REF*DP*043
DTM*999*20071129
RMR*IK*310320071130*PI*84.5*84.5*0
REF*PO*0020071201
REF*ST*03103
REF*DP*043
DTM*999*20071130
RMR*IK*310320071201*PI*127.8*127.8*0
REF*PO*0020071202
REF*ST*03103
REF*DP*043
DTM*999*20071201
RMR*IK*310320071202*PI*50.4*50.4*0
REF*PO*0020071203
REF*ST*03103
REF*DP*043
DTM*999*20071202
RMR*IK*310320071203*PI*97.5*97.5*0
REF*PO*0020071204
REF*ST*03103
REF*DP*043
DTM*999*20071203
RMR*IK*310320071204*PI*242.4*242.4*0
REF*PO*0020071205
REF*ST*03103
REF*DP*043
DTM*999*20071204
RMR*IK*310320071205*PI*129.7*129.7*0
REF*PO*0020071206
REF*ST*03103
REF*DP*043
DTM*999*20071205
RMR*IK*314320071129*PI*103.8*103.8*0
REF*PO*0020071130
REF*ST*03143
REF*DP*043
DTM*999*20071129
RMR*IK*314320071130*PI*77.5*77.5*0
REF*PO*0020071201
REF*ST*03143
REF*DP*043
DTM*999*20071130
RMR*IK*314320071201*PI*80.7*80.7*0
REF*PO*0020071202
REF*ST*03143
REF*DP*043
DTM*999*20071201
RMR*IK*314320071202*PI*61.6*61.6*0
REF*PO*0020071203
REF*ST*03143
REF*DP*043
DTM*999*20071202
RMR*IK*314320071203*PI*79.6*79.6*0
REF*PO*0020071204
REF*ST*03143
REF*DP*043
DTM*999*20071203
RMR*IK*314320071204*PI*90.3*90.3*0
REF*PO*0020071205
REF*ST*03143
REF*DP*043
DTM*999*20071204
RMR*IK*314320071205*PI*149.3*149.3*0
REF*PO*0020071206
REF*ST*03143
REF*DP*043
DTM*999*20071205
RMR*IK*319420071129*PI*18.6*18.6*0
REF*PO*0020071130
REF*ST*03194
REF*DP*043
DTM*999*20071129
RMR*IK*319420071130*PI*87.6*87.6*0
REF*PO*0020071201
REF*ST*03194
REF*DP*043
DTM*999*20071130
RMR*IK*319420071201*PI*74.8*74.8*0
REF*PO*0020071202
REF*ST*03194
REF*DP*043
DTM*999*20071201
RMR*IK*319420071202*PI*44.2*44.2*0
REF*PO*0020071203
REF*ST*03194
REF*DP*043
DTM*999*20071202
RMR*IK*319420071203*PI*85.7*85.7*0
REF*PO*0020071204
REF*ST*03194
REF*DP*043
DTM*999*20071203
RMR*IK*319420071204*PI*58.9*58.9*0
REF*PO*0020071205
REF*ST*03194
REF*DP*043
DTM*999*20071204
RMR*IK*319420071205*PI*56.8*56.8*0
REF*PO*0020071206
REF*ST*03194
REF*DP*043
DTM*999*20071205
RMR*IK*321920071129*PI*12*12*0
REF*PO*0020071201
REF*ST*03219
REF*DP*043
DTM*999*20071129
RMR*IK*321920071129*PI*39.9*39.9*0
REF*PO*0020071130
REF*ST*03219
REF*DP*043
DTM*999*20071129
RMR*IK*321920071130*PI*9.3*9.3*0
REF*PO*0020071201
REF*ST*03219
REF*DP*043
DTM*999*20071130
RMR*IK*321920071201*PI*95.5*95.5*0
REF*PO*0020071202
REF*ST*03219
REF*DP*043
DTM*999*20071201
RMR*IK*321920071202*PI*83.7*83.7*0
REF*PO*0020071203
REF*ST*03219
REF*DP*043
DTM*999*20071202
RMR*IK*321920071203*PI*31*31*0
REF*PO*0020071204
REF*ST*03219
REF*DP*043
DTM*999*20071203
RMR*IK*321920071204*PI*6.2*6.2*0
REF*PO*0020071205
REF*ST*03219
REF*DP*043
DTM*999*20071204
RMR*IK*321920071205*PI*12.2*12.2*0
REF*PO*0020071206
REF*ST*03219
REF*DP*043
DTM*999*20071205
RMR*IK*322320071129*PI*52.7*52.7*0
REF*PO*0020071130
REF*ST*03223
REF*DP*043
DTM*999*20071129
RMR*IK*322320071130*PI*83.7*83.7*0
REF*PO*0020071201
REF*ST*03223
REF*DP*043
DTM*999*20071130
RMR*IK*322320071201*PI*159.4*159.4*0
REF*PO*0020071202
REF*ST*03223
REF*DP*043
DTM*999*20071201
RMR*IK*322320071202*PI*174.6*174.6*0
REF*PO*0020071203
REF*ST*03223
REF*DP*043
DTM*999*20071202
RMR*IK*322320071203*PI*122.6*122.6*0
REF*PO*0020071204
REF*ST*03223
REF*DP*043
DTM*999*20071203
RMR*IK*322320071204*PI*150.1*150.1*0
REF*PO*0020071205
REF*ST*03223
REF*DP*043
DTM*999*20071204
RMR*IK*322320071205*PI*3.1*3.1*0
REF*PO*0020071207
REF*ST*03223
REF*DP*043
DTM*999*20071205
RMR*IK*322320071205*PI*182.1*182.1*0
REF*PO*0020071206
REF*ST*03223
REF*DP*043
DTM*999*20071205
RMR*IK*328920071130*PI*3.1*3.1*0
REF*PO*0020071201
REF*ST*03289
REF*DP*043
DTM*999*20071130
RMR*IK*328920071201*PI*18.4*18.4*0
REF*PO*0020071202
REF*ST*03289
REF*DP*043
DTM*999*20071201
RMR*IK*328920071202*PI*34.1*34.1*0
REF*PO*0020071203
REF*ST*03289
REF*DP*043
DTM*999*20071202
RMR*IK*328920071203*PI*67.6*67.6*0
REF*PO*0020071204
REF*ST*03289
REF*DP*043
DTM*999*20071203
RMR*IK*328920071204*PI*31*31*0
REF*PO*0020071205
REF*ST*03289
REF*DP*043
DTM*999*20071204
RMR*IK*328920071205*PI*12.4*12.4*0
REF*PO*0020071206
REF*ST*03289
REF*DP*043
DTM*999*20071205
RMR*IK*334820071129*PI*34.1*34.1*0
REF*PO*0020071130
REF*ST*03348
REF*DP*043
DTM*999*20071129
RMR*IK*334820071130*PI*80.6*80.6*0
REF*PO*0020071201
REF*ST*03348
REF*DP*043
DTM*999*20071130
RMR*IK*334820071201*PI*31*31*0
REF*PO*0020071202
REF*ST*03348
REF*DP*043
DTM*999*20071201
RMR*IK*334820071202*PI*57.8*57.8*0
REF*PO*0020071203
REF*ST*03348
REF*DP*043
DTM*999*20071202
RMR*IK*334820071203*PI*43.4*43.4*0
REF*PO*0020071204
REF*ST*03348
REF*DP*043
DTM*999*20071203
RMR*IK*334820071204*PI*58.7*58.7*0
REF*PO*0020071205
REF*ST*03348
REF*DP*043
DTM*999*20071204
RMR*IK*334820071205*PI*27.9*27.9*0
REF*PO*0020071206
REF*ST*03348
REF*DP*043
DTM*999*20071205
RMR*IK*335520071129*PI*30.6*30.6*0
REF*PO*0020071130
REF*ST*03355
REF*DP*043
DTM*999*20071129
RMR*IK*335520071130*PI*70.9*70.9*0
REF*PO*0020071201
REF*ST*03355
REF*DP*043
DTM*999*20071130
RMR*IK*335520071201*PI*265.7*265.7*0
REF*PO*0020071202
REF*ST*03355
REF*DP*043
DTM*999*20071201
RMR*IK*335520071202*PI*173*173*0
REF*PO*0020071203
REF*ST*03355
REF*DP*043
DTM*999*20071202
RMR*IK*335520071203*PI*115.3*115.3*0
REF*PO*0020071204
REF*ST*03355
REF*DP*043
DTM*999*20071203
RMR*IK*335520071204*PI*85.8*85.8*0
REF*PO*0020071205
REF*ST*03355
REF*DP*043
DTM*999*20071204
RMR*IK*335520071205*PI*100.4*100.4*0
REF*PO*0020071206
REF*ST*03355
REF*DP*043
DTM*999*20071205
RMR*IK*335920071129*PI*37.6*37.6*0
REF*PO*0020071130
REF*ST*03359
REF*DP*043
DTM*999*20071129
RMR*IK*335920071130*PI*61*61*0
REF*PO*0020071201
REF*ST*03359
REF*DP*043
DTM*999*20071130
RMR*IK*335920071201*PI*83.7*83.7*0
REF*PO*0020071202
REF*ST*03359
REF*DP*043
DTM*999*20071201
RMR*IK*335920071202*PI*41.3*41.3*0
REF*PO*0020071203
REF*ST*03359
REF*DP*043
DTM*999*20071202
RMR*IK*335920071203*PI*44.2*44.2*0
REF*PO*0020071204
REF*ST*03359
REF*DP*043
DTM*999*20071203
RMR*IK*335920071204*PI*53.3*53.3*0
REF*PO*0020071205
REF*ST*03359
REF*DP*043
DTM*999*20071204
RMR*IK*335920071205*PI*82.9*82.9*0
REF*PO*0020071206
REF*ST*03359
REF*DP*043
DTM*999*20071205
RMR*IK*340820071129*PI*43.2*43.2*0
REF*PO*0020071130
REF*ST*03408
REF*DP*043
DTM*999*20071129
RMR*IK*340820071130*PI*90.3*90.3*0
REF*PO*0020071201
REF*ST*03408
REF*DP*043
DTM*999*20071130
RMR*IK*340820071201*PI*145.7*145.7*0
REF*PO*0020071202
REF*ST*03408
REF*DP*043
DTM*999*20071201
RMR*IK*340820071202*PI*93.9*93.9*0
REF*PO*0020071203
REF*ST*03408
REF*DP*043
DTM*999*20071202
RMR*IK*340820071203*PI*102*102*0
REF*PO*0020071204
REF*ST*03408
REF*DP*043
DTM*999*20071203
RMR*IK*340820071204*PI*102.3*102.3*0
REF*PO*0020071205
REF*ST*03408
REF*DP*043
DTM*999*20071204
RMR*IK*340820071205*PI*120.7*120.7*0
REF*PO*0020071206
REF*ST*03408
REF*DP*043
DTM*999*20071205
RMR*IK*360220071129*PI*18.6*18.6*0
REF*PO*0020071130
REF*ST*03602
REF*DP*043
DTM*999*20071129
RMR*IK*360220071130*PI*18.6*18.6*0
REF*PO*0020071201
REF*ST*03602
REF*DP*043
DTM*999*20071130
RMR*IK*360220071201*PI*46.3*46.3*0
REF*PO*0020071202
REF*ST*03602
REF*DP*043
DTM*999*20071201
RMR*IK*360220071202*PI*105.2*105.2*0
REF*PO*0020071203
REF*ST*03602
REF*DP*043
DTM*999*20071202
RMR*IK*360220071203*PI*37.2*37.2*0
REF*PO*0020071204
REF*ST*03602
REF*DP*043
DTM*999*20071203
RMR*IK*360220071204*PI*6.2*6.2*0
REF*PO*0020071205
REF*ST*03602
REF*DP*043
DTM*999*20071204
RMR*IK*360220071205*PI*43*43*0
REF*PO*0020071206
REF*ST*03602
REF*DP*043
DTM*999*20071205
RMR*IK*364420071129*PI*24.8*24.8*0
REF*PO*0020071130
REF*ST*03644
REF*DP*043
DTM*999*20071129
RMR*IK*364420071130*PI*39.9*39.9*0
REF*PO*0020071201
REF*ST*03644
REF*DP*043
DTM*999*20071130
RMR*IK*364420071201*PI*83.6*83.6*0
REF*PO*0020071202
REF*ST*03644
REF*DP*043
DTM*999*20071201
RMR*IK*364420071202*PI*31*31*0
REF*PO*0020071203
REF*ST*03644
REF*DP*043
DTM*999*20071202
RMR*IK*364420071203*PI*53.3*53.3*0
REF*PO*0020071204
REF*ST*03644
REF*DP*043
DTM*999*20071203
RMR*IK*364420071204*PI*52.5*52.5*0
REF*PO*0020071205
REF*ST*03644
REF*DP*043
DTM*999*20071204
RMR*IK*364420071205*PI*88.9*88.9*0
REF*PO*0020071206
REF*ST*03644
REF*DP*043
DTM*999*20071205
RMR*IK*364620071129*PI*73.9*73.9*0
REF*PO*0020071130
REF*ST*03646
REF*DP*043
DTM*999*20071129
RMR*IK*364620071130*PI*138.8*138.8*0
REF*PO*0020071201
REF*ST*03646
REF*DP*043
DTM*999*20071130
RMR*IK*364620071201*PI*93.6*93.6*0
REF*PO*0020071202
REF*ST*03646
REF*DP*043
DTM*999*20071201
RMR*IK*364620071202*PI*104.2*104.2*0
REF*PO*0020071203
REF*ST*03646
REF*DP*043
DTM*999*20071202
RMR*IK*364620071203*PI*93*93*0
REF*PO*0020071204
REF*ST*03646
REF*DP*043
DTM*999*20071203
RMR*IK*364620071204*PI*183.9*183.9*0
REF*PO*0020071205
REF*ST*03646
REF*DP*043
DTM*999*20071204
RMR*IK*364620071205*PI*93.6*93.6*0
REF*PO*0020071206
REF*ST*03646
REF*DP*043
DTM*999*20071205
RMR*IK*366020071129*PI*3.1*3.1*0
REF*PO*0020071130
REF*ST*03660
REF*DP*043
DTM*999*20071129
RMR*IK*366020071130*PI*49.4*49.4*0
REF*PO*0020071201
REF*ST*03660
REF*DP*043
DTM*999*20071130
RMR*IK*366020071201*PI*24.8*24.8*0
REF*PO*0020071202
REF*ST*03660
REF*DP*043
DTM*999*20071201
RMR*IK*366020071202*PI*37.2*37.2*0
REF*PO*0020071203
REF*ST*03660
REF*DP*043
DTM*999*20071202
RMR*IK*366020071203*PI*3.1*3.1*0
REF*PO*0020071204
REF*ST*03660
REF*DP*043
DTM*999*20071203
RMR*IK*366020071204*PI*43.4*43.4*0
REF*PO*0020071205
REF*ST*03660
REF*DP*043
DTM*999*20071204
RMR*IK*366020071205*PI*46.5*46.5*0
REF*PO*0020071206
REF*ST*03660
REF*DP*043
DTM*999*20071205
RMR*IK*366120071129*PI*12.4*12.4*0
REF*PO*0020071130
REF*ST*03661
REF*DP*043
DTM*999*20071129
RMR*IK*366120071130*PI*3.1*3.1*0
REF*PO*0020071201
REF*ST*03661
REF*DP*043
DTM*999*20071130
RMR*IK*366120071201*PI*211.8*211.8*0
REF*PO*0020071202
REF*ST*03661
REF*DP*043
DTM*999*20071201
RMR*IK*366120071202*PI*151.4*151.4*0
REF*PO*0020071203
REF*ST*03661
REF*DP*043
DTM*999*20071202
RMR*IK*366120071203*PI*330.4*330.4*0
REF*PO*0020071204
REF*ST*03661
REF*DP*043
DTM*999*20071203
RMR*IK*366120071204*PI*166.8*166.8*0
REF*PO*0020071205
REF*ST*03661
REF*DP*043
DTM*999*20071204
RMR*IK*366120071205*PI*160.2*160.2*0
REF*PO*0020071206
REF*ST*03661
REF*DP*043
DTM*999*20071205
RMR*IK*367220071129*PI*56.6*56.6*0
REF*PO*0020071130
REF*ST*03672
REF*DP*043
DTM*999*20071129
RMR*IK*367220071130*PI*37.2*37.2*0
REF*PO*0020071201
REF*ST*03672
REF*DP*043
DTM*999*20071130
RMR*IK*367220071201*PI*83.85*83.85*0
REF*PO*0020071202
REF*ST*03672
REF*DP*043
DTM*999*20071201
RMR*IK*367220071202*PI*80.6*80.6*0
REF*PO*0020071203
REF*ST*03672
REF*DP*043
DTM*999*20071202
RMR*IK*367220071203*PI*86.6*86.6*0
REF*PO*0020071204
REF*ST*03672
REF*DP*043
DTM*999*20071203
RMR*IK*367220071204*PI*33.9*33.9*0
REF*PO*0020071205
REF*ST*03672
REF*DP*043
DTM*999*20071204
RMR*IK*367220071205*PI*74.3*74.3*0
REF*PO*0020071206
REF*ST*03672
REF*DP*043
DTM*999*20071205
RMR*IK*367520071129*PI*30.9*30.9*0
REF*PO*0020071130
REF*ST*03675
REF*DP*043
DTM*999*20071129
RMR*IK*367520071130*PI*25.6*25.6*0
REF*PO*0020071201
REF*ST*03675
REF*DP*043
DTM*999*20071130
RMR*IK*367520071201*PI*141.5*141.5*0
REF*PO*0020071202
REF*ST*03675
REF*DP*043
DTM*999*20071201
RMR*IK*367520071202*PI*83.7*83.7*0
REF*PO*0020071203
REF*ST*03675
REF*DP*043
DTM*999*20071202
RMR*IK*367520071203*PI*25.6*25.6*0
REF*PO*0020071204
REF*ST*03675
REF*DP*043
DTM*999*20071203
RMR*IK*367520071204*PI*40.2*40.2*0
REF*PO*0020071205
REF*ST*03675
REF*DP*043
DTM*999*20071204
RMR*IK*367520071205*PI*67.2*67.2*0
REF*PO*0020071206
REF*ST*03675
REF*DP*043
DTM*999*20071205
RMR*IK*368520071129*PI*78.1*78.1*0
REF*PO*0020071130
REF*ST*03685
REF*DP*043
DTM*999*20071129
RMR*IK*368520071130*PI*46.5*46.5*0
REF*PO*0020071201
REF*ST*03685
REF*DP*043
DTM*999*20071130
RMR*IK*368520071201*PI*127.4*127.4*0
REF*PO*0020071202
REF*ST*03685
REF*DP*043
DTM*999*20071201
RMR*IK*368520071202*PI*65.1*65.1*0
REF*PO*0020071203
REF*ST*03685
REF*DP*043
DTM*999*20071202
RMR*IK*368520071203*PI*46.5*46.5*0
REF*PO*0020071204
REF*ST*03685
REF*DP*043
DTM*999*20071203
RMR*IK*368520071204*PI*49.6*49.6*0
REF*PO*0020071205
REF*ST*03685
REF*DP*043
DTM*999*20071204
RMR*IK*368520071205*PI*24.8*24.8*0
REF*PO*0020071206
REF*ST*03685
REF*DP*043
DTM*999*20071205
RMR*IK*370120071129*PI*167.4*167.4*0
REF*PO*0020071130
REF*ST*03701
REF*DP*043
DTM*999*20071129
RMR*IK*370120071130*PI*163.3*163.3*0
REF*PO*0020071201
REF*ST*03701
REF*DP*043
DTM*999*20071130
RMR*IK*370120071201*PI*144.1*144.1*0
REF*PO*0020071202
REF*ST*03701
REF*DP*043
DTM*999*20071201
RMR*IK*370120071202*PI*131.5*131.5*0
REF*PO*0020071203
REF*ST*03701
REF*DP*043
DTM*999*20071202
RMR*IK*370120071203*PI*128.4*128.4*0
REF*PO*0020071204
REF*ST*03701
REF*DP*043
DTM*999*20071203
RMR*IK*370120071204*PI*208.8*208.8*0
REF*PO*0020071205
REF*ST*03701
REF*DP*043
DTM*999*20071204
RMR*IK*370120071205*PI*170.4*170.4*0
REF*PO*0020071206
REF*ST*03701
REF*DP*043
DTM*999*20071205
RMR*IK*370320071129*PI*20.6*20.6*0
REF*PO*0020071130
REF*ST*03703
REF*DP*043
DTM*999*20071129
RMR*IK*370320071130*PI*38.2*38.2*0
REF*PO*0020071201
REF*ST*03703
REF*DP*043
DTM*999*20071130
RMR*IK*370320071201*PI*85.6*85.6*0
REF*PO*0020071202
REF*ST*03703
REF*DP*043
DTM*999*20071201
RMR*IK*370320071202*PI*52.7*52.7*0
REF*PO*0020071203
REF*ST*03703
REF*DP*043
DTM*999*20071202
RMR*IK*370320071203*PI*83.3*83.3*0
REF*PO*0020071204
REF*ST*03703
REF*DP*043
DTM*999*20071203
RMR*IK*370320071204*PI*77.1*77.1*0
REF*PO*0020071205
REF*ST*03703
REF*DP*043
DTM*999*20071204
RMR*IK*370320071205*PI*100.1*100.1*0
REF*PO*0020071206
REF*ST*03703
REF*DP*043
DTM*999*20071205
RMR*IK*371320071129*PI*21.7*21.7*0
REF*PO*0020071130
REF*ST*03713
REF*DP*043
DTM*999*20071129
RMR*IK*371320071130*PI*21.7*21.7*0
REF*PO*0020071201
REF*ST*03713
REF*DP*043
DTM*999*20071130
RMR*IK*371320071201*PI*64.7*64.7*0
REF*PO*0020071202
REF*ST*03713
REF*DP*043
DTM*999*20071201
RMR*IK*371320071202*PI*97.2*97.2*0
REF*PO*0020071203
REF*ST*03713
REF*DP*043
DTM*999*20071202
RMR*IK*371320071203*PI*156.8*156.8*0
REF*PO*0020071204
REF*ST*03713
REF*DP*043
DTM*999*20071203
RMR*IK*371320071204*PI*94.3*94.3*0
REF*PO*0020071205
REF*ST*03713
REF*DP*043
DTM*999*20071204
RMR*IK*371320071205*PI*69.9*69.9*0
REF*PO*0020071206
REF*ST*03713
REF*DP*043
DTM*999*20071205
RMR*IK*371520071129*PI*117.6*117.6*0
REF*PO*0020071130
REF*ST*03715
REF*DP*043
DTM*999*20071129
RMR*IK*371520071130*PI*59.3*59.3*0
REF*PO*0020071201
REF*ST*03715
REF*DP*043
DTM*999*20071130
RMR*IK*371520071201*PI*105.1*105.1*0
REF*PO*0020071202
REF*ST*03715
REF*DP*043
DTM*999*20071201
RMR*IK*371520071202*PI*28.7*28.7*0
REF*PO*0020071203
REF*ST*03715
REF*DP*043
DTM*999*20071202
RMR*IK*371520071203*PI*101.2*101.2*0
REF*PO*0020071204
REF*ST*03715
REF*DP*043
DTM*999*20071203
RMR*IK*371520071204*PI*120.9*120.9*0
REF*PO*0020071205
REF*ST*03715
REF*DP*043
DTM*999*20071204
RMR*IK*371520071205*PI*140.3*140.3*0
REF*PO*0020071206
REF*ST*03715
REF*DP*043
DTM*999*20071205
RMR*IK*377320071129*PI*81.8*81.8*0
REF*PO*0020071130
REF*ST*03773
REF*DP*043
DTM*999*20071129
RMR*IK*377320071130*PI*18.6*18.6*0
REF*PO*0020071201
REF*ST*03773
REF*DP*043
DTM*999*20071130
RMR*IK*377320071201*PI*27.7*27.7*0
REF*PO*0020071202
REF*ST*03773
REF*DP*043
DTM*999*20071201
RMR*IK*377320071202*PI*70.5*70.5*0
REF*PO*0020071203
REF*ST*03773
REF*DP*043
DTM*999*20071202
RMR*IK*377320071203*PI*43.4*43.4*0
REF*PO*0020071204
REF*ST*03773
REF*DP*043
DTM*999*20071203
RMR*IK*377320071204*PI*34.1*34.1*0
REF*PO*0020071205
REF*ST*03773
REF*DP*043
DTM*999*20071204
RMR*IK*377320071205*PI*34.1*34.1*0
REF*PO*0020071206
REF*ST*03773
REF*DP*043
DTM*999*20071205
RMR*IK*382220071129*PI*58.9*58.9*0
REF*PO*0020071130
REF*ST*03822
REF*DP*043
DTM*999*20071129
RMR*IK*382220071130*PI*67*67*0
REF*PO*0020071201
REF*ST*03822
REF*DP*043
DTM*999*20071130
RMR*IK*382220071201*PI*57.4*57.4*0
REF*PO*0020071202
REF*ST*03822
REF*DP*043
DTM*999*20071201
RMR*IK*382220071202*PI*46.1*46.1*0
REF*PO*0020071203
REF*ST*03822
REF*DP*043
DTM*999*20071202
RMR*IK*382220071203*PI*41.1*41.1*0
REF*PO*0020071204
REF*ST*03822
REF*DP*043
DTM*999*20071203
RMR*IK*382220071204*PI*174.6*174.6*0
REF*PO*0020071205
REF*ST*03822
REF*DP*043
DTM*999*20071204
RMR*IK*382220071205*PI*79.5*79.5*0
REF*PO*0020071206
REF*ST*03822
REF*DP*043
DTM*999*20071205
RMR*IK*383620071129*PI*31*31*0
REF*PO*0020071130
REF*ST*03836
REF*DP*043
DTM*999*20071129
RMR*IK*383620071130*PI*7.2*7.2*0
REF*PO*0020071201
REF*ST*03836
REF*DP*043
DTM*999*20071130
RMR*IK*383620071201*PI*80.1*80.1*0
REF*PO*0020071202
REF*ST*03836
REF*DP*043
DTM*999*20071201
RMR*IK*383620071202*PI*9.3*9.3*0
REF*PO*0020071203
REF*ST*03836
REF*DP*043
DTM*999*20071202
RMR*IK*383620071203*PI*37*37*0
REF*PO*0020071204
REF*ST*03836
REF*DP*043
DTM*999*20071203
RMR*IK*383620071204*PI*49.4*49.4*0
REF*PO*0020071205
REF*ST*03836
REF*DP*043
DTM*999*20071204
RMR*IK*383620071205*PI*74.4*74.4*0
REF*PO*0020071206
REF*ST*03836
REF*DP*043
DTM*999*20071205
RMR*IK*384820071129*PI*112.5*112.5*0
REF*PO*0020071130
REF*ST*03848
REF*DP*043
DTM*999*20071129
RMR*IK*384820071130*PI*50.4*50.4*0
REF*PO*0020071201
REF*ST*03848
REF*DP*043
DTM*999*20071130
RMR*IK*384820071201*PI*52.1*52.1*0
REF*PO*0020071202
REF*ST*03848
REF*DP*043
DTM*999*20071201
RMR*IK*384820071202*PI*48*48*0
REF*PO*0020071203
REF*ST*03848
REF*DP*043
DTM*999*20071202
RMR*IK*384820071203*PI*65*65*0
REF*PO*0020071204
REF*ST*03848
REF*DP*043
DTM*999*20071203
RMR*IK*384820071204*PI*27.7*27.7*0
REF*PO*0020071205
REF*ST*03848
REF*DP*043
DTM*999*20071204
RMR*IK*384820071205*PI*86.9*86.9*0
REF*PO*0020071206
REF*ST*03848
REF*DP*043
DTM*999*20071205
RMR*IK*387620071129*PI*32.7*32.7*0
REF*PO*0020071130
REF*ST*03876
REF*DP*043
DTM*999*20071129
RMR*IK*387620071130*PI*58.8*58.8*0
REF*PO*0020071201
REF*ST*03876
REF*DP*043
DTM*999*20071130
RMR*IK*387620071201*PI*62.8*62.8*0
REF*PO*0020071202
REF*ST*03876
REF*DP*043
DTM*999*20071201
RMR*IK*387620071202*PI*38.2*38.2*0
REF*PO*0020071203
REF*ST*03876
REF*DP*043
DTM*999*20071202
RMR*IK*387620071203*PI*77.5*77.5*0
REF*PO*0020071204
REF*ST*03876
REF*DP*043
DTM*999*20071203
RMR*IK*387620071204*PI*58.7*58.7*0
REF*PO*0020071205
REF*ST*03876
REF*DP*043
DTM*999*20071204
RMR*IK*387620071205*PI*82.6*82.6*0
REF*PO*0020071206
REF*ST*03876
REF*DP*043
DTM*999*20071205
RMR*IK*390520071129*PI*38.35*38.35*0
REF*PO*0020071130
REF*ST*03905
REF*DP*043
DTM*999*20071129
RMR*IK*390520071130*PI*95.3*95.3*0
REF*PO*0020071201
REF*ST*03905
REF*DP*043
DTM*999*20071130
RMR*IK*390520071201*PI*72.8*72.8*0
REF*PO*0020071202
REF*ST*03905
REF*DP*043
DTM*999*20071201
RMR*IK*390520071202*PI*31*31*0
REF*PO*0020071203
REF*ST*03905
REF*DP*043
DTM*999*20071202
RMR*IK*390520071203*PI*107.9*107.9*0
REF*PO*0020071204
REF*ST*03905
REF*DP*043
DTM*999*20071203
RMR*IK*390520071204*PI*87.7*87.7*0
REF*PO*0020071205
REF*ST*03905
REF*DP*043
DTM*999*20071204
RMR*IK*390520071205*PI*57.7*57.7*0
REF*PO*0020071206
REF*ST*03905
REF*DP*043
DTM*999*20071205
RMR*IK*392920071129*PI*58.7*58.7*0
REF*PO*0020071130
REF*ST*03929
REF*DP*043
DTM*999*20071129
RMR*IK*392920071130*PI*9.3*9.3*0
REF*PO*0020071201
REF*ST*03929
REF*DP*043
DTM*999*20071130
RMR*IK*392920071201*PI*55.4*55.4*0
REF*PO*0020071202
REF*ST*03929
REF*DP*043
DTM*999*20071201
RMR*IK*392920071202*PI*60.6*60.6*0
REF*PO*0020071203
REF*ST*03929
REF*DP*043
DTM*999*20071202
RMR*IK*392920071203*PI*60.7*60.7*0
REF*PO*0020071204
REF*ST*03929
REF*DP*043
DTM*999*20071203
RMR*IK*392920071204*PI*44.4*44.4*0
REF*PO*0020071205
REF*ST*03929
REF*DP*043
DTM*999*20071204
RMR*IK*392920071205*PI*6.2*6.2*0
REF*PO*0020071206
REF*ST*03929
REF*DP*043
DTM*999*20071205
RMR*IK*393120071129*PI*30.6*30.6*0
REF*PO*0020071130
REF*ST*03931
REF*DP*043
DTM*999*20071129
RMR*IK*393120071130*PI*69.2*69.2*0
REF*PO*0020071201
REF*ST*03931
REF*DP*043
DTM*999*20071130
RMR*IK*393120071201*PI*69*69*0
REF*PO*0020071202
REF*ST*03931
REF*DP*043
DTM*999*20071201
RMR*IK*393120071202*PI*173.2*173.2*0
REF*PO*0020071203
REF*ST*03931
REF*DP*043
DTM*999*20071202
RMR*IK*393120071203*PI*52.5*52.5*0
REF*PO*0020071204
REF*ST*03931
REF*DP*043
DTM*999*20071203
RMR*IK*393120071204*PI*82.9*82.9*0
REF*PO*0020071205
REF*ST*03931
REF*DP*043
DTM*999*20071204
RMR*IK*393120071205*PI*27.5*27.5*0
REF*PO*0020071206
REF*ST*03931
REF*DP*043
DTM*999*20071205
RMR*IK*393920071129*PI*33.1*33.1*0
REF*PO*0020071130
REF*ST*03939
REF*DP*043
DTM*999*20071129
RMR*IK*393920071130*PI*12.2*12.2*0
REF*PO*0020071201
REF*ST*03939
REF*DP*043
DTM*999*20071130
RMR*IK*393920071201*PI*41.2*41.2*0
REF*PO*0020071202
REF*ST*03939
REF*DP*043
DTM*999*20071201
RMR*IK*393920071202*PI*64.9*64.9*0
REF*PO*0020071203
REF*ST*03939
REF*DP*043
DTM*999*20071202
RMR*IK*393920071203*PI*32*32*0
REF*PO*0020071204
REF*ST*03939
REF*DP*043
DTM*999*20071203
RMR*IK*393920071204*PI*73.4*73.4*0
REF*PO*0020071205
REF*ST*03939
REF*DP*043
DTM*999*20071204
RMR*IK*393920071205*PI*90.7*90.7*0
REF*PO*0020071206
REF*ST*03939
REF*DP*043
DTM*999*20071205
RMR*IK*394120071129*PI*44.4*44.4*0
REF*PO*0020071130
REF*ST*03941
REF*DP*043
DTM*999*20071129
RMR*IK*394120071130*PI*166.3*166.3*0
REF*PO*0020071201
REF*ST*03941
REF*DP*043
DTM*999*20071130
RMR*IK*394120071201*PI*79.9*79.9*0
REF*PO*0020071202
REF*ST*03941
REF*DP*043
DTM*999*20071201
RMR*IK*394120071202*PI*48.3*48.3*0
REF*PO*0020071203
REF*ST*03941
REF*DP*043
DTM*999*20071202
RMR*IK*394120071203*PI*18.6*18.6*0
REF*PO*0020071204
REF*ST*03941
REF*DP*043
DTM*999*20071203
RMR*IK*394120071204*PI*54.4*54.4*0
REF*PO*0020071205
REF*ST*03941
REF*DP*043
DTM*999*20071204
RMR*IK*394120071205*PI*88.7*88.7*0
REF*PO*0020071206
REF*ST*03941
REF*DP*043
DTM*999*20071205
RMR*IK*394620071129*PI*9.3*9.3*0
REF*PO*0020071130
REF*ST*03946
REF*DP*043
DTM*999*20071129
RMR*IK*394620071130*PI*128*128*0
REF*PO*0020071201
REF*ST*03946
REF*DP*043
DTM*999*20071130
RMR*IK*394620071201*PI*60.5*60.5*0
REF*PO*0020071202
REF*ST*03946
REF*DP*043
DTM*999*20071201
RMR*IK*394620071202*PI*42.8*42.8*0
REF*PO*0020071203
REF*ST*03946
REF*DP*043
DTM*999*20071202
RMR*IK*394620071203*PI*30.6*30.6*0
REF*PO*0020071204
REF*ST*03946
REF*DP*043
DTM*999*20071203
RMR*IK*394620071204*PI*18.6*18.6*0
REF*PO*0020071205
REF*ST*03946
REF*DP*043
DTM*999*20071204
RMR*IK*394620071205*PI*27.1*27.1*0
REF*PO*0020071206
REF*ST*03946
REF*DP*043
DTM*999*20071205
RMR*IK*395720071130*PI*10.3*10.3*0
REF*PO*0020071201
REF*ST*03957
REF*DP*043
DTM*999*20071130
RMR*IK*395720071201*PI*109.3*109.3*0
REF*PO*0020071202
REF*ST*03957
REF*DP*043
DTM*999*20071201
RMR*IK*395720071202*PI*110.4*110.4*0
REF*PO*0020071203
REF*ST*03957
REF*DP*043
DTM*999*20071202
RMR*IK*395720071203*PI*99.2*99.2*0
REF*PO*0020071204
REF*ST*03957
REF*DP*043
DTM*999*20071203
RMR*IK*395720071204*PI*85.7*85.7*0
REF*PO*0020071205
REF*ST*03957
REF*DP*043
DTM*999*20071204
RMR*IK*395720071205*PI*67.6*67.6*0
REF*PO*0020071206
REF*ST*03957
REF*DP*043
DTM*999*20071205
RMR*IK*396620071129*PI*12.4*12.4*0
REF*PO*0020071130
REF*ST*03966
REF*DP*043
DTM*999*20071129
RMR*IK*396620071130*PI*21.7*21.7*0
REF*PO*0020071201
REF*ST*03966
REF*DP*043
DTM*999*20071130
RMR*IK*396620071201*PI*46.3*46.3*0
REF*PO*0020071202
REF*ST*03966
REF*DP*043
DTM*999*20071201
RMR*IK*396620071202*PI*66.1*66.1*0
REF*PO*0020071203
REF*ST*03966
REF*DP*043
DTM*999*20071202
RMR*IK*396620071203*PI*31*31*0
REF*PO*0020071204
REF*ST*03966
REF*DP*043
DTM*999*20071203
RMR*IK*396620071204*PI*12.4*12.4*0
REF*PO*0020071205
REF*ST*03966
REF*DP*043
DTM*999*20071204
RMR*IK*396620071205*PI*21.5*21.5*0
REF*PO*0020071206
REF*ST*03966
REF*DP*043
DTM*999*20071205
RMR*IK*396720071201*PI*109.5*109.5*0
REF*PO*0020071202
REF*ST*03967
REF*DP*043
DTM*999*20071201
RMR*IK*396720071202*PI*56.8*56.8*0
REF*PO*0020071203
REF*ST*03967
REF*DP*043
DTM*999*20071202
RMR*IK*396720071203*PI*18.6*18.6*0
REF*PO*0020071204
REF*ST*03967
REF*DP*043
DTM*999*20071203
RMR*IK*396720071204*PI*138.2*138.2*0
REF*PO*0020071205
REF*ST*03967
REF*DP*043
DTM*999*20071204
RMR*IK*396720071205*PI*52.7*52.7*0
REF*PO*0020071206
REF*ST*03967
REF*DP*043
DTM*999*20071205
RMR*IK*397520071129*PI*117.7*117.7*0
REF*PO*0020071130
REF*ST*03975
REF*DP*043
DTM*999*20071129
RMR*IK*397520071130*PI*131.5*131.5*0
REF*PO*0020071201
REF*ST*03975
REF*DP*043
DTM*999*20071130
RMR*IK*397520071201*PI*99.4*99.4*0
REF*PO*0020071202
REF*ST*03975
REF*DP*043
DTM*999*20071201
RMR*IK*397520071202*PI*129.2*129.2*0
REF*PO*0020071203
REF*ST*03975
REF*DP*043
DTM*999*20071202
RMR*IK*397520071203*PI*31*31*0
REF*PO*0020071204
REF*ST*03975
REF*DP*043
DTM*999*20071203
RMR*IK*397520071204*PI*70.9*70.9*0
REF*PO*0020071205
REF*ST*03975
REF*DP*043
DTM*999*20071204
RMR*IK*397520071205*PI*51.6*51.6*0
REF*PO*0020071206
REF*ST*03975
REF*DP*043
DTM*999*20071205
RMR*IK*397820071129*PI*53.3*53.3*0
REF*PO*0020071130
REF*ST*03978
REF*DP*043
DTM*999*20071129
RMR*IK*397820071130*PI*170.1*170.1*0
REF*PO*0020071201
REF*ST*03978
REF*DP*043
DTM*999*20071130
RMR*IK*397820071201*PI*190.2*190.2*0
REF*PO*0020071202
REF*ST*03978
REF*DP*043
DTM*999*20071201
RMR*IK*397820071202*PI*60.7*60.7*0
REF*PO*0020071203
REF*ST*03978
REF*DP*043
DTM*999*20071202
RMR*IK*397820071203*PI*62.7*62.7*0
REF*PO*0020071204
REF*ST*03978
REF*DP*043
DTM*999*20071203
RMR*IK*397820071204*PI*43*43*0
REF*PO*0020071205
REF*ST*03978
REF*DP*043
DTM*999*20071204
RMR*IK*397820071205*PI*79.5*79.5*0
REF*PO*0020071206
REF*ST*03978
REF*DP*043
DTM*999*20071205
RMR*IK*399120071129*PI*9.3*9.3*0
REF*PO*0020071130
REF*ST*03991
REF*DP*043
DTM*999*20071129
RMR*IK*399120071130*PI*134.8*134.8*0
REF*PO*0020071201
REF*ST*03991
REF*DP*043
DTM*999*20071130
RMR*IK*399120071201*PI*62*62*0
REF*PO*0020071202
REF*ST*03991
REF*DP*043
DTM*999*20071201
RMR*IK*399120071202*PI*70.9*70.9*0
REF*PO*0020071203
REF*ST*03991
REF*DP*043
DTM*999*20071202
RMR*IK*399120071203*PI*94.9*94.9*0
REF*PO*0020071204
REF*ST*03991
REF*DP*043
DTM*999*20071203
RMR*IK*399120071204*PI*67.6*67.6*0
REF*PO*0020071205
REF*ST*03991
REF*DP*043
DTM*999*20071204
RMR*IK*399120071205*PI*40.3*40.3*0
REF*PO*0020071206
REF*ST*03991
REF*DP*043
DTM*999*20071205
RMR*IK*399420071130*PI*12.4*12.4*0
REF*PO*0020071201
REF*ST*03994
REF*DP*043
DTM*999*20071130
RMR*IK*399420071201*PI*46.1*46.1*0
REF*PO*0020071202
REF*ST*03994
REF*DP*043
DTM*999*20071201
RMR*IK*399420071202*PI*21.7*21.7*0
REF*PO*0020071203
REF*ST*03994
REF*DP*043
DTM*999*20071202
RMR*IK*399420071203*PI*37.2*37.2*0
REF*PO*0020071204
REF*ST*03994
REF*DP*043
DTM*999*20071203
RMR*IK*399420071204*PI*46.5*46.5*0
REF*PO*0020071205
REF*ST*03994
REF*DP*043
DTM*999*20071204
RMR*IK*399420071205*PI*21.7*21.7*0
REF*PO*0020071206
REF*ST*03994
REF*DP*043
DTM*999*20071205
RMR*IK*399620071129*PI*15.5*15.5*0
REF*PO*0020071130
REF*ST*03996
REF*DP*043
DTM*999*20071129
RMR*IK*399620071130*PI*39.7*39.7*0
REF*PO*0020071201
REF*ST*03996
REF*DP*043
DTM*999*20071130
RMR*IK*399620071201*PI*94.8*94.8*0
REF*PO*0020071202
REF*ST*03996
REF*DP*043
DTM*999*20071201
RMR*IK*399620071202*PI*92.8*92.8*0
REF*PO*0020071203
REF*ST*03996
REF*DP*043
DTM*999*20071202
RMR*IK*399620071203*PI*43.2*43.2*0
REF*PO*0020071204
REF*ST*03996
REF*DP*043
DTM*999*20071203
RMR*IK*399620071204*PI*105*105*0
REF*PO*0020071205
REF*ST*03996
REF*DP*043
DTM*999*20071204
RMR*IK*399620071205*PI*34.1*34.1*0
REF*PO*0020071206
REF*ST*03996
REF*DP*043
DTM*999*20071205
RMR*IK*403320071129*PI*115.4*115.4*0
REF*PO*0020071130
REF*ST*04033
REF*DP*043
DTM*999*20071129
RMR*IK*403320071130*PI*15.3*15.3*0
REF*PO*0020071201
REF*ST*04033
REF*DP*043
DTM*999*20071130
RMR*IK*403320071201*PI*74.8*74.8*0
REF*PO*0020071202
REF*ST*04033
REF*DP*043
DTM*999*20071201
RMR*IK*403320071202*PI*87.2*87.2*0
REF*PO*0020071203
REF*ST*04033
REF*DP*043
DTM*999*20071202
RMR*IK*403320071203*PI*6.2*6.2*0
REF*PO*0020071204
REF*ST*04033
REF*DP*043
DTM*999*20071203
RMR*IK*403320071204*PI*19.6*19.6*0
REF*PO*0020071205
REF*ST*04033
REF*DP*043
DTM*999*20071204
RMR*IK*403320071205*PI*24.8*24.8*0
REF*PO*0020071206
REF*ST*04033
REF*DP*043
DTM*999*20071205
RMR*IK*407120071129*PI*12.4*12.4*0
REF*PO*0020071130
REF*ST*04071
REF*DP*043
DTM*999*20071129
RMR*IK*407120071130*PI*40.3*40.3*0
REF*PO*0020071201
REF*ST*04071
REF*DP*043
DTM*999*20071130
RMR*IK*407120071201*PI*113*113*0
REF*PO*0020071202
REF*ST*04071
REF*DP*043
DTM*999*20071201
RMR*IK*407120071202*PI*133.8*133.8*0
REF*PO*0020071203
REF*ST*04071
REF*DP*043
DTM*999*20071202
RMR*IK*407120071203*PI*73.1*73.1*0
REF*PO*0020071204
REF*ST*04071
REF*DP*043
DTM*999*20071203
RMR*IK*407120071204*PI*71.9*71.9*0
REF*PO*0020071205
REF*ST*04071
REF*DP*043
DTM*999*20071204
RMR*IK*407120071205*PI*274.6*274.6*0
REF*PO*0020071206
REF*ST*04071
REF*DP*043
DTM*999*20071205
RMR*IK*407220071130*PI*21.7*21.7*0
REF*PO*0020071201
REF*ST*04072
REF*DP*043
DTM*999*20071130
RMR*IK*407220071201*PI*36.6*36.6*0
REF*PO*0020071202
REF*ST*04072
REF*DP*043
DTM*999*20071201
RMR*IK*407220071202*PI*52.7*52.7*0
REF*PO*0020071203
REF*ST*04072
REF*DP*043
DTM*999*20071202
RMR*IK*407220071203*PI*9.3*9.3*0
REF*PO*0020071204
REF*ST*04072
REF*DP*043
DTM*999*20071203
RMR*IK*407220071204*PI*49*49*0
REF*PO*0020071205
REF*ST*04072
REF*DP*043
DTM*999*20071204
RMR*IK*407220071205*PI*12.4*12.4*0
REF*PO*0020071206
REF*ST*04072
REF*DP*043
DTM*999*20071205
RMR*IK*409320071129*PI*80.6*80.6*0
REF*PO*0020071130
REF*ST*04093
REF*DP*043
DTM*999*20071129
RMR*IK*409320071130*PI*27.9*27.9*0
REF*PO*0020071201
REF*ST*04093
REF*DP*043
DTM*999*20071130
RMR*IK*409320071201*PI*168.1*168.1*0
REF*PO*0020071202
REF*ST*04093
REF*DP*043
DTM*999*20071201
RMR*IK*409320071202*PI*186.4*186.4*0
REF*PO*0020071203
REF*ST*04093
REF*DP*043
DTM*999*20071202
RMR*IK*409320071203*PI*170.3*170.3*0
REF*PO*0020071204
REF*ST*04093
REF*DP*043
DTM*999*20071203
RMR*IK*409320071204*PI*116.8*116.8*0
REF*PO*0020071205
REF*ST*04093
REF*DP*043
DTM*999*20071204
RMR*IK*409320071205*PI*227.8*227.8*0
REF*PO*0020071206
REF*ST*04093
REF*DP*043
DTM*999*20071205
RMR*IK*409320071227*PI*-1.55*-1.55*0
REF*PO*0020071228
REF*ST*04093
REF*DP*043
DTM*999*20071227
RMR*IK*410320071129*PI*65.4*65.4*0
REF*PO*0020071130
REF*ST*04103
REF*DP*043
DTM*999*20071129
RMR*IK*410320071130*PI*93.7*93.7*0
REF*PO*0020071201
REF*ST*04103
REF*DP*043
DTM*999*20071130
RMR*IK*410320071201*PI*77.8*77.8*0
REF*PO*0020071202
REF*ST*04103
REF*DP*043
DTM*999*20071201
RMR*IK*410320071202*PI*37*37*0
REF*PO*0020071203
REF*ST*04103
REF*DP*043
DTM*999*20071202
RMR*IK*410320071203*PI*108.5*108.5*0
REF*PO*0020071204
REF*ST*04103
REF*DP*043
DTM*999*20071203
RMR*IK*410320071204*PI*86.6*86.6*0
REF*PO*0020071205
REF*ST*04103
REF*DP*043
DTM*999*20071204
RMR*IK*410320071205*PI*71.3*71.3*0
REF*PO*0020071206
REF*ST*04103
REF*DP*043
DTM*999*20071205
RMR*IK*412220071129*PI*39.2*39.2*0
REF*PO*0020071130
REF*ST*04122
REF*DP*043
DTM*999*20071129
RMR*IK*412220071130*PI*79.1*79.1*0
REF*PO*0020071201
REF*ST*04122
REF*DP*043
DTM*999*20071130
RMR*IK*412220071201*PI*45.9*45.9*0
REF*PO*0020071202
REF*ST*04122
REF*DP*043
DTM*999*20071201
RMR*IK*412220071202*PI*49.4*49.4*0
REF*PO*0020071203
REF*ST*04122
REF*DP*043
DTM*999*20071202
RMR*IK*412220071203*PI*58.3*58.3*0
REF*PO*0020071204
REF*ST*04122
REF*DP*043
DTM*999*20071203
RMR*IK*412220071204*PI*46.1*46.1*0
REF*PO*0020071205
REF*ST*04122
REF*DP*043
DTM*999*20071204
RMR*IK*412220071205*PI*33.7*33.7*0
REF*PO*0020071206
REF*ST*04122
REF*DP*043
DTM*999*20071205
RMR*IK*418920071130*PI*3.1*3.1*0
REF*PO*0020071201
REF*ST*04189
REF*DP*043
DTM*999*20071130
RMR*IK*418920071201*PI*81.8*81.8*0
REF*PO*0020071202
REF*ST*04189
REF*DP*043
DTM*999*20071201
RMR*IK*418920071202*PI*123.1*123.1*0
REF*PO*0020071203
REF*ST*04189
REF*DP*043
DTM*999*20071202
RMR*IK*418920071203*PI*146.1*146.1*0
REF*PO*0020071204
REF*ST*04189
REF*DP*043
DTM*999*20071203
RMR*IK*418920071204*PI*50.6*50.6*0
REF*PO*0020071205
REF*ST*04189
REF*DP*043
DTM*999*20071204
RMR*IK*418920071205*PI*27.5*27.5*0
REF*PO*0020071206
REF*ST*04189
REF*DP*043
DTM*999*20071205
RMR*IK*419820071129*PI*45.4*45.4*0
REF*PO*0020071130
REF*ST*04198
REF*DP*043
DTM*999*20071129
RMR*IK*419820071130*PI*31*31*0
REF*PO*0020071201
REF*ST*04198
REF*DP*043
DTM*999*20071130
RMR*IK*419820071201*PI*129.1*129.1*0
REF*PO*0020071202
REF*ST*04198
REF*DP*043
DTM*999*20071201
RMR*IK*419820071202*PI*149.5*149.5*0
REF*PO*0020071203
REF*ST*04198
REF*DP*043
DTM*999*20071202
RMR*IK*419820071203*PI*121.8*121.8*0
REF*PO*0020071204
REF*ST*04198
REF*DP*043
DTM*999*20071203
RMR*IK*419820071204*PI*148*148*0
REF*PO*0020071205
REF*ST*04198
REF*DP*043
DTM*999*20071204
RMR*IK*419820071205*PI*173*173*0
REF*PO*0020071206
REF*ST*04198
REF*DP*043
DTM*999*20071205
RMR*IK*421320071129*PI*21.3*21.3*0
REF*PO*0020071130
REF*ST*04213
REF*DP*043
DTM*999*20071129
RMR*IK*421320071130*PI*58.3*58.3*0
REF*PO*0020071201
REF*ST*04213
REF*DP*043
DTM*999*20071130
RMR*IK*421320071201*PI*30.4*30.4*0
REF*PO*0020071202
REF*ST*04213
REF*DP*043
DTM*999*20071201
RMR*IK*421320071202*PI*12.4*12.4*0
REF*PO*0020071203
REF*ST*04213
REF*DP*043
DTM*999*20071202
RMR*IK*421320071203*PI*49.4*49.4*0
REF*PO*0020071204
REF*ST*04213
REF*DP*043
DTM*999*20071203
RMR*IK*421320071204*PI*24.8*24.8*0
REF*PO*0020071205
REF*ST*04213
REF*DP*043
DTM*999*20071204
RMR*IK*421320071205*PI*21.1*21.1*0
REF*PO*0020071206
REF*ST*04213
REF*DP*043
DTM*999*20071205
RMR*IK*424420071129*PI*126.1*126.1*0
REF*PO*0020071130
REF*ST*04244
REF*DP*043
DTM*999*20071129
RMR*IK*424420071130*PI*105.7*105.7*0
REF*PO*0020071201
REF*ST*04244
REF*DP*043
DTM*999*20071130
RMR*IK*424420071201*PI*60.5*60.5*0
REF*PO*0020071202
REF*ST*04244
REF*DP*043
DTM*999*20071201
RMR*IK*424420071202*PI*109.7*109.7*0
REF*PO*0020071203
REF*ST*04244
REF*DP*043
DTM*999*20071202
RMR*IK*424420071203*PI*102.3*102.3*0
REF*PO*0020071204
REF*ST*04244
REF*DP*043
DTM*999*20071203
RMR*IK*424420071204*PI*18.2*18.2*0
REF*PO*0020071205
REF*ST*04244
REF*DP*043
DTM*999*20071204
RMR*IK*424420071205*PI*180.4*180.4*0
REF*PO*0020071206
REF*ST*04244
REF*DP*043
DTM*999*20071205
RMR*IK*430820071129*PI*71.7*71.7*0
REF*PO*0020071130
REF*ST*04308
REF*DP*043
DTM*999*20071129
RMR*IK*430820071130*PI*53.5*53.5*0
REF*PO*0020071201
REF*ST*04308
REF*DP*043
DTM*999*20071130
RMR*IK*430820071201*PI*52.4*52.4*0
REF*PO*0020071202
REF*ST*04308
REF*DP*043
DTM*999*20071201
RMR*IK*430820071202*PI*81.6*81.6*0
REF*PO*0020071203
REF*ST*04308
REF*DP*043
DTM*999*20071202
RMR*IK*430820071203*PI*55.8*55.8*0
REF*PO*0020071204
REF*ST*04308
REF*DP*043
DTM*999*20071203
RMR*IK*430820071204*PI*104.85*104.85*0
REF*PO*0020071205
REF*ST*04308
REF*DP*043
DTM*999*20071204
RMR*IK*430820071205*PI*55.2*55.2*0
REF*PO*0020071206
REF*ST*04308
REF*DP*043
DTM*999*20071205
RMR*IK*431220071129*PI*144.7*144.7*0
REF*PO*0020071130
REF*ST*04312
REF*DP*043
DTM*999*20071129
RMR*IK*431220071130*PI*31*31*0
REF*PO*0020071201
REF*ST*04312
REF*DP*043
DTM*999*20071130
RMR*IK*431220071201*PI*111.1*111.1*0
REF*PO*0020071202
REF*ST*04312
REF*DP*043
DTM*999*20071201
RMR*IK*431220071202*PI*62*62*0
REF*PO*0020071203
REF*ST*04312
REF*DP*043
DTM*999*20071202
RMR*IK*431220071203*PI*105.2*105.2*0
REF*PO*0020071204
REF*ST*04312
REF*DP*043
DTM*999*20071203
RMR*IK*431220071204*PI*33.9*33.9*0
REF*PO*0020071205
REF*ST*04312
REF*DP*043
DTM*999*20071204
RMR*IK*431220071205*PI*55.7*55.7*0
REF*PO*0020071206
REF*ST*04312
REF*DP*043
DTM*999*20071205
RMR*IK*445120071130*PI*3.1*3.1*0
REF*PO*0020071201
REF*ST*04451
REF*DP*043
DTM*999*20071130
RMR*IK*445120071201*PI*48.4*48.4*0
REF*PO*0020071202
REF*ST*04451
REF*DP*043
DTM*999*20071201
RMR*IK*445120071202*PI*58.3*58.3*0
REF*PO*0020071203
REF*ST*04451
REF*DP*043
DTM*999*20071202
RMR*IK*445120071203*PI*21.7*21.7*0
REF*PO*0020071204
REF*ST*04451
REF*DP*043
DTM*999*20071203
RMR*IK*445120071204*PI*3.1*3.1*0
REF*PO*0020071205
REF*ST*04451
REF*DP*043
DTM*999*20071204
RMR*IK*445120071205*PI*9.3*9.3*0
REF*PO*0020071206
REF*ST*04451
REF*DP*043
DTM*999*20071205
RMR*IK*447520071129*PI*83.9*83.9*0
REF*PO*0020071130
REF*ST*04475
REF*DP*043
DTM*999*20071129
RMR*IK*447520071130*PI*92.9*92.9*0
REF*PO*0020071201
REF*ST*04475
REF*DP*043
DTM*999*20071130
RMR*IK*447520071201*PI*93.8*93.8*0
REF*PO*0020071202
REF*ST*04475
REF*DP*043
DTM*999*20071201
RMR*IK*447520071202*PI*63.7*63.7*0
REF*PO*0020071203
REF*ST*04475
REF*DP*043
DTM*999*20071202
RMR*IK*447520071203*PI*37.2*37.2*0
REF*PO*0020071204
REF*ST*04475
REF*DP*043
DTM*999*20071203
RMR*IK*447520071204*PI*80.5*80.5*0
REF*PO*0020071205
REF*ST*04475
REF*DP*043
DTM*999*20071204
RMR*IK*447520071205*PI*48*48*0
REF*PO*0020071206
REF*ST*04475
REF*DP*043
DTM*999*20071205
RMR*IK*448920071129*PI*62*62*0
REF*PO*0020071130
REF*ST*04489
REF*DP*043
DTM*999*20071129
RMR*IK*448920071130*PI*112*112*0
REF*PO*0020071201
REF*ST*04489
REF*DP*043
DTM*999*20071130
RMR*IK*448920071201*PI*84.7*84.7*0
REF*PO*0020071202
REF*ST*04489
REF*DP*043
DTM*999*20071201
RMR*IK*448920071202*PI*114.5*114.5*0
REF*PO*0020071203
REF*ST*04489
REF*DP*043
DTM*999*20071202
RMR*IK*448920071203*PI*95.9*95.9*0
REF*PO*0020071204
REF*ST*04489
REF*DP*043
DTM*999*20071203
RMR*IK*448920071204*PI*244*244*0
REF*PO*0020071205
REF*ST*04489
REF*DP*043
DTM*999*20071204
RMR*IK*448920071205*PI*157.8*157.8*0
REF*PO*0020071206
REF*ST*04489
REF*DP*043
DTM*999*20071205
RMR*IK*471720071129*PI*43*43*0
REF*PO*0020071130
REF*ST*04717
REF*DP*043
DTM*999*20071129
RMR*IK*471720071130*PI*62*62*0
REF*PO*0020071201
REF*ST*04717
REF*DP*043
DTM*999*20071130
RMR*IK*471720071201*PI*58.9*58.9*0
REF*PO*0020071202
REF*ST*04717
REF*DP*043
DTM*999*20071201
RMR*IK*471720071202*PI*102.1*102.1*0
REF*PO*0020071203
REF*ST*04717
REF*DP*043
DTM*999*20071202
RMR*IK*471720071203*PI*58.7*58.7*0
REF*PO*0020071204
REF*ST*04717
REF*DP*043
DTM*999*20071203
RMR*IK*471720071204*PI*98.8*98.8*0
REF*PO*0020071205
REF*ST*04717
REF*DP*043
DTM*999*20071204
RMR*IK*471720071205*PI*154.2*154.2*0
REF*PO*0020071206
REF*ST*04717
REF*DP*043
DTM*999*20071205
RMR*IK*471920071129*PI*143.25*143.25*0
REF*PO*0020071130
REF*ST*04719
REF*DP*043
DTM*999*20071129
RMR*IK*471920071130*PI*37*37*0
REF*PO*0020071201
REF*ST*04719
REF*DP*043
DTM*999*20071130
RMR*IK*471920071130*PI*74.4*74.4*0
REF*PO*0020071202
REF*ST*04719
REF*DP*043
DTM*999*20071130
RMR*IK*471920071201*PI*181.15*181.15*0
REF*PO*0020071202
REF*ST*04719
REF*DP*043
DTM*999*20071201
RMR*IK*471920071202*PI*140.4*140.4*0
REF*PO*0020071203
REF*ST*04719
REF*DP*043
DTM*999*20071202
RMR*IK*471920071203*PI*223.7*223.7*0
REF*PO*0020071204
REF*ST*04719
REF*DP*043
DTM*999*20071203
RMR*IK*471920071204*PI*132.1*132.1*0
REF*PO*0020071205
REF*ST*04719
REF*DP*043
DTM*999*20071204
RMR*IK*471920071205*PI*297.6*297.6*0
REF*PO*0020071206
REF*ST*04719
REF*DP*043
DTM*999*20071205
RMR*IK*472320071129*PI*40.1*40.1*0
REF*PO*0020071130
REF*ST*04723
REF*DP*043
DTM*999*20071129
RMR*IK*472320071130*PI*15.5*15.5*0
REF*PO*0020071201
REF*ST*04723
REF*DP*043
DTM*999*20071130
RMR*IK*472320071201*PI*99.4*99.4*0
REF*PO*0020071202
REF*ST*04723
REF*DP*043
DTM*999*20071201
RMR*IK*472320071202*PI*86.7*86.7*0
REF*PO*0020071203
REF*ST*04723
REF*DP*043
DTM*999*20071202
RMR*IK*472320071203*PI*41.8*41.8*0
REF*PO*0020071204
REF*ST*04723
REF*DP*043
DTM*999*20071203
RMR*IK*472320071204*PI*110.8*110.8*0
REF*PO*0020071205
REF*ST*04723
REF*DP*043
DTM*999*20071204
RMR*IK*472320071205*PI*89.3*89.3*0
REF*PO*0020071206
REF*ST*04723
REF*DP*043
DTM*999*20071205
RMR*IK*473920071129*PI*21.7*21.7*0
REF*PO*0020071130
REF*ST*04739
REF*DP*043
DTM*999*20071129
RMR*IK*473920071130*PI*100.9*100.9*0
REF*PO*0020071201
REF*ST*04739
REF*DP*043
DTM*999*20071130
RMR*IK*473920071201*PI*63.8*63.8*0
REF*PO*0020071202
REF*ST*04739
REF*DP*043
DTM*999*20071201
RMR*IK*473920071202*PI*71.9*71.9*0
REF*PO*0020071203
REF*ST*04739
REF*DP*043
DTM*999*20071202
RMR*IK*473920071203*PI*129.2*129.2*0
REF*PO*0020071204
REF*ST*04739
REF*DP*043
DTM*999*20071203
RMR*IK*473920071204*PI*77.3*77.3*0
REF*PO*0020071205
REF*ST*04739
REF*DP*043
DTM*999*20071204
RMR*IK*473920071205*PI*75.2*75.2*0
REF*PO*0020071206
REF*ST*04739
REF*DP*043
DTM*999*20071205
RMR*IK*473920071221*PI*-4.15*-4.15*0
REF*PO*0020071223
REF*ST*04739
REF*DP*043
DTM*999*20071221
RMR*IK*475320071130*PI*12.2*12.2*0
REF*PO*0020071201
REF*ST*04753
REF*DP*043
DTM*999*20071130
RMR*IK*475320071201*PI*45.9*45.9*0
REF*PO*0020071202
REF*ST*04753
REF*DP*043
DTM*999*20071201
RMR*IK*475320071202*PI*39.9*39.9*0
REF*PO*0020071203
REF*ST*04753
REF*DP*043
DTM*999*20071202
RMR*IK*475320071203*PI*18.6*18.6*0
REF*PO*0020071204
REF*ST*04753
REF*DP*043
DTM*999*20071203
RMR*IK*475320071204*PI*22.7*22.7*0
REF*PO*0020071205
REF*ST*04753
REF*DP*043
DTM*999*20071204
RMR*IK*475320071205*PI*26.8*26.8*0
REF*PO*0020071206
REF*ST*04753
REF*DP*043
DTM*999*20071205
RMR*IK*476020071129*PI*86.4*86.4*0
REF*PO*0020071130
REF*ST*04760
REF*DP*043
DTM*999*20071129
RMR*IK*476020071130*PI*66.5*66.5*0
REF*PO*0020071201
REF*ST*04760
REF*DP*043
DTM*999*20071130
RMR*IK*476020071201*PI*47.4*47.4*0
REF*PO*0020071202
REF*ST*04760
REF*DP*043
DTM*999*20071201
RMR*IK*476020071202*PI*106.8*106.8*0
REF*PO*0020071203
REF*ST*04760
REF*DP*043
DTM*999*20071202
RMR*IK*476020071203*PI*108.3*108.3*0
REF*PO*0020071204
REF*ST*04760
REF*DP*043
DTM*999*20071203
RMR*IK*476020071204*PI*63*63*0
REF*PO*0020071205
REF*ST*04760
REF*DP*043
DTM*999*20071204
RMR*IK*476020071205*PI*30.6*30.6*0
REF*PO*0020071206
REF*ST*04760
REF*DP*043
DTM*999*20071205
RMR*IK*476920071129*PI*51*51*0
REF*PO*0020071130
REF*ST*04769
REF*DP*043
DTM*999*20071129
RMR*IK*476920071130*PI*81.6*81.6*0
REF*PO*0020071201
REF*ST*04769
REF*DP*043
DTM*999*20071130
RMR*IK*476920071201*PI*196.9*196.9*0
REF*PO*0020071202
REF*ST*04769
REF*DP*043
DTM*999*20071201
RMR*IK*476920071202*PI*65.8*65.8*0
REF*PO*0020071203
REF*ST*04769
REF*DP*043
DTM*999*20071202
RMR*IK*476920071203*PI*37*37*0
REF*PO*0020071204
REF*ST*04769
REF*DP*043
DTM*999*20071203
RMR*IK*476920071204*PI*36.4*36.4*0
REF*PO*0020071205
REF*ST*04769
REF*DP*043
DTM*999*20071204
RMR*IK*476920071205*PI*6*6*0
REF*PO*0020071206
REF*ST*04769
REF*DP*043
DTM*999*20071205
RMR*IK*481720071129*PI*80.2*80.2*0
REF*PO*0020071130
REF*ST*04817
REF*DP*043
DTM*999*20071129
RMR*IK*481720071130*PI*99.8*99.8*0
REF*PO*0020071201
REF*ST*04817
REF*DP*043
DTM*999*20071130
RMR*IK*481720071201*PI*120.6*120.6*0
REF*PO*0020071202
REF*ST*04817
REF*DP*043
DTM*999*20071201
RMR*IK*481720071202*PI*99.7*99.7*0
REF*PO*0020071203
REF*ST*04817
REF*DP*043
DTM*999*20071202
RMR*IK*481720071203*PI*76.5*76.5*0
REF*PO*0020071204
REF*ST*04817
REF*DP*043
DTM*999*20071203
RMR*IK*481720071204*PI*55*55*0
REF*PO*0020071205
REF*ST*04817
REF*DP*043
DTM*999*20071204
RMR*IK*481720071205*PI*40.1*40.1*0
REF*PO*0020071206
REF*ST*04817
REF*DP*043
DTM*999*20071205
RMR*IK*483520071129*PI*37*37*0
REF*PO*0020071130
REF*ST*04835
REF*DP*043
DTM*999*20071129
RMR*IK*483520071130*PI*36.8*36.8*0
REF*PO*0020071201
REF*ST*04835
REF*DP*043
DTM*999*20071130
RMR*IK*483520071201*PI*39.5*39.5*0
REF*PO*0020071202
REF*ST*04835
REF*DP*043
DTM*999*20071201
RMR*IK*483520071202*PI*37*37*0
REF*PO*0020071203
REF*ST*04835
REF*DP*043
DTM*999*20071202
RMR*IK*483520071203*PI*12.4*12.4*0
REF*PO*0020071204
REF*ST*04835
REF*DP*043
DTM*999*20071203
RMR*IK*483520071204*PI*55.6*55.6*0
REF*PO*0020071205
REF*ST*04835
REF*DP*043
DTM*999*20071204
RMR*IK*483520071205*PI*18.6*18.6*0
REF*PO*0020071206
REF*ST*04835
REF*DP*043
DTM*999*20071205
RMR*IK*488320071129*PI*51.8*51.8*0
REF*PO*0020071130
REF*ST*04883
REF*DP*043
DTM*999*20071129
RMR*IK*488320071130*PI*52.1*52.1*0
REF*PO*0020071201
REF*ST*04883
REF*DP*043
DTM*999*20071130
RMR*IK*488320071201*PI*27.7*27.7*0
REF*PO*0020071202
REF*ST*04883
REF*DP*043
DTM*999*20071201
RMR*IK*488320071202*PI*15.1*15.1*0
REF*PO*0020071203
REF*ST*04883
REF*DP*043
DTM*999*20071202
RMR*IK*488320071203*PI*49.4*49.4*0
REF*PO*0020071204
REF*ST*04883
REF*DP*043
DTM*999*20071203
RMR*IK*488320071204*PI*83.5*83.5*0
REF*PO*0020071205
REF*ST*04883
REF*DP*043
DTM*999*20071204
RMR*IK*488320071205*PI*77.5*77.5*0
REF*PO*0020071206
REF*ST*04883
REF*DP*043
DTM*999*20071205
RMR*IK*489820071129*PI*83.7*83.7*0
REF*PO*0020071130
REF*ST*04898
REF*DP*043
DTM*999*20071129
RMR*IK*489820071130*PI*43.8*43.8*0
REF*PO*0020071201
REF*ST*04898
REF*DP*043
DTM*999*20071130
RMR*IK*489820071201*PI*81.6*81.6*0
REF*PO*0020071202
REF*ST*04898
REF*DP*043
DTM*999*20071201
RMR*IK*489820071202*PI*105.1*105.1*0
REF*PO*0020071203
REF*ST*04898
REF*DP*043
DTM*999*20071202
RMR*IK*489820071203*PI*18.4*18.4*0
REF*PO*0020071204
REF*ST*04898
REF*DP*043
DTM*999*20071203
RMR*IK*489820071204*PI*47.4*47.4*0
REF*PO*0020071205
REF*ST*04898
REF*DP*043
DTM*999*20071204
RMR*IK*489820071205*PI*105.7*105.7*0
REF*PO*0020071206
REF*ST*04898
REF*DP*043
DTM*999*20071205
RMR*IK*497020071129*PI*33.3*33.3*0
REF*PO*0020071130
REF*ST*04970
REF*DP*043
DTM*999*20071129
RMR*IK*497020071130*PI*56.8*56.8*0
REF*PO*0020071201
REF*ST*04970
REF*DP*043
DTM*999*20071130
RMR*IK*497020071201*PI*41.1*41.1*0
REF*PO*0020071202
REF*ST*04970
REF*DP*043
DTM*999*20071201
RMR*IK*497020071202*PI*104.6*104.6*0
REF*PO*0020071203
REF*ST*04970
REF*DP*043
DTM*999*20071202
RMR*IK*497020071203*PI*108.5*108.5*0
REF*PO*0020071204
REF*ST*04970
REF*DP*043
DTM*999*20071203
RMR*IK*497020071204*PI*49.2*49.2*0
REF*PO*0020071205
REF*ST*04970
REF*DP*043
DTM*999*20071204
RMR*IK*497020071205*PI*46.5*46.5*0
REF*PO*0020071206
REF*ST*04970
REF*DP*043
DTM*999*20071205
RMR*IK*501420071129*PI*28.9*28.9*0
REF*PO*0020071201
REF*ST*05014
REF*DP*043
DTM*999*20071129
RMR*IK*501420071130*PI*88.8*88.8*0
REF*PO*0020071202
REF*ST*05014
REF*DP*043
DTM*999*20071130
RMR*IK*501420071201*PI*108.1*108.1*0
REF*PO*0020071203
REF*ST*05014
REF*DP*043
DTM*999*20071201
RMR*IK*501420071202*PI*92*92*0
REF*PO*0020071204
REF*ST*05014
REF*DP*043
DTM*999*20071202
RMR*IK*501420071203*PI*30.8*30.8*0
REF*PO*0020071205
REF*ST*05014
REF*DP*043
DTM*999*20071203
RMR*IK*501420071204*PI*94.1*94.1*0
REF*PO*0020071206
REF*ST*05014
REF*DP*043
DTM*999*20071204
RMR*IK*501420071205*PI*111.5*111.5*0
REF*PO*0020071207
REF*ST*05014
REF*DP*043
DTM*999*20071205
RMR*IK*502320071129*PI*9.3*9.3*0
REF*PO*0020071201
REF*ST*05023
REF*DP*043
DTM*999*20071129
RMR*IK*502320071130*PI*13.4*13.4*0
REF*PO*0020071202
REF*ST*05023
REF*DP*043
DTM*999*20071130
RMR*IK*502320071201*PI*114.9*114.9*0
REF*PO*0020071203
REF*ST*05023
REF*DP*043
DTM*999*20071201
RMR*IK*502320071202*PI*51.7*51.7*0
REF*PO*0020071204
REF*ST*05023
REF*DP*043
DTM*999*20071202
RMR*IK*502320071203*PI*44*44*0
REF*PO*0020071205
REF*ST*05023
REF*DP*043
DTM*999*20071203
RMR*IK*502320071204*PI*50.5*50.5*0
REF*PO*0020071206
REF*ST*05023
REF*DP*043
DTM*999*20071204
RMR*IK*502320071205*PI*25.8*25.8*0
REF*PO*0020071207
REF*ST*05023
REF*DP*043
DTM*999*20071205
RMR*IK*506620071129*PI*6.2*6.2*0
REF*PO*0020071201
REF*ST*05066
REF*DP*043
DTM*999*20071129
RMR*IK*506620071130*PI*24.8*24.8*0
REF*PO*0020071202
REF*ST*05066
REF*DP*043
DTM*999*20071130
RMR*IK*506620071201*PI*61.8*61.8*0
REF*PO*0020071203
REF*ST*05066
REF*DP*043
DTM*999*20071201
RMR*IK*506620071202*PI*27.7*27.7*0
REF*PO*0020071204
REF*ST*05066
REF*DP*043
DTM*999*20071202
RMR*IK*506620071204*PI*9.3*9.3*0
REF*PO*0020071206
REF*ST*05066
REF*DP*043
DTM*999*20071204
RMR*IK*506620071205*PI*6.2*6.2*0
REF*PO*0020071207
REF*ST*05066
REF*DP*043
DTM*999*20071205
RMR*IK*507020071129*PI*20.6*20.6*0
REF*PO*0020071201
REF*ST*05070
REF*DP*043
DTM*999*20071129
RMR*IK*507020071130*PI*53.7*53.7*0
REF*PO*0020071202
REF*ST*05070
REF*DP*043
DTM*999*20071130
RMR*IK*507020071201*PI*50.4*50.4*0
REF*PO*0020071203
REF*ST*05070
REF*DP*043
DTM*999*20071201
RMR*IK*507020071202*PI*21.7*21.7*0
REF*PO*0020071204
REF*ST*05070
REF*DP*043
DTM*999*20071202
RMR*IK*507020071203*PI*18.6*18.6*0
REF*PO*0020071205
REF*ST*05070
REF*DP*043
DTM*999*20071203
RMR*IK*507020071204*PI*15.5*15.5*0
REF*PO*0020071206
REF*ST*05070
REF*DP*043
DTM*999*20071204
RMR*IK*507020071205*PI*61.8*61.8*0
REF*PO*0020071207
REF*ST*05070
REF*DP*043
DTM*999*20071205
RMR*IK*507720071129*PI*31*31*0
REF*PO*0020071201
REF*ST*05077
REF*DP*043
DTM*999*20071129
RMR*IK*507720071130*PI*58.9*58.9*0
REF*PO*0020071202
REF*ST*05077
REF*DP*043
DTM*999*20071130
RMR*IK*507720071201*PI*107.5*107.5*0
REF*PO*0020071203
REF*ST*05077
REF*DP*043
DTM*999*20071201
RMR*IK*507720071202*PI*24.4*24.4*0
REF*PO*0020071204
REF*ST*05077
REF*DP*043
DTM*999*20071202
RMR*IK*507720071203*PI*56.1*56.1*0
REF*PO*0020071205
REF*ST*05077
REF*DP*043
DTM*999*20071203
RMR*IK*507720071204*PI*84*84*0
REF*PO*0020071206
REF*ST*05077
REF*DP*043
DTM*999*20071204
RMR*IK*507720071205*PI*318.1*318.1*0
REF*PO*0020071207
REF*ST*05077
REF*DP*043
DTM*999*20071205
RMR*IK*702820071129*PI*9.3*9.3*0
REF*PO*0020071130
REF*ST*07028
REF*DP*043
DTM*999*20071129
RMR*IK*702820071130*PI*58.9*58.9*0
REF*PO*0020071201
REF*ST*07028
REF*DP*043
DTM*999*20071130
RMR*IK*702820071201*PI*64.7*64.7*0
REF*PO*0020071202
REF*ST*07028
REF*DP*043
DTM*999*20071201
RMR*IK*702820071202*PI*71.3*71.3*0
REF*PO*0020071203
REF*ST*07028
REF*DP*043
DTM*999*20071202
RMR*IK*702820071203*PI*21.3*21.3*0
REF*PO*0020071204
REF*ST*07028
REF*DP*043
DTM*999*20071203
RMR*IK*702820071204*PI*6*6*0
REF*PO*0020071205
REF*ST*07028
REF*DP*043
DTM*999*20071204
RMR*IK*702820071205*PI*12.4*12.4*0
REF*PO*0020071206
REF*ST*07028
REF*DP*043
DTM*999*20071205
RMR*IK*704520071129*PI*19.6*19.6*0
REF*PO*0020071130
REF*ST*07045
REF*DP*043
DTM*999*20071129
RMR*IK*704520071130*PI*7.2*7.2*0
REF*PO*0020071201
REF*ST*07045
REF*DP*043
DTM*999*20071130
RMR*IK*704520071201*PI*35.9*35.9*0
REF*PO*0020071202
REF*ST*07045
REF*DP*043
DTM*999*20071201
RMR*IK*704520071202*PI*21.7*21.7*0
REF*PO*0020071203
REF*ST*07045
REF*DP*043
DTM*999*20071202
RMR*IK*704520071203*PI*87*87*0
REF*PO*0020071204
REF*ST*07045
REF*DP*043
DTM*999*20071203
RMR*IK*704520071204*PI*23.4*23.4*0
REF*PO*0020071205
REF*ST*07045
REF*DP*043
DTM*999*20071204
RMR*IK*704520071205*PI*11*11*0
REF*PO*0020071206
REF*ST*07045
REF*DP*043
DTM*999*20071205
RMR*IK*705920071129*PI*15.5*15.5*0
REF*PO*0020071130
REF*ST*07059
REF*DP*043
DTM*999*20071129
RMR*IK*705920071130*PI*45.7*45.7*0
REF*PO*0020071201
REF*ST*07059
REF*DP*043
DTM*999*20071130
RMR*IK*705920071201*PI*35.1*35.1*0
REF*PO*0020071202
REF*ST*07059
REF*DP*043
DTM*999*20071201
RMR*IK*705920071202*PI*24.8*24.8*0
REF*PO*0020071203
REF*ST*07059
REF*DP*043
DTM*999*20071202
RMR*IK*705920071203*PI*21.7*21.7*0
REF*PO*0020071204
REF*ST*07059
REF*DP*043
DTM*999*20071203
RMR*IK*705920071204*PI*88.4*88.4*0
REF*PO*0020071205
REF*ST*07059
REF*DP*043
DTM*999*20071204
RMR*IK*705920071205*PI*40.3*40.3*0
REF*PO*0020071206
REF*ST*07059
REF*DP*043
DTM*999*20071205
RMR*IK*706320071129*PI*18.4*18.4*0
REF*PO*0020071130
REF*ST*07063
REF*DP*043
DTM*999*20071129
RMR*IK*706320071130*PI*64.1*64.1*0
REF*PO*0020071201
REF*ST*07063
REF*DP*043
DTM*999*20071130
RMR*IK*706320071201*PI*43*43*0
REF*PO*0020071202
REF*ST*07063
REF*DP*043
DTM*999*20071201
RMR*IK*706320071202*PI*80.4*80.4*0
REF*PO*0020071203
REF*ST*07063
REF*DP*043
DTM*999*20071202
RMR*IK*706320071203*PI*21.7*21.7*0
REF*PO*0020071204
REF*ST*07063
REF*DP*043
DTM*999*20071203
RMR*IK*706320071204*PI*27.5*27.5*0
REF*PO*0020071205
REF*ST*07063
REF*DP*043
DTM*999*20071204
RMR*IK*706320071205*PI*26.4*26.4*0
REF*PO*0020071206
REF*ST*07063
REF*DP*043
DTM*999*20071205
RMR*IK*706420071129*PI*35.1*35.1*0
REF*PO*0020071130
REF*ST*07064
REF*DP*043
DTM*999*20071129
RMR*IK*706420071130*PI*43.2*43.2*0
REF*PO*0020071201
REF*ST*07064
REF*DP*043
DTM*999*20071130
RMR*IK*706420071201*PI*27.9*27.9*0
REF*PO*0020071202
REF*ST*07064
REF*DP*043
DTM*999*20071201
RMR*IK*706420071202*PI*21.7*21.7*0
REF*PO*0020071203
REF*ST*07064
REF*DP*043
DTM*999*20071202
RMR*IK*706420071203*PI*53.7*53.7*0
REF*PO*0020071204
REF*ST*07064
REF*DP*043
DTM*999*20071203
RMR*IK*706420071204*PI*32*32*0
REF*PO*0020071205
REF*ST*07064
REF*DP*043
DTM*999*20071204
RMR*IK*706420071205*PI*21.7*21.7*0
REF*PO*0020071206
REF*ST*07064
REF*DP*043
DTM*999*20071205
RMR*IK*706620071129*PI*35.6*35.6*0
REF*PO*0020071130
REF*ST*07066
REF*DP*043
DTM*999*20071129
RMR*IK*706620071130*PI*59.8*59.8*0
REF*PO*0020071201
REF*ST*07066
REF*DP*043
DTM*999*20071130
RMR*IK*706620071201*PI*60.9*60.9*0
REF*PO*0020071202
REF*ST*07066
REF*DP*043
DTM*999*20071201
RMR*IK*706620071202*PI*117.1*117.1*0
REF*PO*0020071203
REF*ST*07066
REF*DP*043
DTM*999*20071202
RMR*IK*706620071203*PI*81.3*81.3*0
REF*PO*0020071204
REF*ST*07066
REF*DP*043
DTM*999*20071203
RMR*IK*706620071204*PI*24.4*24.4*0
REF*PO*0020071205
REF*ST*07066
REF*DP*043
DTM*999*20071204
RMR*IK*706620071205*PI*47.8*47.8*0
REF*PO*0020071206
REF*ST*07066
REF*DP*043
DTM*999*20071205
RMR*IK*706920071129*PI*43.7*43.7*0
REF*PO*0020071130
REF*ST*07069
REF*DP*043
DTM*999*20071129
RMR*IK*706920071130*PI*53.5*53.5*0
REF*PO*0020071201
REF*ST*07069
REF*DP*043
DTM*999*20071130
RMR*IK*706920071201*PI*100.8*100.8*0
REF*PO*0020071202
REF*ST*07069
REF*DP*043
DTM*999*20071201
RMR*IK*706920071202*PI*86.8*86.8*0
REF*PO*0020071203
REF*ST*07069
REF*DP*043
DTM*999*20071202
RMR*IK*706920071203*PI*63*63*0
REF*PO*0020071204
REF*ST*07069
REF*DP*043
DTM*999*20071203
RMR*IK*706920071204*PI*133.3*133.3*0
REF*PO*0020071205
REF*ST*07069
REF*DP*043
DTM*999*20071204
RMR*IK*706920071205*PI*21.7*21.7*0
REF*PO*0020071206
REF*ST*07069
REF*DP*043
DTM*999*20071205
RMR*IK*707620071129*PI*118.3*118.3*0
REF*PO*0020071130
REF*ST*07076
REF*DP*043
DTM*999*20071129
RMR*IK*707620071130*PI*69.4*69.4*0
REF*PO*0020071201
REF*ST*07076
REF*DP*043
DTM*999*20071130
RMR*IK*707620071201*PI*48.8*48.8*0
REF*PO*0020071202
REF*ST*07076
REF*DP*043
DTM*999*20071201
RMR*IK*707620071202*PI*47.5*47.5*0
REF*PO*0020071203
REF*ST*07076
REF*DP*043
DTM*999*20071202
RMR*IK*707620071203*PI*114.1*114.1*0
REF*PO*0020071204
REF*ST*07076
REF*DP*043
DTM*999*20071203
RMR*IK*707620071204*PI*77.9*77.9*0
REF*PO*0020071205
REF*ST*07076
REF*DP*043
DTM*999*20071204
RMR*IK*707620071205*PI*62.8*62.8*0
REF*PO*0020071206
REF*ST*07076
REF*DP*043
DTM*999*20071205
RMR*IK*713220071129*PI*6.2*6.2*0
REF*PO*0020071130
REF*ST*07132
REF*DP*043
DTM*999*20071129
RMR*IK*713220071130*PI*54.7*54.7*0
REF*PO*0020071201
REF*ST*07132
REF*DP*043
DTM*999*20071130
RMR*IK*713220071201*PI*59.5*59.5*0
REF*PO*0020071202
REF*ST*07132
REF*DP*043
DTM*999*20071201
RMR*IK*713220071202*PI*54.8*54.8*0
REF*PO*0020071203
REF*ST*07132
REF*DP*043
DTM*999*20071202
RMR*IK*713220071203*PI*90.1*90.1*0
REF*PO*0020071204
REF*ST*07132
REF*DP*043
DTM*999*20071203
RMR*IK*713220071204*PI*36.1*36.1*0
REF*PO*0020071205
REF*ST*07132
REF*DP*043
DTM*999*20071204
RMR*IK*713220071205*PI*49.6*49.6*0
REF*PO*0020071206
REF*ST*07132
REF*DP*043
DTM*999*20071205
RMR*IK*714620071129*PI*9.3*9.3*0
REF*PO*0020071130
REF*ST*07146
REF*DP*043
DTM*999*20071129
RMR*IK*714620071130*PI*21.7*21.7*0
REF*PO*0020071201
REF*ST*07146
REF*DP*043
DTM*999*20071130
RMR*IK*714620071201*PI*40.3*40.3*0
REF*PO*0020071202
REF*ST*07146
REF*DP*043
DTM*999*20071201
RMR*IK*714620071202*PI*55.2*55.2*0
REF*PO*0020071203
REF*ST*07146
REF*DP*043
DTM*999*20071202
RMR*IK*714620071203*PI*37*37*0
REF*PO*0020071204
REF*ST*07146
REF*DP*043
DTM*999*20071203
RMR*IK*714620071204*PI*33.9*33.9*0
REF*PO*0020071205
REF*ST*07146
REF*DP*043
DTM*999*20071204
RMR*IK*714620071205*PI*21.3*21.3*0
REF*PO*0020071206
REF*ST*07146
REF*DP*043
DTM*999*20071205
RMR*IK*715420071129*PI*24.6*24.6*0
REF*PO*0020071130
REF*ST*07154
REF*DP*043
DTM*999*20071129
RMR*IK*715420071130*PI*64.4*64.4*0
REF*PO*0020071201
REF*ST*07154
REF*DP*043
DTM*999*20071130
RMR*IK*715420071201*PI*63.6*63.6*0
REF*PO*0020071202
REF*ST*07154
REF*DP*043
DTM*999*20071201
RMR*IK*715420071202*PI*54.8*54.8*0
REF*PO*0020071203
REF*ST*07154
REF*DP*043
DTM*999*20071202
RMR*IK*715420071203*PI*27.5*27.5*0
REF*PO*0020071204
REF*ST*07154
REF*DP*043
DTM*999*20071203
RMR*IK*715420071204*PI*31*31*0
REF*PO*0020071205
REF*ST*07154
REF*DP*043
DTM*999*20071204
RMR*IK*715420071205*PI*32*32*0
REF*PO*0020071206
REF*ST*07154
REF*DP*043
DTM*999*20071205
RMR*IK*725520071129*PI*15.5*15.5*0
REF*PO*0020071130
REF*ST*07255
REF*DP*043
DTM*999*20071129
RMR*IK*725520071130*PI*117.8*117.8*0
REF*PO*0020071201
REF*ST*07255
REF*DP*043
DTM*999*20071130
RMR*IK*725520071201*PI*183.7*183.7*0
REF*PO*0020071202
REF*ST*07255
REF*DP*043
DTM*999*20071201
RMR*IK*725520071202*PI*231.9*231.9*0
REF*PO*0020071203
REF*ST*07255
REF*DP*043
DTM*999*20071202
RMR*IK*725520071203*PI*137.3*137.3*0
REF*PO*0020071204
REF*ST*07255
REF*DP*043
DTM*999*20071203
RMR*IK*725520071204*PI*81*81*0
REF*PO*0020071205
REF*ST*07255
REF*DP*043
DTM*999*20071204
RMR*IK*725520071205*PI*129.9*129.9*0
REF*PO*0020071206
REF*ST*07255
REF*DP*043
DTM*999*20071205
RMR*IK*735320071129*PI*126.8*126.8*0
REF*PO*0020071130
REF*ST*07353
REF*DP*043
DTM*999*20071129
RMR*IK*735320071130*PI*73.7*73.7*0
REF*PO*0020071201
REF*ST*07353
REF*DP*043
DTM*999*20071130
RMR*IK*735320071201*PI*67.8*67.8*0
REF*PO*0020071202
REF*ST*07353
REF*DP*043
DTM*999*20071201
RMR*IK*735320071202*PI*43*43*0
REF*PO*0020071203
REF*ST*07353
REF*DP*043
DTM*999*20071202
RMR*IK*735320071203*PI*57.8*57.8*0
REF*PO*0020071204
REF*ST*07353
REF*DP*043
DTM*999*20071203
RMR*IK*735320071204*PI*71.1*71.1*0
REF*PO*0020071205
REF*ST*07353
REF*DP*043
DTM*999*20071204
RMR*IK*735320071205*PI*71.9*71.9*0
REF*PO*0020071206
REF*ST*07353
REF*DP*043
DTM*999*20071205
RMR*IK*735420071129*PI*9.3*9.3*0
REF*PO*0020071130
REF*ST*07354
REF*DP*043
DTM*999*20071129
RMR*IK*735420071130*PI*29.7*29.7*0
REF*PO*0020071201
REF*ST*07354
REF*DP*043
DTM*999*20071130
RMR*IK*735420071201*PI*68*68*0
REF*PO*0020071202
REF*ST*07354
REF*DP*043
DTM*999*20071201
RMR*IK*735420071202*PI*27.9*27.9*0
REF*PO*0020071203
REF*ST*07354
REF*DP*043
DTM*999*20071202
RMR*IK*735420071203*PI*33.9*33.9*0
REF*PO*0020071204
REF*ST*07354
REF*DP*043
DTM*999*20071203
RMR*IK*735420071204*PI*64.3*64.3*0
REF*PO*0020071205
REF*ST*07354
REF*DP*043
DTM*999*20071204
RMR*IK*735420071205*PI*120.3*120.3*0
REF*PO*0020071206
REF*ST*07354
REF*DP*043
DTM*999*20071205
RMR*IK*735820071129*PI*53.5*53.5*0
REF*PO*0020071130
REF*ST*07358
REF*DP*043
DTM*999*20071129
RMR*IK*735820071130*PI*75.2*75.2*0
REF*PO*0020071201
REF*ST*07358
REF*DP*043
DTM*999*20071130
RMR*IK*735820071201*PI*149*149*0
REF*PO*0020071202
REF*ST*07358
REF*DP*043
DTM*999*20071201
RMR*IK*735820071202*PI*92.3*92.3*0
REF*PO*0020071203
REF*ST*07358
REF*DP*043
DTM*999*20071202
RMR*IK*735820071203*PI*82.7*82.7*0
REF*PO*0020071204
REF*ST*07358
REF*DP*043
DTM*999*20071203
RMR*IK*735820071204*PI*119.8*119.8*0
REF*PO*0020071205
REF*ST*07358
REF*DP*043
DTM*999*20071204
RMR*IK*735820071205*PI*306.1*306.1*0
REF*PO*0020071206
REF*ST*07358
REF*DP*043
DTM*999*20071205
RMR*IK*736020071129*PI*12.2*12.2*0
REF*PO*0020071130
REF*ST*07360
REF*DP*043
DTM*999*20071129
RMR*IK*736020071130*PI*24.4*24.4*0
REF*PO*0020071201
REF*ST*07360
REF*DP*043
DTM*999*20071130
RMR*IK*736020071201*PI*36.2*36.2*0
REF*PO*0020071202
REF*ST*07360
REF*DP*043
DTM*999*20071201
RMR*IK*736020071202*PI*51.5*51.5*0
REF*PO*0020071203
REF*ST*07360
REF*DP*043
DTM*999*20071202
RMR*IK*736020071203*PI*62.9*62.9*0
REF*PO*0020071204
REF*ST*07360
REF*DP*043
DTM*999*20071203
RMR*IK*736020071204*PI*75.4*75.4*0
REF*PO*0020071205
REF*ST*07360
REF*DP*043
DTM*999*20071204
RMR*IK*736020071205*PI*65*65*0
REF*PO*0020071206
REF*ST*07360
REF*DP*043
DTM*999*20071205
RMR*IK*736220071129*PI*24.6*24.6*0
REF*PO*0020071130
REF*ST*07362
REF*DP*043
DTM*999*20071129
RMR*IK*736220071130*PI*75.4*75.4*0
REF*PO*0020071201
REF*ST*07362
REF*DP*043
DTM*999*20071130
RMR*IK*736220071201*PI*74*74*0
REF*PO*0020071202
REF*ST*07362
REF*DP*043
DTM*999*20071201
RMR*IK*736220071202*PI*89.5*89.5*0
REF*PO*0020071203
REF*ST*07362
REF*DP*043
DTM*999*20071202
RMR*IK*736220071203*PI*24.8*24.8*0
REF*PO*0020071204
REF*ST*07362
REF*DP*043
DTM*999*20071203
RMR*IK*736220071204*PI*57.5*57.5*0
REF*PO*0020071205
REF*ST*07362
REF*DP*043
DTM*999*20071204
RMR*IK*736220071205*PI*9.3*9.3*0
REF*PO*0020071206
REF*ST*07362
REF*DP*043
DTM*999*20071205
RMR*IK*738820071129*PI*111.6*111.6*0
REF*PO*0020071130
REF*ST*07388
REF*DP*043
DTM*999*20071129
RMR*IK*738820071130*PI*51.4*51.4*0
REF*PO*0020071201
REF*ST*07388
REF*DP*043
DTM*999*20071130
RMR*IK*738820071201*PI*83*83*0
REF*PO*0020071202
REF*ST*07388
REF*DP*043
DTM*999*20071201
RMR*IK*738820071202*PI*104.8*104.8*0
REF*PO*0020071203
REF*ST*07388
REF*DP*043
DTM*999*20071202
RMR*IK*738820071203*PI*65.1*65.1*0
REF*PO*0020071204
REF*ST*07388
REF*DP*043
DTM*999*20071203
RMR*IK*738820071204*PI*113.9*113.9*0
REF*PO*0020071205
REF*ST*07388
REF*DP*043
DTM*999*20071204
RMR*IK*738820071205*PI*49*49*0
REF*PO*0020071206
REF*ST*07388
REF*DP*043
DTM*999*20071205
RMR*IK*743720071129*PI*9.1*9.1*0
REF*PO*0020071130
REF*ST*07437
REF*DP*043
DTM*999*20071129
RMR*IK*743720071130*PI*6.2*6.2*0
REF*PO*0020071201
REF*ST*07437
REF*DP*043
DTM*999*20071130
RMR*IK*743720071201*PI*18.6*18.6*0
REF*PO*0020071202
REF*ST*07437
REF*DP*043
DTM*999*20071201
RMR*IK*743720071202*PI*35.1*35.1*0
REF*PO*0020071203
REF*ST*07437
REF*DP*043
DTM*999*20071202
RMR*IK*743720071204*PI*49.6*49.6*0
REF*PO*0020071205
REF*ST*07437
REF*DP*043
DTM*999*20071204
RMR*IK*743720071205*PI*24.2*24.2*0
REF*PO*0020071206
REF*ST*07437
REF*DP*043
DTM*999*20071205
RMR*IK*746020071129*PI*12.4*12.4*0
REF*PO*0020071130
REF*ST*07460
REF*DP*043
DTM*999*20071129
RMR*IK*746020071130*PI*52.3*52.3*0
REF*PO*0020071201
REF*ST*07460
REF*DP*043
DTM*999*20071130
RMR*IK*746020071201*PI*33.9*33.9*0
REF*PO*0020071202
REF*ST*07460
REF*DP*043
DTM*999*20071201
RMR*IK*746020071202*PI*46.3*46.3*0
REF*PO*0020071203
REF*ST*07460
REF*DP*043
DTM*999*20071202
RMR*IK*746020071203*PI*18.6*18.6*0
REF*PO*0020071204
REF*ST*07460
REF*DP*043
DTM*999*20071203
RMR*IK*746020071204*PI*58.3*58.3*0
REF*PO*0020071205
REF*ST*07460
REF*DP*043
DTM*999*20071204
RMR*IK*746020071205*PI*89.5*89.5*0
REF*PO*0020071206
REF*ST*07460
REF*DP*043
DTM*999*20071205
RMR*IK*746120071129*PI*9.3*9.3*0
REF*PO*0020071130
REF*ST*07461
REF*DP*043
DTM*999*20071129
RMR*IK*746120071130*PI*41.1*41.1*0
REF*PO*0020071201
REF*ST*07461
REF*DP*043
DTM*999*20071130
RMR*IK*746120071201*PI*43.3*43.3*0
REF*PO*0020071202
REF*ST*07461
REF*DP*043
DTM*999*20071201
RMR*IK*746120071202*PI*66.3*66.3*0
REF*PO*0020071203
REF*ST*07461
REF*DP*043
DTM*999*20071202
RMR*IK*746120071203*PI*45.9*45.9*0
REF*PO*0020071204
REF*ST*07461
REF*DP*043
DTM*999*20071203
RMR*IK*746120071204*PI*96.7*96.7*0
REF*PO*0020071205
REF*ST*07461
REF*DP*043
DTM*999*20071204
RMR*IK*746120071205*PI*31*31*0
REF*PO*0020071206
REF*ST*07461
REF*DP*043
DTM*999*20071205
RMR*IK*755820071129*PI*36.1*36.1*0
REF*PO*0020071130
REF*ST*07558
REF*DP*043
DTM*999*20071129
RMR*IK*755820071130*PI*6.2*6.2*0
REF*PO*0020071201
REF*ST*07558
REF*DP*043
DTM*999*20071130
RMR*IK*755820071201*PI*42.3*42.3*0
REF*PO*0020071202
REF*ST*07558
REF*DP*043
DTM*999*20071201
RMR*IK*755820071202*PI*135.1*135.1*0
REF*PO*0020071203
REF*ST*07558
REF*DP*043
DTM*999*20071202
RMR*IK*755820071203*PI*61.85*61.85*0
REF*PO*0020071204
REF*ST*07558
REF*DP*043
DTM*999*20071203
RMR*IK*755820071204*PI*94*94*0
REF*PO*0020071205
REF*ST*07558
REF*DP*043
DTM*999*20071204
RMR*IK*755820071205*PI*55.8*55.8*0
REF*PO*0020071206
REF*ST*07558
REF*DP*043
DTM*999*20071205
RMR*IK*760720071129*PI*41.3*41.3*0
REF*PO*0020071130
REF*ST*07607
REF*DP*043
DTM*999*20071129
RMR*IK*760720071130*PI*113.5*113.5*0
REF*PO*0020071201
REF*ST*07607
REF*DP*043
DTM*999*20071130
RMR*IK*760720071201*PI*89.8*89.8*0
REF*PO*0020071202
REF*ST*07607
REF*DP*043
DTM*999*20071201
RMR*IK*760720071202*PI*43.4*43.4*0
REF*PO*0020071203
REF*ST*07607
REF*DP*043
DTM*999*20071202
RMR*IK*760720071203*PI*68.2*68.2*0
REF*PO*0020071204
REF*ST*07607
REF*DP*043
DTM*999*20071203
RMR*IK*760720071204*PI*159.2*159.2*0
REF*PO*0020071205
REF*ST*07607
REF*DP*043
DTM*999*20071204
RMR*IK*760720071205*PI*149.3*149.3*0
REF*PO*0020071206
REF*ST*07607
REF*DP*043
DTM*999*20071205
RMR*IK*761020071129*PI*18.6*18.6*0
REF*PO*0020071130
REF*ST*07610
REF*DP*043
DTM*999*20071129
RMR*IK*761020071130*PI*41.3*41.3*0
REF*PO*0020071201
REF*ST*07610
REF*DP*043
DTM*999*20071130
RMR*IK*761020071201*PI*75.3*75.3*0
REF*PO*0020071202
REF*ST*07610
REF*DP*043
DTM*999*20071201
RMR*IK*761020071202*PI*120.8*120.8*0
REF*PO*0020071203
REF*ST*07610
REF*DP*043
DTM*999*20071202
RMR*IK*761020071203*PI*53.5*53.5*0
REF*PO*0020071204
REF*ST*07610
REF*DP*043
DTM*999*20071203
RMR*IK*761020071204*PI*52.5*52.5*0
REF*PO*0020071205
REF*ST*07610
REF*DP*043
DTM*999*20071204
RMR*IK*761020071205*PI*52.7*52.7*0
REF*PO*0020071206
REF*ST*07610
REF*DP*043
DTM*999*20071205
RMR*IK*761320071129*PI*12.4*12.4*0
REF*PO*0020071130
REF*ST*07613
REF*DP*043
DTM*999*20071129
RMR*IK*761320071130*PI*200.1*200.1*0
REF*PO*0020071201
REF*ST*07613
REF*DP*043
DTM*999*20071130
RMR*IK*761320071201*PI*202.4*202.4*0
REF*PO*0020071202
REF*ST*07613
REF*DP*043
DTM*999*20071201
RMR*IK*761320071202*PI*201.8*201.8*0
REF*PO*0020071203
REF*ST*07613
REF*DP*043
DTM*999*20071202
RMR*IK*761320071203*PI*129.6*129.6*0
REF*PO*0020071204
REF*ST*07613
REF*DP*043
DTM*999*20071203
RMR*IK*761320071204*PI*107.2*107.2*0
REF*PO*0020071205
REF*ST*07613
REF*DP*043
DTM*999*20071204
RMR*IK*761320071205*PI*88.5*88.5*0
REF*PO*0020071206
REF*ST*07613
REF*DP*043
DTM*999*20071205
RMR*IK*762920071129*PI*3.1*3.1*0
REF*PO*0020071130
REF*ST*07629
REF*DP*043
DTM*999*20071129
RMR*IK*762920071130*PI*59.9*59.9*0
REF*PO*0020071201
REF*ST*07629
REF*DP*043
DTM*999*20071130
RMR*IK*762920071201*PI*141*141*0
REF*PO*0020071202
REF*ST*07629
REF*DP*043
DTM*999*20071201
RMR*IK*762920071202*PI*49.6*49.6*0
REF*PO*0020071203
REF*ST*07629
REF*DP*043
DTM*999*20071202
RMR*IK*762920071203*PI*53.3*53.3*0
REF*PO*0020071204
REF*ST*07629
REF*DP*043
DTM*999*20071203
RMR*IK*762920071204*PI*83.6*83.6*0
REF*PO*0020071205
REF*ST*07629
REF*DP*043
DTM*999*20071204
RMR*IK*762920071205*PI*53.7*53.7*0
REF*PO*0020071206
REF*ST*07629
REF*DP*043
DTM*999*20071205
RMR*IK*763720071130*PI*12.4*12.4*0
REF*PO*0020071201
REF*ST*07637
REF*DP*043
DTM*999*20071130
RMR*IK*763720071201*PI*37.2*37.2*0
REF*PO*0020071202
REF*ST*07637
REF*DP*043
DTM*999*20071201
RMR*IK*763720071202*PI*74*74*0
REF*PO*0020071203
REF*ST*07637
REF*DP*043
DTM*999*20071202
RMR*IK*763720071203*PI*30.6*30.6*0
REF*PO*0020071204
REF*ST*07637
REF*DP*043
DTM*999*20071203
RMR*IK*763720071204*PI*21.5*21.5*0
REF*PO*0020071205
REF*ST*07637
REF*DP*043
DTM*999*20071204
RMR*IK*763720071205*PI*55.8*55.8*0
REF*PO*0020071206
REF*ST*07637
REF*DP*043
DTM*999*20071205
RMR*IK*771820071129*PI*27.9*27.9*0
REF*PO*0020071130
REF*ST*07718
REF*DP*043
DTM*999*20071129
RMR*IK*771820071130*PI*70.5*70.5*0
REF*PO*0020071201
REF*ST*07718
REF*DP*043
DTM*999*20071130
RMR*IK*771820071201*PI*101.9*101.9*0
REF*PO*0020071202
REF*ST*07718
REF*DP*043
DTM*999*20071201
RMR*IK*771820071202*PI*54*54*0
REF*PO*0020071203
REF*ST*07718
REF*DP*043
DTM*999*20071202
RMR*IK*771820071203*PI*36.1*36.1*0
REF*PO*0020071204
REF*ST*07718
REF*DP*043
DTM*999*20071203
RMR*IK*771820071204*PI*138.7*138.7*0
REF*PO*0020071205
REF*ST*07718
REF*DP*043
DTM*999*20071204
RMR*IK*771820071205*PI*192.1*192.1*0
REF*PO*0020071206
REF*ST*07718
REF*DP*043
DTM*999*20071205
RMR*IK*771920071129*PI*25.8*25.8*0
REF*PO*0020071130
REF*ST*07719
REF*DP*043
DTM*999*20071129
RMR*IK*771920071130*PI*142.6*142.6*0
REF*PO*0020071201
REF*ST*07719
REF*DP*043
DTM*999*20071130
RMR*IK*771920071201*PI*161.85*161.85*0
REF*PO*0020071202
REF*ST*07719
REF*DP*043
DTM*999*20071201
RMR*IK*771920071202*PI*105.8*105.8*0
REF*PO*0020071203
REF*ST*07719
REF*DP*043
DTM*999*20071202
RMR*IK*771920071203*PI*52.5*52.5*0
REF*PO*0020071204
REF*ST*07719
REF*DP*043
DTM*999*20071203
RMR*IK*771920071204*PI*60.4*60.4*0
REF*PO*0020071205
REF*ST*07719
REF*DP*043
DTM*999*20071204
RMR*IK*771920071205*PI*142.2*142.2*0
REF*PO*0020071206
REF*ST*07719
REF*DP*043
DTM*999*20071205
RMR*IK*921720071129*PI*3.1*3.1*0
REF*PO*0020071130
REF*ST*09217
REF*DP*043
DTM*999*20071129
RMR*IK*921720071130*PI*21.5*21.5*0
REF*PO*0020071201
REF*ST*09217
REF*DP*043
DTM*999*20071130
RMR*IK*921720071201*PI*115.6*115.6*0
REF*PO*0020071202
REF*ST*09217
REF*DP*043
DTM*999*20071201
RMR*IK*921720071202*PI*119*119*0
REF*PO*0020071203
REF*ST*09217
REF*DP*043
DTM*999*20071202
RMR*IK*921720071203*PI*58.1*58.1*0
REF*PO*0020071204
REF*ST*09217
REF*DP*043
DTM*999*20071203
RMR*IK*921720071204*PI*24.8*24.8*0
REF*PO*0020071205
REF*ST*09217
REF*DP*043
DTM*999*20071204
RMR*IK*921720071205*PI*68*68*0
REF*PO*0020071206
REF*ST*09217
REF*DP*043
DTM*999*20071205
RMR*IK*951320071129*PI*27.1*27.1*0
REF*PO*0020071130
REF*ST*09513
REF*DP*043
DTM*999*20071129
RMR*IK*951320071130*PI*83.9*83.9*0
REF*PO*0020071201
REF*ST*09513
REF*DP*043
DTM*999*20071130
RMR*IK*951320071201*PI*77.7*77.7*0
REF*PO*0020071202
REF*ST*09513
REF*DP*043
DTM*999*20071201
RMR*IK*951320071202*PI*77.1*77.1*0
REF*PO*0020071203
REF*ST*09513
REF*DP*043
DTM*999*20071202
RMR*IK*951320071203*PI*6.2*6.2*0
REF*PO*0020071204
REF*ST*09513
REF*DP*043
DTM*999*20071203
RMR*IK*951320071204*PI*12.2*12.2*0
REF*PO*0020071205
REF*ST*09513
REF*DP*043
DTM*999*20071204
RMR*IK*951320071205*PI*22.5*22.5*0
REF*PO*0020071206
REF*ST*09513
REF*DP*043
DTM*999*20071205
RMR*IK*956020071129*PI*12.2*12.2*0
REF*PO*0020071130
REF*ST*09560
REF*DP*043
DTM*999*20071129
RMR*IK*956020071130*PI*33*33*0
REF*PO*0020071201
REF*ST*09560
REF*DP*043
DTM*999*20071130
RMR*IK*956020071201*PI*12.4*12.4*0
REF*PO*0020071202
REF*ST*09560
REF*DP*043
DTM*999*20071201
RMR*IK*956020071202*PI*33*33*0
REF*PO*0020071203
REF*ST*09560
REF*DP*043
DTM*999*20071202
RMR*IK*956020071203*PI*31*31*0
REF*PO*0020071204
REF*ST*09560
REF*DP*043
DTM*999*20071203
RMR*IK*956020071204*PI*6.2*6.2*0
REF*PO*0020071205
REF*ST*09560
REF*DP*043
DTM*999*20071204
RMR*IK*956020071205*PI*27.9*27.9*0
REF*PO*0020071206
REF*ST*09560
REF*DP*043
DTM*999*20071205
RMR*IK*957120071130*PI*45.9*45.9*0
REF*PO*0020071201
REF*ST*09571
REF*DP*043
DTM*999*20071130
RMR*IK*957120071201*PI*20.6*20.6*0
REF*PO*0020071202
REF*ST*09571
REF*DP*043
DTM*999*20071201
RMR*IK*957120071202*PI*34.9*34.9*0
REF*PO*0020071203
REF*ST*09571
REF*DP*043
DTM*999*20071202
RMR*IK*957120071203*PI*36.8*36.8*0
REF*PO*0020071204
REF*ST*09571
REF*DP*043
DTM*999*20071203
RMR*IK*957120071204*PI*9.3*9.3*0
REF*PO*0020071205
REF*ST*09571
REF*DP*043
DTM*999*20071204
RMR*IK*957120071205*PI*78.3*78.3*0
REF*PO*0020071206
REF*ST*09571
REF*DP*043
DTM*999*20071205
RMR*IK*962020071129*PI*55.7*55.7*0
REF*PO*0020071130
REF*ST*09620
REF*DP*043
DTM*999*20071129
RMR*IK*962020071130*PI*46.3*46.3*0
REF*PO*0020071201
REF*ST*09620
REF*DP*043
DTM*999*20071130
RMR*IK*962020071201*PI*81*81*0
REF*PO*0020071202
REF*ST*09620
REF*DP*043
DTM*999*20071201
RMR*IK*962020071202*PI*45.1*45.1*0
REF*PO*0020071203
REF*ST*09620
REF*DP*043
DTM*999*20071202
RMR*IK*962020071203*PI*34.1*34.1*0
REF*PO*0020071204
REF*ST*09620
REF*DP*043
DTM*999*20071203
RMR*IK*962020071204*PI*68.2*68.2*0
REF*PO*0020071205
REF*ST*09620
REF*DP*043
DTM*999*20071204
RMR*IK*962020071205*PI*27.9*27.9*0
REF*PO*0020071206
REF*ST*09620
REF*DP*043
DTM*999*20071205
RMR*IK*962120071129*PI*52.7*52.7*0
REF*PO*0020071130
REF*ST*09621
REF*DP*043
DTM*999*20071129
RMR*IK*962120071130*PI*58.1*58.1*0
REF*PO*0020071201
REF*ST*09621
REF*DP*043
DTM*999*20071130
RMR*IK*962120071201*PI*69.1*69.1*0
REF*PO*0020071202
REF*ST*09621
REF*DP*043
DTM*999*20071201
RMR*IK*962120071202*PI*54.5*54.5*0
REF*PO*0020071203
REF*ST*09621
REF*DP*043
DTM*999*20071202
RMR*IK*962120071203*PI*90.6*90.6*0
REF*PO*0020071204
REF*ST*09621
REF*DP*043
DTM*999*20071203
RMR*IK*962120071204*PI*49.2*49.2*0
REF*PO*0020071205
REF*ST*09621
REF*DP*043
DTM*999*20071204
RMR*IK*962120071205*PI*18.6*18.6*0
REF*PO*0020071206
REF*ST*09621
REF*DP*043
DTM*999*20071205
RMR*IK*962220071129*PI*18.4*18.4*0
REF*PO*0020071130
REF*ST*09622
REF*DP*043
DTM*999*20071129
RMR*IK*962220071130*PI*67.8*67.8*0
REF*PO*0020071201
REF*ST*09622
REF*DP*043
DTM*999*20071130
RMR*IK*962220071201*PI*85*85*0
REF*PO*0020071202
REF*ST*09622
REF*DP*043
DTM*999*20071201
RMR*IK*962220071202*PI*82*82*0
REF*PO*0020071203
REF*ST*09622
REF*DP*043
DTM*999*20071202
RMR*IK*962220071203*PI*58.1*58.1*0
REF*PO*0020071204
REF*ST*09622
REF*DP*043
DTM*999*20071203
RMR*IK*962220071204*PI*68*68*0
REF*PO*0020071205
REF*ST*09622
REF*DP*043
DTM*999*20071204
RMR*IK*962220071205*PI*45.1*45.1*0
REF*PO*0020071206
REF*ST*09622
REF*DP*043
DTM*999*20071205
RMR*IK*962520071129*PI*43.4*43.4*0
REF*PO*0020071130
REF*ST*09625
REF*DP*043
DTM*999*20071129
RMR*IK*962520071130*PI*15.5*15.5*0
REF*PO*0020071201
REF*ST*09625
REF*DP*043
DTM*999*20071130
RMR*IK*962520071201*PI*61.4*61.4*0
REF*PO*0020071202
REF*ST*09625
REF*DP*043
DTM*999*20071201
RMR*IK*962520071202*PI*48.2*48.2*0
REF*PO*0020071203
REF*ST*09625
REF*DP*043
DTM*999*20071202
RMR*IK*962520071203*PI*83.7*83.7*0
REF*PO*0020071204
REF*ST*09625
REF*DP*043
DTM*999*20071203
RMR*IK*962520071204*PI*38.9*38.9*0
REF*PO*0020071205
REF*ST*09625
REF*DP*043
DTM*999*20071204
RMR*IK*962520071205*PI*118.5*118.5*0
REF*PO*0020071206
REF*ST*09625
REF*DP*043
DTM*999*20071205
RMR*IK*962920071129*PI*132.9*132.9*0
REF*PO*0020071130
REF*ST*09629
REF*DP*043
DTM*999*20071129
RMR*IK*962920071130*PI*62*62*0
REF*PO*0020071201
REF*ST*09629
REF*DP*043
DTM*999*20071130
RMR*IK*962920071201*PI*54.5*54.5*0
REF*PO*0020071202
REF*ST*09629
REF*DP*043
DTM*999*20071201
RMR*IK*962920071202*PI*27.7*27.7*0
REF*PO*0020071203
REF*ST*09629
REF*DP*043
DTM*999*20071202
RMR*IK*962920071203*PI*62*62*0
REF*PO*0020071204
REF*ST*09629
REF*DP*043
DTM*999*20071203
RMR*IK*962920071204*PI*12.4*12.4*0
REF*PO*0020071205
REF*ST*09629
REF*DP*043
DTM*999*20071204
RMR*IK*962920071205*PI*48.2*48.2*0
REF*PO*0020071206
REF*ST*09629
REF*DP*043
DTM*999*20071205
RMR*IK*963320071129*PI*24.8*24.8*0
REF*PO*0020071130
REF*ST*09633
REF*DP*043
DTM*999*20071129
RMR*IK*963320071130*PI*83.6*83.6*0
REF*PO*0020071201
REF*ST*09633
REF*DP*043
DTM*999*20071130
RMR*IK*963320071201*PI*43.2*43.2*0
REF*PO*0020071202
REF*ST*09633
REF*DP*043
DTM*999*20071201
RMR*IK*963320071202*PI*44.4*44.4*0
REF*PO*0020071203
REF*ST*09633
REF*DP*043
DTM*999*20071202
RMR*IK*963320071203*PI*55.4*55.4*0
REF*PO*0020071204
REF*ST*09633
REF*DP*043
DTM*999*20071203
RMR*IK*963320071204*PI*111.3*111.3*0
REF*PO*0020071205
REF*ST*09633
REF*DP*043
DTM*999*20071204
RMR*IK*963320071205*PI*25.6*25.6*0
REF*PO*0020071206
REF*ST*09633
REF*DP*043
DTM*999*20071205
RMR*IK*963920071130*PI*18.6*18.6*0
REF*PO*0020071201
REF*ST*09639
REF*DP*043
DTM*999*20071130
RMR*IK*963920071201*PI*21.7*21.7*0
REF*PO*0020071202
REF*ST*09639
REF*DP*043
DTM*999*20071201
RMR*IK*963920071202*PI*18.4*18.4*0
REF*PO*0020071203
REF*ST*09639
REF*DP*043
DTM*999*20071202
RMR*IK*963920071203*PI*40.3*40.3*0
REF*PO*0020071204
REF*ST*09639
REF*DP*043
DTM*999*20071203
RMR*IK*963920071204*PI*21.5*21.5*0
REF*PO*0020071205
REF*ST*09639
REF*DP*043
DTM*999*20071204
RMR*IK*963920071205*PI*43.2*43.2*0
REF*PO*0020071206
REF*ST*09639
REF*DP*043
DTM*999*20071205
RMR*IK*964820071129*PI*77.5*77.5*0
REF*PO*0020071130
REF*ST*09648
REF*DP*043
DTM*999*20071129
RMR*IK*964820071130*PI*87.8*87.8*0
REF*PO*0020071201
REF*ST*09648
REF*DP*043
DTM*999*20071130
RMR*IK*964820071201*PI*129.6*129.6*0
REF*PO*0020071202
REF*ST*09648
REF*DP*043
DTM*999*20071201
RMR*IK*964820071202*PI*71.1*71.1*0
REF*PO*0020071203
REF*ST*09648
REF*DP*043
DTM*999*20071202
RMR*IK*964820071203*PI*177.8*177.8*0
REF*PO*0020071204
REF*ST*09648
REF*DP*043
DTM*999*20071203
RMR*IK*964820071204*PI*43.4*43.4*0
REF*PO*0020071205
REF*ST*09648
REF*DP*043
DTM*999*20071204
RMR*IK*964820071205*PI*88.6*88.6*0
REF*PO*0020071206
REF*ST*09648
REF*DP*043
DTM*999*20071205
RMR*IK*967420071129*PI*60.6*60.6*0
REF*PO*0020071130
REF*ST*09674
REF*DP*043
DTM*999*20071129
RMR*IK*967420071130*PI*80.5*80.5*0
REF*PO*0020071201
REF*ST*09674
REF*DP*043
DTM*999*20071130
RMR*IK*967420071201*PI*103.7*103.7*0
REF*PO*0020071202
REF*ST*09674
REF*DP*043
DTM*999*20071201
RMR*IK*967420071202*PI*61*61*0
REF*PO*0020071203
REF*ST*09674
REF*DP*043
DTM*999*20071202
RMR*IK*967420071203*PI*119.2*119.2*0
REF*PO*0020071204
REF*ST*09674
REF*DP*043
DTM*999*20071203
RMR*IK*967420071204*PI*84.5*84.5*0
REF*PO*0020071205
REF*ST*09674
REF*DP*043
DTM*999*20071204
RMR*IK*967420071205*PI*205.5*205.5*0
REF*PO*0020071206
REF*ST*09674
REF*DP*043
DTM*999*20071205
RMR*IK*971420071129*PI*89.7*89.7*0
REF*PO*0020071130
REF*ST*09714
REF*DP*043
DTM*999*20071129
RMR*IK*971420071130*PI*23.7*23.7*0
REF*PO*0020071201
REF*ST*09714
REF*DP*043
DTM*999*20071130
RMR*IK*971420071201*PI*170*170*0
REF*PO*0020071202
REF*ST*09714
REF*DP*043
DTM*999*20071201
RMR*IK*971420071202*PI*164.5*164.5*0
REF*PO*0020071203
REF*ST*09714
REF*DP*043
DTM*999*20071202
RMR*IK*971420071203*PI*68.2*68.2*0
REF*PO*0020071204
REF*ST*09714
REF*DP*043
DTM*999*20071203
RMR*IK*971420071204*PI*66.4*66.4*0
REF*PO*0020071205
REF*ST*09714
REF*DP*043
DTM*999*20071204
RMR*IK*971420071205*PI*141.2*141.2*0
REF*PO*0020071206
REF*ST*09714
REF*DP*043
DTM*999*20071205
RMR*IK*972820071129*PI*25.8*25.8*0
REF*PO*0020071130
REF*ST*09728
REF*DP*043
DTM*999*20071129
RMR*IK*972820071130*PI*34.9*34.9*0
REF*PO*0020071201
REF*ST*09728
REF*DP*043
DTM*999*20071130
RMR*IK*972820071201*PI*70.1*70.1*0
REF*PO*0020071202
REF*ST*09728
REF*DP*043
DTM*999*20071201
RMR*IK*972820071202*PI*31*31*0
REF*PO*0020071203
REF*ST*09728
REF*DP*043
DTM*999*20071202
RMR*IK*972820071203*PI*49.3*49.3*0
REF*PO*0020071204
REF*ST*09728
REF*DP*043
DTM*999*20071203
RMR*IK*972820071204*PI*31.8*31.8*0
REF*PO*0020071205
REF*ST*09728
REF*DP*043
DTM*999*20071204
RMR*IK*972820071205*PI*25.8*25.8*0
REF*PO*0020071206
REF*ST*09728
REF*DP*043
DTM*999*20071205
RMR*IK*973520071129*PI*25.8*25.8*0
REF*PO*0020071130
REF*ST*09735
REF*DP*043
DTM*999*20071129
RMR*IK*973520071130*PI*37.2*37.2*0
REF*PO*0020071201
REF*ST*09735
REF*DP*043
DTM*999*20071130
RMR*IK*973520071201*PI*21.7*21.7*0
REF*PO*0020071202
REF*ST*09735
REF*DP*043
DTM*999*20071201
RMR*IK*973520071202*PI*15.5*15.5*0
REF*PO*0020071203
REF*ST*09735
REF*DP*043
DTM*999*20071202
RMR*IK*973520071203*PI*15.3*15.3*0
REF*PO*0020071204
REF*ST*09735
REF*DP*043
DTM*999*20071203
RMR*IK*973520071204*PI*12.4*12.4*0
REF*PO*0020071205
REF*ST*09735
REF*DP*043
DTM*999*20071204
RMR*IK*973520071205*PI*6.2*6.2*0
REF*PO*0020071206
REF*ST*09735
REF*DP*043
DTM*999*20071205
RMR*IK*975820071129*PI*39.9*39.9*0
REF*PO*0020071130
REF*ST*09758
REF*DP*043
DTM*999*20071129
RMR*IK*975820071130*PI*60.5*60.5*0
REF*PO*0020071201
REF*ST*09758
REF*DP*043
DTM*999*20071130
RMR*IK*975820071201*PI*55.2*55.2*0
REF*PO*0020071202
REF*ST*09758
REF*DP*043
DTM*999*20071201
RMR*IK*975820071202*PI*68.2*68.2*0
REF*PO*0020071203
REF*ST*09758
REF*DP*043
DTM*999*20071202
RMR*IK*975820071203*PI*24.6*24.6*0
REF*PO*0020071204
REF*ST*09758
REF*DP*043
DTM*999*20071203
RMR*IK*975820071204*PI*62.6*62.6*0
REF*PO*0020071205
REF*ST*09758
REF*DP*043
DTM*999*20071204
RMR*IK*975820071205*PI*69.9*69.9*0
REF*PO*0020071206
REF*ST*09758
REF*DP*043
DTM*999*20071205
SE*4304*0001
GE*1*1000101
IEA*1*001000101
ISA*00*          *00*          *08*9254291001     *12*6154525825     *080101*0421*U*00400*000000248*0*P*>
GS*PD*9254291001*6154525825*20080101*0421*248*X*004010
ST*852*0001
XQ*H*20080101
N9*AD*T00000040
LIN**IN*047279911*ZZ*43*UP*831664001092*****DG*8*VS*00000
ZA*QS***006*20071231
CTP**UCP*3
SDQ*EA*ZZ*3966*3
CTT*1
SE*9*0001
GE*1*248
IEA*1*000000248
ISA*00*          *00*          *08*9254291001     *12*6154525825     *080102*0421*U*00400*000000249*0*P*>
GS*PD*9254291001*6154525825*20080102*0421*249*X*004010
ST*852*0001
XQ*H*20080102
N9*AD*T00000040
LIN**IN*097095311*ZZ*43*UP*831664000569*****DG*1*VS*00000
ZA*QS***006*20080101
CTP**UCP*3.6
SDQ*EA*ZZ*3084*1
CTT*1
SE*9*0001
GE*1*249
IEA*1*000000249
*** SUPERTRACS READY FOR INPUT
