ISA*00*          *00*          *09*006985290EFT   *12*6154525825     *071207*2336*U*00400*001000098*0*P*>
GS*RA*006985290EFT*6154525825*20071207*2336*1000098*X*004010
ST*820*0001
BPR*I*2175.35*C*ACH*CCP*01*021000018*DA*0300955622*9008965873**01*064102601*DA*3000289*20071211*VEN
TRN*3*770257528*9008965873
DTM*097*20071207
N1*PR*KMART CORPORATION*1*008965873
N1*PE*YOUNGS FARMS*92*00069099588
N1*SE*YOUNGS FARMS*92*00069099588
ENT*1
RMR*IK*302220071114*PI*3.1*3.1*0
REF*PO*0020071115
REF*ST*03022
REF*DP*043
DTM*999*20071114
RMR*IK*306320071108*PI*.65*.65*0
REF*PO*0020071109
REF*ST*03063
REF*DP*043
DTM*999*20071108
RMR*IK*306320071111*PI*7.8*7.8*0
REF*PO*0020071112
REF*ST*03063
REF*DP*043
DTM*999*20071111
RMR*IK*306320071112*PI*3.9*3.9*0
REF*PO*0020071113
REF*ST*03063
REF*DP*043
DTM*999*20071112
RMR*IK*308220071113*PI*3.1*3.1*0
REF*PO*0020071114
REF*ST*03082
REF*DP*043
DTM*999*20071113
RMR*IK*308220071114*PI*6.2*6.2*0
REF*PO*0020071115
REF*ST*03082
REF*DP*043
DTM*999*20071114
RMR*IK*308320071113*PI*15.5*15.5*0
REF*PO*0020071114
REF*ST*03083
REF*DP*043
DTM*999*20071113
RMR*IK*308320071114*PI*18.6*18.6*0
REF*PO*0020071115
REF*ST*03083
REF*DP*043
DTM*999*20071114
RMR*IK*310320071108*PI*63.05*63.05*0
REF*PO*0020071109
REF*ST*03103
REF*DP*043
DTM*999*20071108
RMR*IK*310320071109*PI*5.55*5.55*0
REF*PO*0020071110
REF*ST*03103
REF*DP*043
DTM*999*20071109
RMR*IK*310320071110*PI*9.75*9.75*0
REF*PO*0020071111
REF*ST*03103
REF*DP*043
DTM*999*20071110
RMR*IK*310320071112*PI*4.55*4.55*0
REF*PO*0020071113
REF*ST*03103
REF*DP*043
DTM*999*20071112
RMR*IK*310320071113*PI*40.95*40.95*0
REF*PO*0020071114
REF*ST*03103
REF*DP*043
DTM*999*20071113
RMR*IK*310320071114*PI*1.95*1.95*0
REF*PO*0020071115
REF*ST*03103
REF*DP*043
DTM*999*20071114
RMR*IK*319420071108*PI*4.95*4.95*0
REF*PO*0020071109
REF*ST*03194
REF*DP*043
DTM*999*20071108
RMR*IK*319420071113*PI*4.25*4.25*0
REF*PO*0020071114
REF*ST*03194
REF*DP*043
DTM*999*20071113
RMR*IK*319420071114*PI*6.2*6.2*0
REF*PO*0020071115
REF*ST*03194
REF*DP*043
DTM*999*20071114
RMR*IK*321920071114*PI*3.1*3.1*0
REF*PO*0020071115
REF*ST*03219
REF*DP*043
DTM*999*20071114
RMR*IK*322320071113*PI*9.3*9.3*0
REF*PO*0020071114
REF*ST*03223
REF*DP*043
DTM*999*20071113
RMR*IK*322320071114*PI*31*31*0
REF*PO*0020071115
REF*ST*03223
REF*DP*043
DTM*999*20071114
RMR*IK*328920071108*PI*25.5*25.5*0
REF*PO*0020071109
REF*ST*03289
REF*DP*043
DTM*999*20071108
RMR*IK*328920071114*PI*6.2*6.2*0
REF*PO*0020071115
REF*ST*03289
REF*DP*043
DTM*999*20071114
RMR*IK*334820071112*PI*9.3*9.3*0
REF*PO*0020071113
REF*ST*03348
REF*DP*043
DTM*999*20071112
RMR*IK*334820071113*PI*12.4*12.4*0
REF*PO*0020071114
REF*ST*03348
REF*DP*043
DTM*999*20071113
RMR*IK*334820071114*PI*3.1*3.1*0
REF*PO*0020071115
REF*ST*03348
REF*DP*043
DTM*999*20071114
RMR*IK*340820071113*PI*6.2*6.2*0
REF*PO*0020071114
REF*ST*03408
REF*DP*043
DTM*999*20071113
RMR*IK*340820071114*PI*3.1*3.1*0
REF*PO*0020071115
REF*ST*03408
REF*DP*043
DTM*999*20071114
RMR*IK*360220071112*PI*24.8*24.8*0
REF*PO*0020071113
REF*ST*03602
REF*DP*043
DTM*999*20071112
RMR*IK*360220071114*PI*28.5*28.5*0
REF*PO*0020071115
REF*ST*03602
REF*DP*043
DTM*999*20071114
RMR*IK*366120071114*PI*40.3*40.3*0
REF*PO*0020071115
REF*ST*03661
REF*DP*043
DTM*999*20071114
RMR*IK*367220071108*PI*13.65*13.65*0
REF*PO*0020071109
REF*ST*03672
REF*DP*043
DTM*999*20071108
RMR*IK*367220071109*PI*3.9*3.9*0
REF*PO*0020071110
REF*ST*03672
REF*DP*043
DTM*999*20071109
RMR*IK*367220071111*PI*4.55*4.55*0
REF*PO*0020071112
REF*ST*03672
REF*DP*043
DTM*999*20071111
RMR*IK*367220071112*PI*2.6*2.6*0
REF*PO*0020071113
REF*ST*03672
REF*DP*043
DTM*999*20071112
RMR*IK*367220071113*PI*6.5*6.5*0
REF*PO*0020071114
REF*ST*03672
REF*DP*043
DTM*999*20071113
RMR*IK*367220071114*PI*3.75*3.75*0
REF*PO*0020071115
REF*ST*03672
REF*DP*043
DTM*999*20071114
RMR*IK*367520071113*PI*6.2*6.2*0
REF*PO*0020071114
REF*ST*03675
REF*DP*043
DTM*999*20071113
RMR*IK*368520071112*PI*3.1*3.1*0
REF*PO*0020071113
REF*ST*03685
REF*DP*043
DTM*999*20071112
RMR*IK*370120071113*PI*24.8*24.8*0
REF*PO*0020071114
REF*ST*03701
REF*DP*043
DTM*999*20071113
RMR*IK*370120071114*PI*18.6*18.6*0
REF*PO*0020071115
REF*ST*03701
REF*DP*043
DTM*999*20071114
RMR*IK*371320071112*PI*9.3*9.3*0
REF*PO*0020071113
REF*ST*03713
REF*DP*043
DTM*999*20071112
RMR*IK*371320071113*PI*9.3*9.3*0
REF*PO*0020071114
REF*ST*03713
REF*DP*043
DTM*999*20071113
RMR*IK*371320071114*PI*31*31*0
REF*PO*0020071115
REF*ST*03713
REF*DP*043
DTM*999*20071114
RMR*IK*371520071113*PI*9.3*9.3*0
REF*PO*0020071114
REF*ST*03715
REF*DP*043
DTM*999*20071113
RMR*IK*371520071114*PI*15.5*15.5*0
REF*PO*0020071115
REF*ST*03715
REF*DP*043
DTM*999*20071114
RMR*IK*377320071114*PI*21.7*21.7*0
REF*PO*0020071115
REF*ST*03773
REF*DP*043
DTM*999*20071114
RMR*IK*383620071114*PI*6.2*6.2*0
REF*PO*0020071115
REF*ST*03836
REF*DP*043
DTM*999*20071114
RMR*IK*384820071113*PI*15.5*15.5*0
REF*PO*0020071114
REF*ST*03848
REF*DP*043
DTM*999*20071113
RMR*IK*384820071114*PI*9.3*9.3*0
REF*PO*0020071115
REF*ST*03848
REF*DP*043
DTM*999*20071114
RMR*IK*387620071113*PI*3.1*3.1*0
REF*PO*0020071114
REF*ST*03876
REF*DP*043
DTM*999*20071113
RMR*IK*387620071114*PI*3.1*3.1*0
REF*PO*0020071115
REF*ST*03876
REF*DP*043
DTM*999*20071114
RMR*IK*390520071114*PI*3.1*3.1*0
REF*PO*0020071115
REF*ST*03905
REF*DP*043
DTM*999*20071114
RMR*IK*392920071112*PI*7.2*7.2*0
REF*PO*0020071113
REF*ST*03929
REF*DP*043
DTM*999*20071112
RMR*IK*392920071113*PI*7.2*7.2*0
REF*PO*0020071114
REF*ST*03929
REF*DP*043
DTM*999*20071113
RMR*IK*393920071114*PI*12.4*12.4*0
REF*PO*0020071115
REF*ST*03939
REF*DP*043
DTM*999*20071114
RMR*IK*394620071114*PI*6.2*6.2*0
REF*PO*0020071115
REF*ST*03946
REF*DP*043
DTM*999*20071114
RMR*IK*396620071110*PI*11.7*11.7*0
REF*PO*0020071111
REF*ST*03966
REF*DP*043
DTM*999*20071110
RMR*IK*396620071113*PI*3.1*3.1*0
REF*PO*0020071114
REF*ST*03966
REF*DP*043
DTM*999*20071113
RMR*IK*396620071114*PI*3.1*3.1*0
REF*PO*0020071115
REF*ST*03966
REF*DP*043
DTM*999*20071114
RMR*IK*397520071113*PI*9.3*9.3*0
REF*PO*0020071114
REF*ST*03975
REF*DP*043
DTM*999*20071113
RMR*IK*397520071114*PI*12.4*12.4*0
REF*PO*0020071115
REF*ST*03975
REF*DP*043
DTM*999*20071114
RMR*IK*397820071108*PI*1.3*1.3*0
REF*PO*0020071109
REF*ST*03978
REF*DP*043
DTM*999*20071108
RMR*IK*397820071112*PI*7.8*7.8*0
REF*PO*0020071113
REF*ST*03978
REF*DP*043
DTM*999*20071112
RMR*IK*397820071113*PI*31*31*0
REF*PO*0020071114
REF*ST*03978
REF*DP*043
DTM*999*20071113
RMR*IK*397820071114*PI*12.4*12.4*0
REF*PO*0020071115
REF*ST*03978
REF*DP*043
DTM*999*20071114
RMR*IK*399620071114*PI*12.4*12.4*0
REF*PO*0020071115
REF*ST*03996
REF*DP*043
DTM*999*20071114
RMR*IK*403320071113*PI*9.3*9.3*0
REF*PO*0020071114
REF*ST*04033
REF*DP*043
DTM*999*20071113
RMR*IK*403320071114*PI*3.1*3.1*0
REF*PO*0020071115
REF*ST*04033
REF*DP*043
DTM*999*20071114
RMR*IK*407120071108*PI*13.8*13.8*0
REF*PO*0020071109
REF*ST*04071
REF*DP*043
DTM*999*20071108
RMR*IK*407120071113*PI*40.4*40.4*0
REF*PO*0020071114
REF*ST*04071
REF*DP*043
DTM*999*20071113
RMR*IK*407120071114*PI*9.3*9.3*0
REF*PO*0020071115
REF*ST*04071
REF*DP*043
DTM*999*20071114
RMR*IK*407220071112*PI*3.1*3.1*0
REF*PO*0020071113
REF*ST*04072
REF*DP*043
DTM*999*20071112
RMR*IK*407220071113*PI*21.7*21.7*0
REF*PO*0020071114
REF*ST*04072
REF*DP*043
DTM*999*20071113
RMR*IK*407220071114*PI*6.2*6.2*0
REF*PO*0020071115
REF*ST*04072
REF*DP*043
DTM*999*20071114
RMR*IK*412220071112*PI*12.4*12.4*0
REF*PO*0020071113
REF*ST*04122
REF*DP*043
DTM*999*20071112
RMR*IK*412220071113*PI*12.4*12.4*0
REF*PO*0020071114
REF*ST*04122
REF*DP*043
DTM*999*20071113
RMR*IK*412220071114*PI*24.8*24.8*0
REF*PO*0020071115
REF*ST*04122
REF*DP*043
DTM*999*20071114
RMR*IK*419820071108*PI*5.55*5.55*0
REF*PO*0020071109
REF*ST*04198
REF*DP*043
DTM*999*20071108
RMR*IK*419820071112*PI*18.6*18.6*0
REF*PO*0020071113
REF*ST*04198
REF*DP*043
DTM*999*20071112
RMR*IK*419820071113*PI*6.2*6.2*0
REF*PO*0020071114
REF*ST*04198
REF*DP*043
DTM*999*20071113
RMR*IK*419820071114*PI*15.5*15.5*0
REF*PO*0020071115
REF*ST*04198
REF*DP*043
DTM*999*20071114
RMR*IK*424420071108*PI*15.6*15.6*0
REF*PO*0020071109
REF*ST*04244
REF*DP*043
DTM*999*20071108
RMR*IK*424420071114*PI*31*31*0
REF*PO*0020071115
REF*ST*04244
REF*DP*043
DTM*999*20071114
RMR*IK*430820071109*PI*7.8*7.8*0
REF*PO*0020071110
REF*ST*04308
REF*DP*043
DTM*999*20071109
RMR*IK*430820071110*PI*5.2*5.2*0
REF*PO*0020071111
REF*ST*04308
REF*DP*043
DTM*999*20071110
RMR*IK*430820071113*PI*5.55*5.55*0
REF*PO*0020071114
REF*ST*04308
REF*DP*043
DTM*999*20071113
RMR*IK*430820071114*PI*8.5*8.5*0
REF*PO*0020071115
REF*ST*04308
REF*DP*043
DTM*999*20071114
RMR*IK*431220071113*PI*3.1*3.1*0
REF*PO*0020071114
REF*ST*04312
REF*DP*043
DTM*999*20071113
RMR*IK*445120071112*PI*6.2*6.2*0
REF*PO*0020071113
REF*ST*04451
REF*DP*043
DTM*999*20071112
RMR*IK*445120071113*PI*6.2*6.2*0
REF*PO*0020071114
REF*ST*04451
REF*DP*043
DTM*999*20071113
RMR*IK*445120071114*PI*12.4*12.4*0
REF*PO*0020071115
REF*ST*04451
REF*DP*043
DTM*999*20071114
RMR*IK*447520071111*PI*5.2*5.2*0
REF*PO*0020071112
REF*ST*04475
REF*DP*043
DTM*999*20071111
RMR*IK*448920071108*PI*6*6*0
REF*PO*0020071109
REF*ST*04489
REF*DP*043
DTM*999*20071108
RMR*IK*448920071110*PI*63*63*0
REF*PO*0020071111
REF*ST*04489
REF*DP*043
DTM*999*20071110
RMR*IK*448920071114*PI*6.2*6.2*0
REF*PO*0020071115
REF*ST*04489
REF*DP*043
DTM*999*20071114
RMR*IK*471720071113*PI*15.5*15.5*0
REF*PO*0020071114
REF*ST*04717
REF*DP*043
DTM*999*20071113
RMR*IK*471720071114*PI*15.5*15.5*0
REF*PO*0020071115
REF*ST*04717
REF*DP*043
DTM*999*20071114
RMR*IK*471920071109*PI*3.9*3.9*0
REF*PO*0020071110
REF*ST*04719
REF*DP*043
DTM*999*20071109
RMR*IK*471920071110*PI*.65*.65*0
REF*PO*0020071111
REF*ST*04719
REF*DP*043
DTM*999*20071110
RMR*IK*471920071111*PI*12.1*12.1*0
REF*PO*0020071112
REF*ST*04719
REF*DP*043
DTM*999*20071111
RMR*IK*471920071112*PI*1.3*1.3*0
REF*PO*0020071113
REF*ST*04719
REF*DP*043
DTM*999*20071112
RMR*IK*471920071113*PI*8.95*8.95*0
REF*PO*0020071114
REF*ST*04719
REF*DP*043
DTM*999*20071113
RMR*IK*471920071114*PI*16.15*16.15*0
REF*PO*0020071115
REF*ST*04719
REF*DP*043
DTM*999*20071114
RMR*IK*472320071112*PI*31*31*0
REF*PO*0020071113
REF*ST*04723
REF*DP*043
DTM*999*20071112
RMR*IK*472320071113*PI*18.6*18.6*0
REF*PO*0020071114
REF*ST*04723
REF*DP*043
DTM*999*20071113
RMR*IK*472320071114*PI*6.2*6.2*0
REF*PO*0020071115
REF*ST*04723
REF*DP*043
DTM*999*20071114
RMR*IK*476020071112*PI*18.6*18.6*0
REF*PO*0020071113
REF*ST*04760
REF*DP*043
DTM*999*20071112
RMR*IK*476020071113*PI*9.3*9.3*0
REF*PO*0020071114
REF*ST*04760
REF*DP*043
DTM*999*20071113
RMR*IK*476020071114*PI*12.4*12.4*0
REF*PO*0020071115
REF*ST*04760
REF*DP*043
DTM*999*20071114
RMR*IK*488320071113*PI*3.1*3.1*0
REF*PO*0020071114
REF*ST*04883
REF*DP*043
DTM*999*20071113
RMR*IK*489820071113*PI*9.3*9.3*0
REF*PO*0020071114
REF*ST*04898
REF*DP*043
DTM*999*20071113
RMR*IK*489820071114*PI*9.3*9.3*0
REF*PO*0020071115
REF*ST*04898
REF*DP*043
DTM*999*20071114
RMR*IK*497020071114*PI*15.5*15.5*0
REF*PO*0020071115
REF*ST*04970
REF*DP*043
DTM*999*20071114
RMR*IK*502320071112*PI*10.3*10.3*0
REF*PO*0020071114
REF*ST*05023
REF*DP*043
DTM*999*20071112
RMR*IK*502320071113*PI*9.3*9.3*0
REF*PO*0020071115
REF*ST*05023
REF*DP*043
DTM*999*20071113
RMR*IK*502320071114*PI*10.3*10.3*0
REF*PO*0020071116
REF*ST*05023
REF*DP*043
DTM*999*20071114
RMR*IK*506620071114*PI*3.1*3.1*0
REF*PO*0020071116
REF*ST*05066
REF*DP*043
DTM*999*20071114
RMR*IK*507020071112*PI*6.2*6.2*0
REF*PO*0020071114
REF*ST*05070
REF*DP*043
DTM*999*20071112
RMR*IK*507020071113*PI*26.8*26.8*0
REF*PO*0020071115
REF*ST*05070
REF*DP*043
DTM*999*20071113
RMR*IK*507020071114*PI*33*33*0
REF*PO*0020071116
REF*ST*05070
REF*DP*043
DTM*999*20071114
RMR*IK*507720071112*PI*6.2*6.2*0
REF*PO*0020071114
REF*ST*05077
REF*DP*043
DTM*999*20071112
RMR*IK*507720071114*PI*21.7*21.7*0
REF*PO*0020071116
REF*ST*05077
REF*DP*043
DTM*999*20071114
RMR*IK*702820071114*PI*3.1*3.1*0
REF*PO*0020071115
REF*ST*07028
REF*DP*043
DTM*999*20071114
RMR*IK*705920071114*PI*3.1*3.1*0
REF*PO*0020071115
REF*ST*07059
REF*DP*043
DTM*999*20071114
RMR*IK*706320071114*PI*6.2*6.2*0
REF*PO*0020071115
REF*ST*07063
REF*DP*043
DTM*999*20071114
RMR*IK*706420071113*PI*9.3*9.3*0
REF*PO*0020071114
REF*ST*07064
REF*DP*043
DTM*999*20071113
RMR*IK*706420071114*PI*12.4*12.4*0
REF*PO*0020071115
REF*ST*07064
REF*DP*043
DTM*999*20071114
RMR*IK*706620071114*PI*18.6*18.6*0
REF*PO*0020071115
REF*ST*07066
REF*DP*043
DTM*999*20071114
RMR*IK*707620071108*PI*9.9*9.9*0
REF*PO*0020071109
REF*ST*07076
REF*DP*043
DTM*999*20071108
RMR*IK*714620071113*PI*3.1*3.1*0
REF*PO*0020071114
REF*ST*07146
REF*DP*043
DTM*999*20071113
RMR*IK*714620071114*PI*6.2*6.2*0
REF*PO*0020071115
REF*ST*07146
REF*DP*043
DTM*999*20071114
RMR*IK*715420071114*PI*21.7*21.7*0
REF*PO*0020071115
REF*ST*07154
REF*DP*043
DTM*999*20071114
RMR*IK*735320071114*PI*21.7*21.7*0
REF*PO*0020071115
REF*ST*07353
REF*DP*043
DTM*999*20071114
RMR*IK*735420071108*PI*35.75*35.75*0
REF*PO*0020071109
REF*ST*07354
REF*DP*043
DTM*999*20071108
RMR*IK*735420071110*PI*11.05*11.05*0
REF*PO*0020071111
REF*ST*07354
REF*DP*043
DTM*999*20071110
RMR*IK*735420071111*PI*5.85*5.85*0
REF*PO*0020071112
REF*ST*07354
REF*DP*043
DTM*999*20071111
RMR*IK*738820071112*PI*3.1*3.1*0
REF*PO*0020071113
REF*ST*07388
REF*DP*043
DTM*999*20071112
RMR*IK*738820071113*PI*3.1*3.1*0
REF*PO*0020071114
REF*ST*07388
REF*DP*043
DTM*999*20071113
RMR*IK*743720071113*PI*3.1*3.1*0
REF*PO*0020071114
REF*ST*07437
REF*DP*043
DTM*999*20071113
RMR*IK*743720071114*PI*3.1*3.1*0
REF*PO*0020071115
REF*ST*07437
REF*DP*043
DTM*999*20071114
RMR*IK*746020071114*PI*3.1*3.1*0
REF*PO*0020071115
REF*ST*07460
REF*DP*043
DTM*999*20071114
RMR*IK*755820071108*PI*8.85*8.85*0
REF*PO*0020071109
REF*ST*07558
REF*DP*043
DTM*999*20071108
RMR*IK*755820071113*PI*12.4*12.4*0
REF*PO*0020071114
REF*ST*07558
REF*DP*043
DTM*999*20071113
RMR*IK*761320071114*PI*19.6*19.6*0
REF*PO*0020071115
REF*ST*07613
REF*DP*043
DTM*999*20071114
RMR*IK*762920071113*PI*27.9*27.9*0
REF*PO*0020071114
REF*ST*07629
REF*DP*043
DTM*999*20071113
RMR*IK*762920071114*PI*24.8*24.8*0
REF*PO*0020071115
REF*ST*07629
REF*DP*043
DTM*999*20071114
RMR*IK*763720071114*PI*3.1*3.1*0
REF*PO*0020071115
REF*ST*07637
REF*DP*043
DTM*999*20071114
RMR*IK*771820071112*PI*12.4*12.4*0
REF*PO*0020071113
REF*ST*07718
REF*DP*043
DTM*999*20071112
RMR*IK*921720071109*PI*3.9*3.9*0
REF*PO*0020071110
REF*ST*09217
REF*DP*043
DTM*999*20071109
RMR*IK*921720071111*PI*4.25*4.25*0
REF*PO*0020071112
REF*ST*09217
REF*DP*043
DTM*999*20071111
RMR*IK*921720071114*PI*23.3*23.3*0
REF*PO*0020071115
REF*ST*09217
REF*DP*043
DTM*999*20071114
RMR*IK*957120071112*PI*9.3*9.3*0
REF*PO*0020071113
REF*ST*09571
REF*DP*043
DTM*999*20071112
RMR*IK*957120071114*PI*9.3*9.3*0
REF*PO*0020071115
REF*ST*09571
REF*DP*043
DTM*999*20071114
RMR*IK*962020071108*PI*6.5*6.5*0
REF*PO*0020071109
REF*ST*09620
REF*DP*043
DTM*999*20071108
RMR*IK*962020071110*PI*3.25*3.25*0
REF*PO*0020071111
REF*ST*09620
REF*DP*043
DTM*999*20071110
RMR*IK*962020071111*PI*19.5*19.5*0
REF*PO*0020071112
REF*ST*09620
REF*DP*043
DTM*999*20071111
RMR*IK*962020071112*PI*5.85*5.85*0
REF*PO*0020071113
REF*ST*09620
REF*DP*043
DTM*999*20071112
RMR*IK*962020071113*PI*16.1*16.1*0
REF*PO*0020071114
REF*ST*09620
REF*DP*043
DTM*999*20071113
RMR*IK*962020071114*PI*8.3*8.3*0
REF*PO*0020071115
REF*ST*09620
REF*DP*043
DTM*999*20071114
RMR*IK*962120071108*PI*.65*.65*0
REF*PO*0020071109
REF*ST*09621
REF*DP*043
DTM*999*20071108
RMR*IK*962120071109*PI*7.8*7.8*0
REF*PO*0020071110
REF*ST*09621
REF*DP*043
DTM*999*20071109
RMR*IK*962120071110*PI*10.4*10.4*0
REF*PO*0020071111
REF*ST*09621
REF*DP*043
DTM*999*20071110
RMR*IK*962120071111*PI*9.75*9.75*0
REF*PO*0020071112
REF*ST*09621
REF*DP*043
DTM*999*20071111
RMR*IK*962120071112*PI*6.5*6.5*0
REF*PO*0020071113
REF*ST*09621
REF*DP*043
DTM*999*20071112
RMR*IK*962120071113*PI*1.3*1.3*0
REF*PO*0020071114
REF*ST*09621
REF*DP*043
DTM*999*20071113
RMR*IK*962120071114*PI*3.9*3.9*0
REF*PO*0020071115
REF*ST*09621
REF*DP*043
DTM*999*20071114
RMR*IK*962220071113*PI*12.4*12.4*0
REF*PO*0020071114
REF*ST*09622
REF*DP*043
DTM*999*20071113
RMR*IK*962520071112*PI*3.1*3.1*0
REF*PO*0020071113
REF*ST*09625
REF*DP*043
DTM*999*20071112
RMR*IK*962520071113*PI*3.1*3.1*0
REF*PO*0020071114
REF*ST*09625
REF*DP*043
DTM*999*20071113
RMR*IK*962520071114*PI*6.2*6.2*0
REF*PO*0020071115
REF*ST*09625
REF*DP*043
DTM*999*20071114
RMR*IK*962920071109*PI*8.45*8.45*0
REF*PO*0020071110
REF*ST*09629
REF*DP*043
DTM*999*20071109
RMR*IK*962920071110*PI*14.3*14.3*0
REF*PO*0020071111
REF*ST*09629
REF*DP*043
DTM*999*20071110
RMR*IK*962920071111*PI*10.4*10.4*0
REF*PO*0020071112
REF*ST*09629
REF*DP*043
DTM*999*20071111
RMR*IK*962920071112*PI*26.1*26.1*0
REF*PO*0020071113
REF*ST*09629
REF*DP*043
DTM*999*20071112
RMR*IK*962920071113*PI*6.2*6.2*0
REF*PO*0020071114
REF*ST*09629
REF*DP*043
DTM*999*20071113
RMR*IK*962920071114*PI*11.7*11.7*0
REF*PO*0020071115
REF*ST*09629
REF*DP*043
DTM*999*20071114
RMR*IK*963320071114*PI*21.7*21.7*0
REF*PO*0020071115
REF*ST*09633
REF*DP*043
DTM*999*20071114
RMR*IK*964820071112*PI*21*21*0
REF*PO*0020071113
REF*ST*09648
REF*DP*043
DTM*999*20071112
RMR*IK*964820071113*PI*3.1*3.1*0
REF*PO*0020071114
REF*ST*09648
REF*DP*043
DTM*999*20071113
RMR*IK*964820071114*PI*6.2*6.2*0
REF*PO*0020071115
REF*ST*09648
REF*DP*043
DTM*999*20071114
RMR*IK*967420071114*PI*49.6*49.6*0
REF*PO*0020071115
REF*ST*09674
REF*DP*043
DTM*999*20071114
RMR*IK*971420071112*PI*6.2*6.2*0
REF*PO*0020071113
REF*ST*09714
REF*DP*043
DTM*999*20071112
RMR*IK*971420071113*PI*31*31*0
REF*PO*0020071114
REF*ST*09714
REF*DP*043
DTM*999*20071113
RMR*IK*971420071114*PI*9.3*9.3*0
REF*PO*0020071115
REF*ST*09714
REF*DP*043
DTM*999*20071114
SE*929*0001
GE*1*1000098
IEA*1*001000098
ISA*00*          *00*          *08*9254291001     *12*6154525825     *071211*0420*U*00400*000000227*0*P*>
GS*PD*9254291001*6154525825*20071211*0420*227*X*004010
ST*852*0001
XQ*H*20071211
N9*AD*T00000040
LIN**IN*047279911*ZZ*43*UP*831664001092*****DG*1*VS*00000
ZA*QS***006*20071209
CTP**UCP*6
SDQ*EA*ZZ*3931*3*5014*5*5023*1
ZA*QS***006*20071210
CTP**UCP*6
SDQ*EA*ZZ*3082*1*3083*2*3103*1*3289*2*3355*-1*3602*1*3644*1*3646*2*3701*2*3703*1
SDQ*EA*ZZ*3713*2*3715*1*3822*1*3848*2*3876*1*3939*2*3946*2*3957*2*3967*3*3996*4
SDQ*EA*ZZ*4071*1*4093*1*4189*1*4198*1*4244*2*4308*1*4312*4*4489*1*4717*1*4719*5
SDQ*EA*ZZ*4760*1*4769*1*4898*1*7063*2*7069*1*7154*2*7353*2*7354*1*7460*1*7558*2
SDQ*EA*ZZ*7613*2*7629*1*9513*1*9560*2*9571*1*9621*2*9625*1*9639*1*9648*3*9728*1
SDQ*EA*ZZ*9735*1*9758*3
LIN**IN*047279911*ZZ*43*UP*831664001092*****DG*3*VS*00000
ZA*QS***006*20071210
CTP**UCP*6
SDQ*EA*ZZ*7607*2
LIN**IN*047279911*ZZ*43*UP*831664001092*****DG*4*VS*00000
ZA*QS***006*20071210
CTP**UCP*6
SDQ*EA*ZZ*9674*1
LIN**IN*047279911*ZZ*43*UP*831664001092*****DG*5*VS*00000
ZA*QS***006*20071210
CTP**UCP*6
SDQ*EA*ZZ*3022*1*4093*2*4189*2
LIN**IN*047279911*ZZ*43*UP*831664001092*****DG*8*VS*00000
ZA*QS***006*20071210
CTP**UCP*6
SDQ*EA*ZZ*3355*2*4883*2*7460*1
CTT*5
SE*33*0001
ST*852*0002
XQ*H*20071211
N9*AD*T00000040
LIN**IN*079180611*ZZ*43*UP*831664001351*****DG*1*VS*00000
ZA*QS***006*20071210
CTP**UCP*2.1
SDQ*EA*ZZ*7255*11
CTT*1
SE*9*0002
ST*852*0003
XQ*H*20071211
N9*AD*T00000040
LIN**IN*097095211*ZZ*43*UP*831664000552*****DG*1*VS*00000
ZA*QS***006*20071209
CTP**UCP*3.1
SDQ*EA*ZZ*5014*28*5023*1*5066*2
LIN**IN*097095211*ZZ*43*UP*831664000552*****DG*3*VS*00000
ZA*QS***006*20071209
CTP**UCP*3.1
SDQ*EA*ZZ*3931*14*5070*7*5077*3
LIN**IN*097095211*ZZ*43*UP*831664000552*****DG*0*VS*00000
ZA*QS***006*20071210
CTP**UCP*3.1
SDQ*EA*ZZ*3685*-1
LIN**IN*097095211*ZZ*43*UP*831664000552*****DG*1*VS*00000
ZA*QS***006*20071210
CTP**UCP*3.1
SDQ*EA*ZZ*4451*9
LIN**IN*097095211*ZZ*43*UP*831664000552*****DG*3*VS*00000
ZA*QS***006*20071210
CTP**UCP*3.1
SDQ*EA*ZZ*3022*10*3063*6*3082*6*3083*6*3084*5*3103*2*3143*28*3219*9*3223*16*3289*4
SDQ*EA*ZZ*3348*5*3359*16*3408*14*3602*5*3644*10*3646*8*3661*31*3672*2*3675*4*3685*5
SDQ*EA*ZZ*3701*22*3703*14*3713*1*3773*6*3822*4*3836*1*3876*4*3939*15*3941*9*3946*4
SDQ*EA*ZZ*3957*21*3966*7*3967*2*3975*17*3991*10*3994*4*3996*16*4033*1*4071*19*4093*10
SDQ*EA*ZZ*4103*23*4122*2*4189*23*4198*27*4213*2*4244*7*4308*19*4312*6*4475*9*4489*3
SDQ*EA*ZZ*4717*14*4719*19*4723*15*4739*1*4760*3*4769*7*4817*3*4835*5*4883*5*4898*12
SDQ*EA*ZZ*4970*6*7028*2*7059*5*7063*1*7064*3*7066*5*7076*4*7132*3*7154*7*7255*4
SDQ*EA*ZZ*7353*22*7354*4*7358*6*7360*7*7362*11*7388*14*7437*3*7460*3*7461*5*7558*6
SDQ*EA*ZZ*7607*7*7610*10*7613*14*7629*7*7718*3*7719*17*9217*6*9513*2*9560*5*9571*3
SDQ*EA*ZZ*9620*3*9621*14*9622*3*9625*23*9629*7*9633*17*9639*3*9648*6*9674*1*9714*6
SDQ*EA*ZZ*9728*3*9735*3*9758*2
LIN**IN*097095211*ZZ*43*UP*831664000552*****DG*5*VS*00000
ZA*QS***006*20071210
CTP**UCP*3.1
SDQ*EA*ZZ*7076*-2
LIN**IN*097095211*ZZ*43*UP*831664000552*****DG*8*VS*00000
ZA*QS***006*20071210
CTP**UCP*3.1
SDQ*EA*ZZ*3848*3*4071*2*4451*3*4883*7*7045*10*7064*11
CTT*7
SE*43*0003
ST*852*0004
XQ*H*20071211
N9*AD*T00000040
LIN**IN*097095311*ZZ*43*UP*831664000569*****DG*1*VS*00000
ZA*QS***006*20071209
CTP**UCP*7.2
SDQ*EA*ZZ*3931*4*5014*1
ZA*QS***006*20071210
CTP**UCP*7.2
SDQ*EA*ZZ*3022*1*3083*1*3084*1*3143*3*3355*1*3602*1*3661*1*3701*2*3703*1*3715*2
SDQ*EA*ZZ*3939*2*3975*1*3991*1*3994*1*3996*1*4189*1*4308*2*4717*1*4723*3*7063*1
SDQ*EA*ZZ*7064*4*7069*1*7076*1*7353*1*7358*2*7388*3*7629*2*7719*3*9217*1*9621*2
SDQ*EA*ZZ*9622*1*9629*1*9714*1
LIN**IN*097095311*ZZ*43*UP*831664000569*****DG*4*VS*00000
ZA*QS***006*20071210
CTP**UCP*7.2
SDQ*EA*ZZ*3084*1*9674*1
LIN**IN*097095311*ZZ*43*UP*831664000569*****DG*5*VS*00000
ZA*QS***006*20071210
CTP**UCP*7.2
SDQ*EA*ZZ*3143*2*3975*1*7460*1
LIN**IN*097095311*ZZ*43*UP*831664000569*****DG*8*VS*00000
ZA*QS***006*20071210
CTP**UCP*7.2
SDQ*EA*ZZ*3359*1*3646*1
CTT*4
SE*27*0004
ST*852*0005
XQ*H*20071211
N9*AD*T00000040
LIN**IN*097095411*ZZ*43*UP*831664000811*****DG*1*VS*00000
ZA*QS***006*20071209
CTP**UCP*7.9
SDQ*EA*ZZ*5014*2*5077*1
ZA*QS***006*20071210
CTP**UCP*7.9
SDQ*EA*ZZ*3661*1*3701*1*3715*1*3975*1*3978*1*4198*1*4244*1*4451*1*4475*1*7255*1
SDQ*EA*ZZ*7610*1*7613*1*9648*1
CTT*1
SE*13*0005
GE*5*227
IEA*1*000000227
*** SUPERTRACS READY FOR INPUT
