ISA*00*          *00*          *09*006985290EFT   *12*6154525825     *050815*1457*U*00400*000100294*0*P*>
GS*RA*006985290EFT*6154525825*20050815*14571341*100203*X*004010
ST*820*000000001
BPR*I*1079.2*C*ACH*CCP*01*021000018*DA*0300955622*9008965873**01*064102601*DA*3000289*20050816*VEN
TRN*3*770134364*9008965873
DTM*097*20050815
N1*PR*KMART CORPORATION*1*008965873
N1*PE*YOUNGS FARMS*92*00069099588
N1*SE*YOUNGS FARMS*92*00069099588
ENT*1
RMR*IK*306320050714*PI*2.75*2.75*0
REF*PO*0020050715
REF*ST*03063
REF*DP*043
DTM*999*20050714
RMR*IK*306320050719*PI*6*6*0
REF*PO*0020050720
REF*ST*03063
REF*DP*043
DTM*999*20050719
RMR*IK*306320050720*PI*.38*.38*0
REF*PO*0020050721
REF*ST*03063
REF*DP*043
DTM*999*20050720
RMR*IK*308320050715*PI*12*12*0
REF*PO*0020050716
REF*ST*03083
REF*DP*043
DTM*999*20050715
RMR*IK*310320050423*PI*7.2*7.2*0
REF*PO*0020050810
REF*ST*03103
REF*DP*043
DTM*999*20050423
RMR*IK*310320050425*PI*2.4*2.4*0
REF*PO*0020050810
REF*ST*03103
REF*DP*043
DTM*999*20050425
RMR*IK*310320050427*PI*14.4*14.4*0
REF*PO*0020050810
REF*ST*03103
REF*DP*043
DTM*999*20050427
RMR*IK*310320050429*PI*4.8*4.8*0
REF*PO*0020050810
REF*ST*03103
REF*DP*043
DTM*999*20050429
RMR*IK*310320050501*PI*7.2*7.2*0
REF*PO*0020050810
REF*ST*03103
REF*DP*043
DTM*999*20050501
RMR*IK*310320050503*PI*4.8*4.8*0
REF*PO*0020050810
REF*ST*03103
REF*DP*043
DTM*999*20050503
RMR*IK*310320050504*PI*4.8*4.8*0
REF*PO*0020050810
REF*ST*03103
REF*DP*043
DTM*999*20050504
RMR*IK*310320050505*PI*14.4*14.4*0
REF*PO*0020050810
REF*ST*03103
REF*DP*043
DTM*999*20050505
RMR*IK*310320050506*PI*9.6*9.6*0
REF*PO*0020050810
REF*ST*03103
REF*DP*043
DTM*999*20050506
RMR*IK*310320050507*PI*9.6*9.6*0
REF*PO*0020050810
REF*ST*03103
REF*DP*043
DTM*999*20050507
RMR*IK*310320050508*PI*16.8*16.8*0
REF*PO*0020050810
REF*ST*03103
REF*DP*043
DTM*999*20050508
RMR*IK*310320050511*PI*2.4*2.4*0
REF*PO*0020050810
REF*ST*03103
REF*DP*043
DTM*999*20050511
RMR*IK*310320050512*PI*4.8*4.8*0
REF*PO*0020050810
REF*ST*03103
REF*DP*043
DTM*999*20050512
RMR*IK*310320050520*PI*7.2*7.2*0
REF*PO*0020050810
REF*ST*03103
REF*DP*043
DTM*999*20050520
RMR*IK*310320050521*PI*9.6*9.6*0
REF*PO*0020050810
REF*ST*03103
REF*DP*043
DTM*999*20050521
RMR*IK*310320050522*PI*24*24*0
REF*PO*0020050810
REF*ST*03103
REF*DP*043
DTM*999*20050522
RMR*IK*310320050523*PI*24*24*0
REF*PO*0020050810
REF*ST*03103
REF*DP*043
DTM*999*20050523
RMR*IK*310320050526*PI*2.4*2.4*0
REF*PO*0020050810
REF*ST*03103
REF*DP*043
DTM*999*20050526
RMR*IK*310320050528*PI*14.4*14.4*0
REF*PO*0020050810
REF*ST*03103
REF*DP*043
DTM*999*20050528
RMR*IK*310320050601*PI*2.4*2.4*0
REF*PO*0020050810
REF*ST*03103
REF*DP*043
DTM*999*20050601
RMR*IK*310320050613*PI*2.4*2.4*0
REF*PO*0020050810
REF*ST*03103
REF*DP*043
DTM*999*20050613
RMR*IK*310320050620*PI*16.8*16.8*0
REF*PO*0020050810
REF*ST*03103
REF*DP*043
DTM*999*20050620
RMR*IK*310320050621*PI*9.6*9.6*0
REF*PO*0020050810
REF*ST*03103
REF*DP*043
DTM*999*20050621
RMR*IK*310320050701*PI*7.2*7.2*0
REF*PO*0020050810
REF*ST*03103
REF*DP*043
DTM*999*20050701
RMR*IK*310320050705*PI*9.6*9.6*0
REF*PO*0020050810
REF*ST*03103
REF*DP*043
DTM*999*20050705
RMR*IK*310320050708*PI*4.8*4.8*0
REF*PO*0020050810
REF*ST*03103
REF*DP*043
DTM*999*20050708
RMR*IK*310320050714*PI*6.04*6.04*0
REF*PO*0020050715
REF*ST*03103
REF*DP*043
DTM*999*20050714
RMR*IK*310320050716*PI*2.66*2.66*0
REF*PO*0020050717
REF*ST*03103
REF*DP*043
DTM*999*20050716
RMR*IK*310320050717*PI*8.88*8.88*0
REF*PO*0020050718
REF*ST*03103
REF*DP*043
DTM*999*20050717
RMR*IK*310320050718*PI*.76*.76*0
REF*PO*0020050719
REF*ST*03103
REF*DP*043
DTM*999*20050718
RMR*IK*310320050719*PI*.38*.38*0
REF*PO*0020050720
REF*ST*03103
REF*DP*043
DTM*999*20050719
RMR*IK*310320050720*PI*6*6*0
REF*PO*0020050721
REF*ST*03103
REF*DP*043
DTM*999*20050720
RMR*IK*319420050714*PI*6.76*6.76*0
REF*PO*0020050715
REF*ST*03194
REF*DP*043
DTM*999*20050714
RMR*IK*319420050715*PI*4.5*4.5*0
REF*PO*0020050716
REF*ST*03194
REF*DP*043
DTM*999*20050715
RMR*IK*334820050719*PI*6*6*0
REF*PO*0020050720
REF*ST*03348
REF*DP*043
DTM*999*20050719
RMR*IK*334820050720*PI*3*3*0
REF*PO*0020050721
REF*ST*03348
REF*DP*043
DTM*999*20050720
RMR*IK*340820050714*PI*3*3*0
REF*PO*0020050715
REF*ST*03408
REF*DP*043
DTM*999*20050714
RMR*IK*360220050715*PI*4.8*4.8*0
REF*PO*0020050716
REF*ST*03602
REF*DP*043
DTM*999*20050715
RMR*IK*360220050716*PI*2.4*2.4*0
REF*PO*0020050717
REF*ST*03602
REF*DP*043
DTM*999*20050716
RMR*IK*364420050715*PI*9.01*9.01*0
REF*PO*0020050716
REF*ST*03644
REF*DP*043
DTM*999*20050715
RMR*IK*364420050716*PI*14.9*14.9*0
REF*PO*0020050717
REF*ST*03644
REF*DP*043
DTM*999*20050716
RMR*IK*364420050717*PI*4.88*4.88*0
REF*PO*0020050718
REF*ST*03644
REF*DP*043
DTM*999*20050717
RMR*IK*364420050718*PI*6.5*6.5*0
REF*PO*0020050719
REF*ST*03644
REF*DP*043
DTM*999*20050718
RMR*IK*364420050720*PI*1*1*0
REF*PO*0020050721
REF*ST*03644
REF*DP*043
DTM*999*20050720
RMR*IK*366020050715*PI*3*3*0
REF*PO*0020050716
REF*ST*03660
REF*DP*043
DTM*999*20050715
RMR*IK*366020050716*PI*9.21*9.21*0
REF*PO*0020050717
REF*ST*03660
REF*DP*043
DTM*999*20050716
RMR*IK*366020050719*PI*.75*.75*0
REF*PO*0020050720
REF*ST*03660
REF*DP*043
DTM*999*20050719
RMR*IK*367220050715*PI*.96*.96*0
REF*PO*0020050716
REF*ST*03672
REF*DP*043
DTM*999*20050715
RMR*IK*368520050715*PI*6*6*0
REF*PO*0020050716
REF*ST*03685
REF*DP*043
DTM*999*20050715
RMR*IK*368520050717*PI*6*6*0
REF*PO*0020050718
REF*ST*03685
REF*DP*043
DTM*999*20050717
RMR*IK*368520050719*PI*9*9*0
REF*PO*0020050720
REF*ST*03685
REF*DP*043
DTM*999*20050719
RMR*IK*371320050717*PI*6*6*0
REF*PO*0020050718
REF*ST*03713
REF*DP*043
DTM*999*20050717
RMR*IK*371520050714*PI*2.4*2.4*0
REF*PO*0020050715
REF*ST*03715
REF*DP*043
DTM*999*20050714
RMR*IK*371520050716*PI*.38*.38*0
REF*PO*0020050717
REF*ST*03715
REF*DP*043
DTM*999*20050716
RMR*IK*371520050717*PI*.38*.38*0
REF*PO*0020050718
REF*ST*03715
REF*DP*043
DTM*999*20050717
RMR*IK*382220050714*PI*19.2*19.2*0
REF*PO*0020050715
REF*ST*03822
REF*DP*043
DTM*999*20050714
RMR*IK*382220050715*PI*38.4*38.4*0
REF*PO*0020050716
REF*ST*03822
REF*DP*043
DTM*999*20050715
RMR*IK*382220050716*PI*36*36*0
REF*PO*0020050717
REF*ST*03822
REF*DP*043
DTM*999*20050716
RMR*IK*382220050719*PI*7.2*7.2*0
REF*PO*0020050720
REF*ST*03822
REF*DP*043
DTM*999*20050719
RMR*IK*382220050720*PI*50.4*50.4*0
REF*PO*0020050721
REF*ST*03822
REF*DP*043
DTM*999*20050720
RMR*IK*384820050715*PI*2.83*2.83*0
REF*PO*0020050716
REF*ST*03848
REF*DP*043
DTM*999*20050715
RMR*IK*384820050717*PI*4.8*4.8*0
REF*PO*0020050718
REF*ST*03848
REF*DP*043
DTM*999*20050717
RMR*IK*384820050719*PI*3.99*3.99*0
REF*PO*0020050720
REF*ST*03848
REF*DP*043
DTM*999*20050719
RMR*IK*387620050717*PI*6*6*0
REF*PO*0020050718
REF*ST*03876
REF*DP*043
DTM*999*20050717
RMR*IK*393120050717*PI*6*6*0
REF*PO*0020050718
REF*ST*03931
REF*DP*043
DTM*999*20050717
RMR*IK*394120050715*PI*2.4*2.4*0
REF*PO*0020050716
REF*ST*03941
REF*DP*043
DTM*999*20050715
RMR*IK*394120050718*PI*9*9*0
REF*PO*0020050719
REF*ST*03941
REF*DP*043
DTM*999*20050718
RMR*IK*394120050720*PI*6*6*0
REF*PO*0020050721
REF*ST*03941
REF*DP*043
DTM*999*20050720
ENT*2
ADX*-400*74*CM*50932IP
DTM*999*20040412
REF*PO*0552601243
REF*ST*03958
REF*DP*043
RMR*IK*396620050714*PI*1.14*1.14*0
REF*PO*0020050715
REF*ST*03966
REF*DP*043
DTM*999*20050714
RMR*IK*396620050716*PI*3*3*0
REF*PO*0020050717
REF*ST*03966
REF*DP*043
DTM*999*20050716
RMR*IK*396620050717*PI*2.25*2.25*0
REF*PO*0020050718
REF*ST*03966
REF*DP*043
DTM*999*20050717
RMR*IK*396620050718*PI*3*3*0
REF*PO*0020050719
REF*ST*03966
REF*DP*043
DTM*999*20050718
RMR*IK*397820050502*PI*6.65*6.65*0
REF*PO*0020050810
REF*ST*03978
REF*DP*043
DTM*999*20050502
RMR*IK*397820050714*PI*.75*.75*0
REF*PO*0020050715
REF*ST*03978
REF*DP*043
DTM*999*20050714
RMR*IK*397820050715*PI*.75*.75*0
REF*PO*0020050716
REF*ST*03978
REF*DP*043
DTM*999*20050715
RMR*IK*399620050714*PI*7.8*7.8*0
REF*PO*0020050715
REF*ST*03996
REF*DP*043
DTM*999*20050714
RMR*IK*399620050716*PI*.38*.38*0
REF*PO*0020050717
REF*ST*03996
REF*DP*043
DTM*999*20050716
RMR*IK*399620050717*PI*14.4*14.4*0
REF*PO*0020050718
REF*ST*03996
REF*DP*043
DTM*999*20050717
RMR*IK*399620050720*PI*2.4*2.4*0
REF*PO*0020050721
REF*ST*03996
REF*DP*043
DTM*999*20050720
RMR*IK*409320050714*PI*11.2*11.2*0
REF*PO*0020050715
REF*ST*04093
REF*DP*043
DTM*999*20050714
RMR*IK*409320050715*PI*16.75*16.75*0
REF*PO*0020050716
REF*ST*04093
REF*DP*043
DTM*999*20050715
RMR*IK*409320050716*PI*4*4*0
REF*PO*0020050717
REF*ST*04093
REF*DP*043
DTM*999*20050716
RMR*IK*409320050717*PI*20.4*20.4*0
REF*PO*0020050718
REF*ST*04093
REF*DP*043
DTM*999*20050717
RMR*IK*409320050718*PI*14.8*14.8*0
REF*PO*0020050719
REF*ST*04093
REF*DP*043
DTM*999*20050718
RMR*IK*410320050718*PI*14.4*14.4*0
REF*PO*0020050719
REF*ST*04103
REF*DP*043
DTM*999*20050718
RMR*IK*410320050720*PI*2.4*2.4*0
REF*PO*0020050721
REF*ST*04103
REF*DP*043
DTM*999*20050720
RMR*IK*424420050714*PI*20.65*20.65*0
REF*PO*0020050715
REF*ST*04244
REF*DP*043
DTM*999*20050714
RMR*IK*424420050715*PI*67.28*67.28*0
REF*PO*0020050716
REF*ST*04244
REF*DP*043
DTM*999*20050715
RMR*IK*424420050716*PI*51.91*51.91*0
REF*PO*0020050717
REF*ST*04244
REF*DP*043
DTM*999*20050716
RMR*IK*424420050717*PI*23.38*23.38*0
REF*PO*0020050718
REF*ST*04244
REF*DP*043
DTM*999*20050717
RMR*IK*424420050718*PI*18.91*18.91*0
REF*PO*0020050719
REF*ST*04244
REF*DP*043
DTM*999*20050718
RMR*IK*424420050719*PI*12.06*12.06*0
REF*PO*0020050720
REF*ST*04244
REF*DP*043
DTM*999*20050719
RMR*IK*424420050720*PI*15.32*15.32*0
REF*PO*0020050721
REF*ST*04244
REF*DP*043
DTM*999*20050720
RMR*IK*471720050714*PI*15.3*15.3*0
REF*PO*0020050715
REF*ST*04717
REF*DP*043
DTM*999*20050714
RMR*IK*471720050715*PI*1.9*1.9*0
REF*PO*0020050716
REF*ST*04717
REF*DP*043
DTM*999*20050715
RMR*IK*471720050716*PI*2.25*2.25*0
REF*PO*0020050717
REF*ST*04717
REF*DP*043
DTM*999*20050716
RMR*IK*471720050717*PI*6*6*0
REF*PO*0020050718
REF*ST*04717
REF*DP*043
DTM*999*20050717
RMR*IK*471720050718*PI*13.19*13.19*0
REF*PO*0020050719
REF*ST*04717
REF*DP*043
DTM*999*20050718
RMR*IK*471720050720*PI*.65*.65*0
REF*PO*0020050721
REF*ST*04717
REF*DP*043
DTM*999*20050720
RMR*IK*471920050714*PI*12*12*0
REF*PO*0020050715
REF*ST*04719
REF*DP*043
DTM*999*20050714
RMR*IK*473920050714*PI*2.25*2.25*0
REF*PO*0020050715
REF*ST*04739
REF*DP*043
DTM*999*20050714
RMR*IK*473920050715*PI*14.71*14.71*0
REF*PO*0020050716
REF*ST*04739
REF*DP*043
DTM*999*20050715
RMR*IK*473920050716*PI*23.08*23.08*0
REF*PO*0020050717
REF*ST*04739
REF*DP*043
DTM*999*20050716
RMR*IK*473920050717*PI*18.3*18.3*0
REF*PO*0020050718
REF*ST*04739
REF*DP*043
DTM*999*20050717
RMR*IK*473920050718*PI*22.46*22.46*0
REF*PO*0020050719
REF*ST*04739
REF*DP*043
DTM*999*20050718
RMR*IK*475320050714*PI*2.5*2.5*0
REF*PO*0020050715
REF*ST*04753
REF*DP*043
DTM*999*20050714
RMR*IK*475320050715*PI*2.88*2.88*0
REF*PO*0020050716
REF*ST*04753
REF*DP*043
DTM*999*20050715
RMR*IK*475320050716*PI*5*5*0
REF*PO*0020050717
REF*ST*04753
REF*DP*043
DTM*999*20050716
RMR*IK*475320050717*PI*3.75*3.75*0
REF*PO*0020050718
REF*ST*04753
REF*DP*043
DTM*999*20050717
RMR*IK*475320050719*PI*1.25*1.25*0
REF*PO*0020050720
REF*ST*04753
REF*DP*043
DTM*999*20050719
RMR*IK*475320050720*PI*3.75*3.75*0
REF*PO*0020050721
REF*ST*04753
REF*DP*043
DTM*999*20050720
RMR*IK*476020050715*PI*3.75*3.75*0
REF*PO*0020050716
REF*ST*04760
REF*DP*043
DTM*999*20050715
RMR*IK*476020050717*PI*2*2*0
REF*PO*0020050718
REF*ST*04760
REF*DP*043
DTM*999*20050717
RMR*IK*476020050718*PI*1.5*1.5*0
REF*PO*0020050719
REF*ST*04760
REF*DP*043
DTM*999*20050718
RMR*IK*476020050719*PI*2.25*2.25*0
REF*PO*0020050720
REF*ST*04760
REF*DP*043
DTM*999*20050719
RMR*IK*483520050716*PI*4.5*4.5*0
REF*PO*0020050717
REF*ST*04835
REF*DP*043
DTM*999*20050716
RMR*IK*483520050719*PI*.75*.75*0
REF*PO*0020050720
REF*ST*04835
REF*DP*043
DTM*999*20050719
RMR*IK*488320050714*PI*6.5*6.5*0
REF*PO*0020050715
REF*ST*04883
REF*DP*043
DTM*999*20050714
RMR*IK*488320050715*PI*4.5*4.5*0
REF*PO*0020050716
REF*ST*04883
REF*DP*043
DTM*999*20050715
RMR*IK*488320050717*PI*2*2*0
REF*PO*0020050718
REF*ST*04883
REF*DP*043
DTM*999*20050717
RMR*IK*488320050718*PI*.75*.75*0
REF*PO*0020050719
REF*ST*04883
REF*DP*043
DTM*999*20050718
RMR*IK*488320050720*PI*3*3*0
REF*PO*0020050721
REF*ST*04883
REF*DP*043
DTM*999*20050720
RMR*IK*489820050716*PI*5.85*5.85*0
REF*PO*0020050717
REF*ST*04898
REF*DP*043
DTM*999*20050716
RMR*IK*489820050717*PI*.75*.75*0
REF*PO*0020050718
REF*ST*04898
REF*DP*043
DTM*999*20050717
RMR*IK*496820050714*PI*.38*.38*0
REF*PO*0020050715
REF*ST*04968
REF*DP*043
DTM*999*20050714
RMR*IK*496820050715*PI*3*3*0
REF*PO*0020050716
REF*ST*04968
REF*DP*043
DTM*999*20050715
RMR*IK*496820050717*PI*3*3*0
REF*PO*0020050718
REF*ST*04968
REF*DP*043
DTM*999*20050717
RMR*IK*704520050716*PI*1.16*1.16*0
REF*PO*0020050717
REF*ST*07045
REF*DP*043
DTM*999*20050716
RMR*IK*705920050714*PI*3*3*0
REF*PO*0020050715
REF*ST*07059
REF*DP*043
DTM*999*20050714
RMR*IK*705920050716*PI*3*3*0
REF*PO*0020050717
REF*ST*07059
REF*DP*043
DTM*999*20050716
RMR*IK*706420050716*PI*.58*.58*0
REF*PO*0020050717
REF*ST*07064
REF*DP*043
DTM*999*20050716
RMR*IK*706420050718*PI*.75*.75*0
REF*PO*0020050719
REF*ST*07064
REF*DP*043
DTM*999*20050718
RMR*IK*706920050715*PI*3*3*0
REF*PO*0020050716
REF*ST*07069
REF*DP*043
DTM*999*20050715
RMR*IK*706920050716*PI*8.66*8.66*0
REF*PO*0020050717
REF*ST*07069
REF*DP*043
DTM*999*20050716
RMR*IK*706920050717*PI*11.29*11.29*0
REF*PO*0020050718
REF*ST*07069
REF*DP*043
DTM*999*20050717
RMR*IK*706920050718*PI*.38*.38*0
REF*PO*0020050719
REF*ST*07069
REF*DP*043
DTM*999*20050718
RMR*IK*706920050719*PI*8.88*8.88*0
REF*PO*0020050720
REF*ST*07069
REF*DP*043
DTM*999*20050719
RMR*IK*706920050720*PI*12.44*12.44*0
REF*PO*0020050721
REF*ST*07069
REF*DP*043
DTM*999*20050720
RMR*IK*713220050714*PI*9.54*9.54*0
REF*PO*0020050715
REF*ST*07132
REF*DP*043
DTM*999*20050714
RMR*IK*713220050715*PI*24.62*24.62*0
REF*PO*0020050716
REF*ST*07132
REF*DP*043
DTM*999*20050715
RMR*IK*713220050716*PI*21.94*21.94*0
REF*PO*0020050717
REF*ST*07132
REF*DP*043
DTM*999*20050716
RMR*IK*713220050717*PI*11.14*11.14*0
REF*PO*0020050718
REF*ST*07132
REF*DP*043
DTM*999*20050717
RMR*IK*713220050718*PI*14.08*14.08*0
REF*PO*0020050719
REF*ST*07132
REF*DP*043
DTM*999*20050718
RMR*IK*713220050719*PI*2.78*2.78*0
REF*PO*0020050720
REF*ST*07132
REF*DP*043
DTM*999*20050719
RMR*IK*713220050720*PI*5.32*5.32*0
REF*PO*0020050721
REF*ST*07132
REF*DP*043
DTM*999*20050720
RMR*IK*714620050715*PI*6.18*6.18*0
REF*PO*0020050716
REF*ST*07146
REF*DP*043
DTM*999*20050715
RMR*IK*714620050717*PI*3.8*3.8*0
REF*PO*0020050718
REF*ST*07146
REF*DP*043
DTM*999*20050717
RMR*IK*714620050718*PI*1.13*1.13*0
REF*PO*0020050719
REF*ST*07146
REF*DP*043
DTM*999*20050718
RMR*IK*715420050717*PI*1.35*1.35*0
REF*PO*0020050718
REF*ST*07154
REF*DP*043
DTM*999*20050717
RMR*IK*718420050714*PI*5.63*5.63*0
REF*PO*0020050715
REF*ST*07184
REF*DP*043
DTM*999*20050714
RMR*IK*718420050715*PI*2.34*2.34*0
REF*PO*0020050716
REF*ST*07184
REF*DP*043
DTM*999*20050715
RMR*IK*718420050716*PI*9.4*9.4*0
REF*PO*0020050717
REF*ST*07184
REF*DP*043
DTM*999*20050716
RMR*IK*718420050717*PI*8.5*8.5*0
REF*PO*0020050718
REF*ST*07184
REF*DP*043
DTM*999*20050717
RMR*IK*718420050720*PI*.96*.96*0
REF*PO*0020050721
REF*ST*07184
REF*DP*043
DTM*999*20050720
RMR*IK*725520050714*PI*9.54*9.54*0
REF*PO*0020050715
REF*ST*07255
REF*DP*043
DTM*999*20050714
RMR*IK*725520050715*PI*13.16*13.16*0
REF*PO*0020050716
REF*ST*07255
REF*DP*043
DTM*999*20050715
RMR*IK*725520050716*PI*23.55*23.55*0
REF*PO*0020050717
REF*ST*07255
REF*DP*043
DTM*999*20050716
RMR*IK*725520050717*PI*20.16*20.16*0
REF*PO*0020050718
REF*ST*07255
REF*DP*043
DTM*999*20050717
RMR*IK*725520050718*PI*13.65*13.65*0
REF*PO*0020050719
REF*ST*07255
REF*DP*043
DTM*999*20050718
RMR*IK*725520050719*PI*20.41*20.41*0
REF*PO*0020050720
REF*ST*07255
REF*DP*043
DTM*999*20050719
RMR*IK*725520050720*PI*5.2*5.2*0
REF*PO*0020050721
REF*ST*07255
REF*DP*043
DTM*999*20050720
RMR*IK*735820050714*PI*31.9*31.9*0
REF*PO*0020050715
REF*ST*07358
REF*DP*043
DTM*999*20050714
RMR*IK*735820050715*PI*26.22*26.22*0
REF*PO*0020050716
REF*ST*07358
REF*DP*043
DTM*999*20050715
RMR*IK*735820050716*PI*44.9*44.9*0
REF*PO*0020050717
REF*ST*07358
REF*DP*043
DTM*999*20050716
RMR*IK*735820050717*PI*25.76*25.76*0
REF*PO*0020050718
REF*ST*07358
REF*DP*043
DTM*999*20050717
RMR*IK*735820050718*PI*8.4*8.4*0
REF*PO*0020050719
REF*ST*07358
REF*DP*043
DTM*999*20050718
RMR*IK*735820050719*PI*23.34*23.34*0
REF*PO*0020050720
REF*ST*07358
REF*DP*043
DTM*999*20050719
RMR*IK*735820050720*PI*4.56*4.56*0
REF*PO*0020050721
REF*ST*07358
REF*DP*043
DTM*999*20050720
RMR*IK*736220050716*PI*12*12*0
REF*PO*0020050717
REF*ST*07362
REF*DP*043
DTM*999*20050716
RMR*IK*736220050717*PI*4.92*4.92*0
REF*PO*0020050718
REF*ST*07362
REF*DP*043
DTM*999*20050717
ENT*3
ADX*-400*74*CM*50934IP
DTM*999*20040412
REF*PO*0552601245
REF*ST*07430
REF*DP*043
RMR*IK*746020050718*PI*7.8*7.8*0
REF*PO*0020050719
REF*ST*07460
REF*DP*043
DTM*999*20050718
RMR*IK*746020050719*PI*14.4*14.4*0
REF*PO*0020050720
REF*ST*07460
REF*DP*043
DTM*999*20050719
RMR*IK*746120050715*PI*1.52*1.52*0
REF*PO*0020050716
REF*ST*07461
REF*DP*043
DTM*999*20050715
RMR*IK*746120050718*PI*2*2*0
REF*PO*0020050719
REF*ST*07461
REF*DP*043
DTM*999*20050718
RMR*IK*746120050719*PI*2*2*0
REF*PO*0020050720
REF*ST*07461
REF*DP*043
DTM*999*20050719
RMR*IK*746120050720*PI*2*2*0
REF*PO*0020050721
REF*ST*07461
REF*DP*043
DTM*999*20050720
ENT*4
ADX*112*74*DM*2740
DTM*999*20030410
REF*PO*0552600187
REF*ST*07607
REF*DP*043
ADX*-112*74*CM*2740IP
DTM*999*20030410
REF*PO*0552600187
REF*ST*07607
REF*DP*043
RMR*IK*760720050715*PI*.75*.75*0
REF*PO*0020050716
REF*ST*07607
REF*DP*043
DTM*999*20050715
RMR*IK*760720050716*PI*6*6*0
REF*PO*0020050717
REF*ST*07607
REF*DP*043
DTM*999*20050716
RMR*IK*760720050717*PI*3.51*3.51*0
REF*PO*0020050718
REF*ST*07607
REF*DP*043
DTM*999*20050717
RMR*IK*760720050718*PI*4.8*4.8*0
REF*PO*0020050719
REF*ST*07607
REF*DP*043
DTM*999*20050718
RMR*IK*760720050719*PI*8.08*8.08*0
REF*PO*0020050720
REF*ST*07607
REF*DP*043
DTM*999*20050719
RMR*IK*760720050720*PI*2.25*2.25*0
REF*PO*0020050721
REF*ST*07607
REF*DP*043
DTM*999*20050720
RMR*IK*762920050714*PI*9*9*0
REF*PO*0020050715
REF*ST*07629
REF*DP*043
DTM*999*20050714
RMR*IK*762920050715*PI*.38*.38*0
REF*PO*0020050716
REF*ST*07629
REF*DP*043
DTM*999*20050715
RMR*IK*763720050714*PI*1.35*1.35*0
REF*PO*0020050715
REF*ST*07637
REF*DP*043
DTM*999*20050714
RMR*IK*763720050715*PI*2.4*2.4*0
REF*PO*0020050716
REF*ST*07637
REF*DP*043
DTM*999*20050715
RMR*IK*763720050716*PI*4*4*0
REF*PO*0020050717
REF*ST*07637
REF*DP*043
DTM*999*20050716
RMR*IK*763720050718*PI*1.35*1.35*0
REF*PO*0020050719
REF*ST*07637
REF*DP*043
DTM*999*20050718
RMR*IK*771820050719*PI*3*3*0
REF*PO*0020050720
REF*ST*07718
REF*DP*043
DTM*999*20050719
RMR*IK*771820050720*PI*3*3*0
REF*PO*0020050721
REF*ST*07718
REF*DP*043
DTM*999*20050720
RMR*IK*962020050714*PI*6*6*0
REF*PO*0020050715
REF*ST*09620
REF*DP*043
DTM*999*20050714
RMR*IK*962020050715*PI*17.28*17.28*0
REF*PO*0020050716
REF*ST*09620
REF*DP*043
DTM*999*20050715
RMR*IK*962020050716*PI*9.15*9.15*0
REF*PO*0020050717
REF*ST*09620
REF*DP*043
DTM*999*20050716
RMR*IK*962020050717*PI*.75*.75*0
REF*PO*0020050718
REF*ST*09620
REF*DP*043
DTM*999*20050717
RMR*IK*962220050716*PI*.75*.75*0
REF*PO*0020050717
REF*ST*09622
REF*DP*043
DTM*999*20050716
RMR*IK*962520050714*PI*3*3*0
REF*PO*0020050715
REF*ST*09625
REF*DP*043
DTM*999*20050714
RMR*IK*962520050715*PI*3*3*0
REF*PO*0020050716
REF*ST*09625
REF*DP*043
DTM*999*20050715
RMR*IK*962520050716*PI*1.74*1.74*0
REF*PO*0020050717
REF*ST*09625
REF*DP*043
DTM*999*20050716
RMR*IK*962520050717*PI*11.58*11.58*0
REF*PO*0020050718
REF*ST*09625
REF*DP*043
DTM*999*20050717
RMR*IK*962520050719*PI*6*6*0
REF*PO*0020050720
REF*ST*09625
REF*DP*043
DTM*999*20050719
RMR*IK*962920050714*PI*3*3*0
REF*PO*0020050715
REF*ST*09629
REF*DP*043
DTM*999*20050714
RMR*IK*962920050715*PI*6*6*0
REF*PO*0020050716
REF*ST*09629
REF*DP*043
DTM*999*20050715
RMR*IK*962920050717*PI*3*3*0
REF*PO*0020050718
REF*ST*09629
REF*DP*043
DTM*999*20050717
RMR*IK*963920050715*PI*1.9*1.9*0
REF*PO*0020050716
REF*ST*09639
REF*DP*043
DTM*999*20050715
RMR*IK*963920050716*PI*6*6*0
REF*PO*0020050717
REF*ST*09639
REF*DP*043
DTM*999*20050716
RMR*IK*964820050718*PI*6*6*0
REF*PO*0020050719
REF*ST*09648
REF*DP*043
DTM*999*20050718
RMR*IK*967420050714*PI*14.85*14.85*0
REF*PO*0020050715
REF*ST*09674
REF*DP*043
DTM*999*20050714
RMR*IK*967420050715*PI*20.72*20.72*0
REF*PO*0020050716
REF*ST*09674
REF*DP*043
DTM*999*20050715
RMR*IK*967420050716*PI*24.86*24.86*0
REF*PO*0020050717
REF*ST*09674
REF*DP*043
DTM*999*20050716
RMR*IK*967420050717*PI*11.64*11.64*0
REF*PO*0020050718
REF*ST*09674
REF*DP*043
DTM*999*20050717
RMR*IK*967420050718*PI*4.68*4.68*0
REF*PO*0020050719
REF*ST*09674
REF*DP*043
DTM*999*20050718
RMR*IK*967420050719*PI*11.9*11.9*0
REF*PO*0020050720
REF*ST*09674
REF*DP*043
DTM*999*20050719
RMR*IK*967420050720*PI*27.16*27.16*0
REF*PO*0020050721
REF*ST*09674
REF*DP*043
DTM*999*20050720
RMR*IK*972820050717*PI*9.6*9.6*0
REF*PO*0020050718
REF*ST*09728
REF*DP*043
DTM*999*20050717
RMR*IK*981820050714*PI*1.35*1.35*0
REF*PO*0020050715
REF*ST*09818
REF*DP*043
DTM*999*20050714
SE*1127*000000001
GE*1*100203
IEA*1*000100294
ISA*00*          *00*          *09*006985290AC    *12*6154525825     *050816*0444*U*00400*000000815*0*P*>
GS*PD*006985290AC*6154525825*20050816*04445190*192*X*004010
ST*852*000000001
XQ*H*20050816
N9*AD*T00000040
LIN**CB*970957114*ZZ*43*UP*831664000255*****DG*1*VS*00000
ZA*QS***006*20050815
CTP**UCP*.58
SDQ*EA*ZZ*4898*2
CTT*1
SE*9*000000001
ST*852*000000002
XQ*H*20050816
N9*AD*T00000040
LIN**CB*970960118*ZZ*43*UP*831664000682*****DG*1*VS*00000
ZA*QS***006*20050815
CTP**UCP*.75
SDQ*EA*ZZ*3978*2
CTT*1
SE*9*000000002
ST*852*000000003
XQ*H*20050816
N9*AD*T00000040
LIN**CB*970961116*ZZ*43*UP*831664000330*****DG*1*VS*00000
ZA*QS***006*20050815
CTP**UCP*.75
SDQ*EA*ZZ*3713*1*3978*5
CTT*1
SE*9*000000003
ST*852*000000004
XQ*H*20050816
N9*AD*T00000040
LIN**CB*970964110*ZZ*43*UP*831664000453*****DG*5*VS*00000
ZA*QS***006*20050815
CTP**UCP*3
SDQ*EA*ZZ*7460*1
CTT*1
SE*9*000000004
ST*852*000000005
XQ*H*20050816
N9*AD*T00000040
LIN**CB*970970117*ZZ*43*UP*831664000859*****DG*1*VS*00000
ZA*QS***006*20050815
CTP**UCP*2.4
SDQ*EA*ZZ*4244*5
LIN**CB*970970117*ZZ*43*UP*831664000859*****DG*3*VS*00000
ZA*QS***006*20050815
CTP**UCP*2.4
SDQ*EA*ZZ*4103*1
CTT*2
SE*13*000000005
ST*852*000000006
XQ*H*20050816
N9*AD*T00000040
LIN**CB*970975116*ZZ*43*UP*831664000910*****DG*1*VS*00000
ZA*QS***006*20050815
CTP**UCP*4.5
SDQ*EA*ZZ*7358*2
CTT*1
SE*9*000000006
ST*852*000000007
XQ*H*20050816
N9*AD*T00000040
LIN**CB*970981114*ZZ*43*UP*831664000972*****DG*1*VS*00000
ZA*QS***006*20050815
CTP**UCP*.65
SDQ*EA*ZZ*3848*11*4835*4
CTT*1
SE*9*000000007
ST*852*000000008
XQ*H*20050816
N9*AD*T00000040
LIN**CB*970984118*ZZ*43*UP*831664001009*****DG*1*VS*00000
ZA*QS***006*20050815
CTP**UCP*1.65
SDQ*EA*ZZ*3602*2
CTT*1
SE*9*000000008
GE*8*192
IEA*1*000000815
*** SUPERTRACS READY FOR INPUT
