ISA*00*          *00*          *09*006985290EFT   *12*6154525825     *080419*0301*U*00400*001000113*0*P*>
GS*RA*006985290EFT*6154525825*20080419*0301*1000113*X*004010
ST*820*0001
BPR*I*46611.32*C*ACH*CCP*01*021000018*DA*0300955622*9008965873**01*064102601*DA*3000289*20080422*VEN
TRN*3*770289020*9008965873
DTM*097*20080419
N1*PR*KMART CORPORATION*1*008965873
N1*PE*YOUNGS FARMS*92*00069099588
N1*SE*YOUNGS FARMS*92*00069099588
ENT*1
RMR*IK*302220080320*PI*2.4*2.4*0
REF*PO*0020080321
REF*ST*03022
REF*DP*043
DTM*999*20080320
RMR*IK*302220080321*PI*9.6*9.6*0
REF*PO*0020080322
REF*ST*03022
REF*DP*043
DTM*999*20080321
RMR*IK*302220080322*PI*1.2*1.2*0
REF*PO*0020080323
REF*ST*03022
REF*DP*043
DTM*999*20080322
RMR*IK*302220080323*PI*24.6*24.6*0
REF*PO*0020080324
REF*ST*03022
REF*DP*043
DTM*999*20080323
RMR*IK*302220080324*PI*1.2*1.2*0
REF*PO*0020080325
REF*ST*03022
REF*DP*043
DTM*999*20080324
RMR*IK*302220080325*PI*11.4*11.4*0
REF*PO*0020080326
REF*ST*03022
REF*DP*043
DTM*999*20080325
RMR*IK*302220080326*PI*6*6*0
REF*PO*0020080327
REF*ST*03022
REF*DP*043
DTM*999*20080326
RMR*IK*306320080320*PI*12*12*0
REF*PO*0020080321
REF*ST*03063
REF*DP*043
DTM*999*20080320
RMR*IK*306320080321*PI*32.95*32.95*0
REF*PO*0020080322
REF*ST*03063
REF*DP*043
DTM*999*20080321
RMR*IK*306320080322*PI*25*25*0
REF*PO*0020080323
REF*ST*03063
REF*DP*043
DTM*999*20080322
RMR*IK*306320080323*PI*9.6*9.6*0
REF*PO*0020080324
REF*ST*03063
REF*DP*043
DTM*999*20080323
RMR*IK*306320080324*PI*2.4*2.4*0
REF*PO*0020080325
REF*ST*03063
REF*DP*043
DTM*999*20080324
RMR*IK*306320080326*PI*2.4*2.4*0
REF*PO*0020080327
REF*ST*03063
REF*DP*043
DTM*999*20080326
RMR*IK*308320080320*PI*56.8*56.8*0
REF*PO*0020080321
REF*ST*03083
REF*DP*043
DTM*999*20080320
RMR*IK*308320080321*PI*262.16*262.16*0
REF*PO*0020080322
REF*ST*03083
REF*DP*043
DTM*999*20080321
RMR*IK*308320080322*PI*119.91*119.91*0
REF*PO*0020080323
REF*ST*03083
REF*DP*043
DTM*999*20080322
RMR*IK*308320080323*PI*47.38*47.38*0
REF*PO*0020080324
REF*ST*03083
REF*DP*043
DTM*999*20080323
RMR*IK*308320080324*PI*14.3*14.3*0
REF*PO*0020080325
REF*ST*03083
REF*DP*043
DTM*999*20080324
RMR*IK*308320080326*PI*83.45*83.45*0
REF*PO*0020080327
REF*ST*03083
REF*DP*043
DTM*999*20080326
RMR*IK*308420080320*PI*53.4*53.4*0
REF*PO*0020080321
REF*ST*03084
REF*DP*043
DTM*999*20080320
RMR*IK*308420080321*PI*128*128*0
REF*PO*0020080322
REF*ST*03084
REF*DP*043
DTM*999*20080321
RMR*IK*308420080322*PI*102.5*102.5*0
REF*PO*0020080323
REF*ST*03084
REF*DP*043
DTM*999*20080322
RMR*IK*308420080323*PI*76.7*76.7*0
REF*PO*0020080324
REF*ST*03084
REF*DP*043
DTM*999*20080323
RMR*IK*308420080324*PI*.92*.92*0
REF*PO*0020080325
REF*ST*03084
REF*DP*043
DTM*999*20080324
RMR*IK*308420080325*PI*11.6*11.6*0
REF*PO*0020080326
REF*ST*03084
REF*DP*043
DTM*999*20080325
RMR*IK*308420080326*PI*54.9*54.9*0
REF*PO*0020080327
REF*ST*03084
REF*DP*043
DTM*999*20080326
RMR*IK*314320080320*PI*55.1*55.1*0
REF*PO*0020080321
REF*ST*03143
REF*DP*043
DTM*999*20080320
RMR*IK*314320080321*PI*212.04*212.04*0
REF*PO*0020080322
REF*ST*03143
REF*DP*043
DTM*999*20080321
RMR*IK*314320080322*PI*90.6*90.6*0
REF*PO*0020080323
REF*ST*03143
REF*DP*043
DTM*999*20080322
RMR*IK*314320080324*PI*16.47*16.47*0
REF*PO*0020080325
REF*ST*03143
REF*DP*043
DTM*999*20080324
RMR*IK*314320080325*PI*27.31*27.31*0
REF*PO*0020080326
REF*ST*03143
REF*DP*043
DTM*999*20080325
RMR*IK*314320080326*PI*82.3*82.3*0
REF*PO*0020080327
REF*ST*03143
REF*DP*043
DTM*999*20080326
RMR*IK*314720080321*PI*4.8*4.8*0
REF*PO*0020080322
REF*ST*03147
REF*DP*043
DTM*999*20080321
RMR*IK*314720080322*PI*1.2*1.2*0
REF*PO*0020080323
REF*ST*03147
REF*DP*043
DTM*999*20080322
RMR*IK*314720080325*PI*2.4*2.4*0
REF*PO*0020080326
REF*ST*03147
REF*DP*043
DTM*999*20080325
RMR*IK*314720080326*PI*3.6*3.6*0
REF*PO*0020080327
REF*ST*03147
REF*DP*043
DTM*999*20080326
RMR*IK*319420080320*PI*19.2*19.2*0
REF*PO*0020080321
REF*ST*03194
REF*DP*043
DTM*999*20080320
RMR*IK*319420080321*PI*48.3*48.3*0
REF*PO*0020080322
REF*ST*03194
REF*DP*043
DTM*999*20080321
RMR*IK*319420080322*PI*34*34*0
REF*PO*0020080323
REF*ST*03194
REF*DP*043
DTM*999*20080322
RMR*IK*319420080323*PI*7.15*7.15*0
REF*PO*0020080324
REF*ST*03194
REF*DP*043
DTM*999*20080323
RMR*IK*319420080324*PI*57.9*57.9*0
REF*PO*0020080325
REF*ST*03194
REF*DP*043
DTM*999*20080324
RMR*IK*319420080325*PI*2.4*2.4*0
REF*PO*0020080326
REF*ST*03194
REF*DP*043
DTM*999*20080325
RMR*IK*319420080326*PI*10.8*10.8*0
REF*PO*0020080327
REF*ST*03194
REF*DP*043
DTM*999*20080326
RMR*IK*322320080320*PI*82.35*82.35*0
REF*PO*0020080321
REF*ST*03223
REF*DP*043
DTM*999*20080320
RMR*IK*322320080321*PI*118.15*118.15*0
REF*PO*0020080322
REF*ST*03223
REF*DP*043
DTM*999*20080321
RMR*IK*322320080322*PI*163.22*163.22*0
REF*PO*0020080323
REF*ST*03223
REF*DP*043
DTM*999*20080322
RMR*IK*322320080323*PI*65.9*65.9*0
REF*PO*0020080324
REF*ST*03223
REF*DP*043
DTM*999*20080323
RMR*IK*322320080324*PI*29.88*29.88*0
REF*PO*0020080325
REF*ST*03223
REF*DP*043
DTM*999*20080324
RMR*IK*322320080325*PI*103.13*103.13*0
REF*PO*0020080326
REF*ST*03223
REF*DP*043
DTM*999*20080325
RMR*IK*322320080326*PI*65.16*65.16*0
REF*PO*0020080327
REF*ST*03223
REF*DP*043
DTM*999*20080326
RMR*IK*324020080320*PI*12.95*12.95*0
REF*PO*0020080321
REF*ST*03240
REF*DP*043
DTM*999*20080320
RMR*IK*324020080321*PI*70.6*70.6*0
REF*PO*0020080322
REF*ST*03240
REF*DP*043
DTM*999*20080321
RMR*IK*324020080322*PI*45.75*45.75*0
REF*PO*0020080323
REF*ST*03240
REF*DP*043
DTM*999*20080322
RMR*IK*324020080323*PI*9.65*9.65*0
REF*PO*0020080324
REF*ST*03240
REF*DP*043
DTM*999*20080323
RMR*IK*324020080324*PI*1.2*1.2*0
REF*PO*0020080325
REF*ST*03240
REF*DP*043
DTM*999*20080324
RMR*IK*324020080326*PI*21.6*21.6*0
REF*PO*0020080327
REF*ST*03240
REF*DP*043
DTM*999*20080326
RMR*IK*325320080321*PI*13.8*13.8*0
REF*PO*0020080322
REF*ST*03253
REF*DP*043
DTM*999*20080321
RMR*IK*325320080322*PI*18*18*0
REF*PO*0020080323
REF*ST*03253
REF*DP*043
DTM*999*20080322
RMR*IK*325320080323*PI*28.8*28.8*0
REF*PO*0020080324
REF*ST*03253
REF*DP*043
DTM*999*20080323
RMR*IK*325320080324*PI*4.8*4.8*0
REF*PO*0020080325
REF*ST*03253
REF*DP*043
DTM*999*20080324
RMR*IK*325320080325*PI*8.4*8.4*0
REF*PO*0020080326
REF*ST*03253
REF*DP*043
DTM*999*20080325
RMR*IK*328920080320*PI*13.2*13.2*0
REF*PO*0020080321
REF*ST*03289
REF*DP*043
DTM*999*20080320
RMR*IK*328920080321*PI*29.6*29.6*0
REF*PO*0020080322
REF*ST*03289
REF*DP*043
DTM*999*20080321
RMR*IK*328920080322*PI*74.25*74.25*0
REF*PO*0020080323
REF*ST*03289
REF*DP*043
DTM*999*20080322
RMR*IK*328920080323*PI*40.15*40.15*0
REF*PO*0020080324
REF*ST*03289
REF*DP*043
DTM*999*20080323
RMR*IK*328920080324*PI*6*6*0
REF*PO*0020080325
REF*ST*03289
REF*DP*043
DTM*999*20080324
RMR*IK*328920080325*PI*4.04*4.04*0
REF*PO*0020080326
REF*ST*03289
REF*DP*043
DTM*999*20080325
RMR*IK*328920080326*PI*18.96*18.96*0
REF*PO*0020080327
REF*ST*03289
REF*DP*043
DTM*999*20080326
RMR*IK*334820080320*PI*25.6*25.6*0
REF*PO*0020080321
REF*ST*03348
REF*DP*043
DTM*999*20080320
RMR*IK*334820080321*PI*105.75*105.75*0
REF*PO*0020080322
REF*ST*03348
REF*DP*043
DTM*999*20080321
RMR*IK*334820080322*PI*52.55*52.55*0
REF*PO*0020080323
REF*ST*03348
REF*DP*043
DTM*999*20080322
RMR*IK*334820080326*PI*64.15*64.15*0
REF*PO*0020080327
REF*ST*03348
REF*DP*043
DTM*999*20080326
RMR*IK*335520080320*PI*67*67*0
REF*PO*0020080321
REF*ST*03355
REF*DP*043
DTM*999*20080320
RMR*IK*335520080321*PI*81.25*81.25*0
REF*PO*0020080322
REF*ST*03355
REF*DP*043
DTM*999*20080321
RMR*IK*335520080322*PI*53.25*53.25*0
REF*PO*0020080323
REF*ST*03355
REF*DP*043
DTM*999*20080322
RMR*IK*335520080323*PI*164.95*164.95*0
REF*PO*0020080324
REF*ST*03355
REF*DP*043
DTM*999*20080323
RMR*IK*335520080324*PI*25.6*25.6*0
REF*PO*0020080325
REF*ST*03355
REF*DP*043
DTM*999*20080324
RMR*IK*335520080325*PI*44.08*44.08*0
REF*PO*0020080326
REF*ST*03355
REF*DP*043
DTM*999*20080325
RMR*IK*335520080326*PI*79.48*79.48*0
REF*PO*0020080327
REF*ST*03355
REF*DP*043
DTM*999*20080326
RMR*IK*335920080320*PI*12*12*0
REF*PO*0020080321
REF*ST*03359
REF*DP*043
DTM*999*20080320
RMR*IK*335920080321*PI*75.15*75.15*0
REF*PO*0020080322
REF*ST*03359
REF*DP*043
DTM*999*20080321
RMR*IK*335920080322*PI*69.3*69.3*0
REF*PO*0020080323
REF*ST*03359
REF*DP*043
DTM*999*20080322
RMR*IK*335920080323*PI*4.8*4.8*0
REF*PO*0020080324
REF*ST*03359
REF*DP*043
DTM*999*20080323
RMR*IK*335920080324*PI*26*26*0
REF*PO*0020080325
REF*ST*03359
REF*DP*043
DTM*999*20080324
RMR*IK*335920080325*PI*28.55*28.55*0
REF*PO*0020080326
REF*ST*03359
REF*DP*043
DTM*999*20080325
RMR*IK*335920080326*PI*37.15*37.15*0
REF*PO*0020080327
REF*ST*03359
REF*DP*043
DTM*999*20080326
RMR*IK*340820080320*PI*29.15*29.15*0
REF*PO*0020080321
REF*ST*03408
REF*DP*043
DTM*999*20080320
RMR*IK*340820080321*PI*55.35*55.35*0
REF*PO*0020080322
REF*ST*03408
REF*DP*043
DTM*999*20080321
RMR*IK*340820080322*PI*70.9*70.9*0
REF*PO*0020080323
REF*ST*03408
REF*DP*043
DTM*999*20080322
RMR*IK*340820080323*PI*12.55*12.55*0
REF*PO*0020080324
REF*ST*03408
REF*DP*043
DTM*999*20080323
RMR*IK*340820080324*PI*2.12*2.12*0
REF*PO*0020080325
REF*ST*03408
REF*DP*043
DTM*999*20080324
RMR*IK*340820080325*PI*48.43*48.43*0
REF*PO*0020080326
REF*ST*03408
REF*DP*043
DTM*999*20080325
RMR*IK*342820080320*PI*68.8*68.8*0
REF*PO*0020080321
REF*ST*03428
REF*DP*043
DTM*999*20080320
RMR*IK*342820080321*PI*60.45*60.45*0
REF*PO*0020080322
REF*ST*03428
REF*DP*043
DTM*999*20080321
RMR*IK*342820080322*PI*98.23*98.23*0
REF*PO*0020080323
REF*ST*03428
REF*DP*043
DTM*999*20080322
RMR*IK*342820080323*PI*12*12*0
REF*PO*0020080324
REF*ST*03428
REF*DP*043
DTM*999*20080323
RMR*IK*342820080325*PI*3.6*3.6*0
REF*PO*0020080326
REF*ST*03428
REF*DP*043
DTM*999*20080325
RMR*IK*342820080326*PI*22.88*22.88*0
REF*PO*0020080327
REF*ST*03428
REF*DP*043
DTM*999*20080326
RMR*IK*360220080320*PI*44.55*44.55*0
REF*PO*0020080321
REF*ST*03602
REF*DP*043
DTM*999*20080320
RMR*IK*360220080321*PI*84.47*84.47*0
REF*PO*0020080322
REF*ST*03602
REF*DP*043
DTM*999*20080321
RMR*IK*360220080322*PI*97.55*97.55*0
REF*PO*0020080323
REF*ST*03602
REF*DP*043
DTM*999*20080322
RMR*IK*360220080323*PI*38.05*38.05*0
REF*PO*0020080324
REF*ST*03602
REF*DP*043
DTM*999*20080323
RMR*IK*360220080325*PI*8.16*8.16*0
REF*PO*0020080326
REF*ST*03602
REF*DP*043
DTM*999*20080325
RMR*IK*360220080326*PI*7.75*7.75*0
REF*PO*0020080327
REF*ST*03602
REF*DP*043
DTM*999*20080326
RMR*IK*363220080320*PI*345.8*345.8*0
REF*PO*0020080321
REF*ST*03632
REF*DP*043
DTM*999*20080320
RMR*IK*363220080321*PI*327.68*327.68*0
REF*PO*0020080322
REF*ST*03632
REF*DP*043
DTM*999*20080321
RMR*IK*363220080322*PI*234.01*234.01*0
REF*PO*0020080323
REF*ST*03632
REF*DP*043
DTM*999*20080322
RMR*IK*363220080323*PI*111.24*111.24*0
REF*PO*0020080324
REF*ST*03632
REF*DP*043
DTM*999*20080323
RMR*IK*363220080324*PI*46.68*46.68*0
REF*PO*0020080325
REF*ST*03632
REF*DP*043
DTM*999*20080324
RMR*IK*363220080325*PI*294.41*294.41*0
REF*PO*0020080326
REF*ST*03632
REF*DP*043
DTM*999*20080325
RMR*IK*363220080326*PI*411.24*411.24*0
REF*PO*0020080327
REF*ST*03632
REF*DP*043
DTM*999*20080326
RMR*IK*364420080320*PI*19.2*19.2*0
REF*PO*0020080321
REF*ST*03644
REF*DP*043
DTM*999*20080320
RMR*IK*364420080321*PI*147.5*147.5*0
REF*PO*0020080322
REF*ST*03644
REF*DP*043
DTM*999*20080321
RMR*IK*364420080322*PI*81.15*81.15*0
REF*PO*0020080323
REF*ST*03644
REF*DP*043
DTM*999*20080322
RMR*IK*364420080323*PI*25.15*25.15*0
REF*PO*0020080324
REF*ST*03644
REF*DP*043
DTM*999*20080323
RMR*IK*364420080324*PI*8*8*0
REF*PO*0020080325
REF*ST*03644
REF*DP*043
DTM*999*20080324
RMR*IK*364420080326*PI*4.8*4.8*0
REF*PO*0020080327
REF*ST*03644
REF*DP*043
DTM*999*20080326
RMR*IK*364520080320*PI*115.55*115.55*0
REF*PO*0020080321
REF*ST*03645
REF*DP*043
DTM*999*20080320
RMR*IK*364520080321*PI*156.1*156.1*0
REF*PO*0020080322
REF*ST*03645
REF*DP*043
DTM*999*20080321
RMR*IK*364520080322*PI*37.8*37.8*0
REF*PO*0020080323
REF*ST*03645
REF*DP*043
DTM*999*20080322
RMR*IK*364520080323*PI*40.4*40.4*0
REF*PO*0020080324
REF*ST*03645
REF*DP*043
DTM*999*20080323
RMR*IK*364520080324*PI*13.2*13.2*0
REF*PO*0020080325
REF*ST*03645
REF*DP*043
DTM*999*20080324
RMR*IK*364520080325*PI*17.8*17.8*0
REF*PO*0020080326
REF*ST*03645
REF*DP*043
DTM*999*20080325
RMR*IK*364520080326*PI*9.2*9.2*0
REF*PO*0020080327
REF*ST*03645
REF*DP*043
DTM*999*20080326
RMR*IK*364620080320*PI*36.59*36.59*0
REF*PO*0020080321
REF*ST*03646
REF*DP*043
DTM*999*20080320
RMR*IK*364620080321*PI*103.38*103.38*0
REF*PO*0020080322
REF*ST*03646
REF*DP*043
DTM*999*20080321
RMR*IK*364620080322*PI*64*64*0
REF*PO*0020080323
REF*ST*03646
REF*DP*043
DTM*999*20080322
RMR*IK*364620080323*PI*48.15*48.15*0
REF*PO*0020080324
REF*ST*03646
REF*DP*043
DTM*999*20080323
RMR*IK*364620080324*PI*33*33*0
REF*PO*0020080325
REF*ST*03646
REF*DP*043
DTM*999*20080324
RMR*IK*364620080325*PI*29.85*29.85*0
REF*PO*0020080326
REF*ST*03646
REF*DP*043
DTM*999*20080325
RMR*IK*364620080326*PI*136.36*136.36*0
REF*PO*0020080327
REF*ST*03646
REF*DP*043
DTM*999*20080326
RMR*IK*366020080320*PI*1.2*1.2*0
REF*PO*0020080321
REF*ST*03660
REF*DP*043
DTM*999*20080320
RMR*IK*366020080321*PI*21.6*21.6*0
REF*PO*0020080322
REF*ST*03660
REF*DP*043
DTM*999*20080321
RMR*IK*366020080322*PI*11.9*11.9*0
REF*PO*0020080323
REF*ST*03660
REF*DP*043
DTM*999*20080322
RMR*IK*366120080320*PI*88.4*88.4*0
REF*PO*0020080321
REF*ST*03661
REF*DP*043
DTM*999*20080320
RMR*IK*366120080321*PI*212.38*212.38*0
REF*PO*0020080322
REF*ST*03661
REF*DP*043
DTM*999*20080321
RMR*IK*366120080322*PI*129.48*129.48*0
REF*PO*0020080323
REF*ST*03661
REF*DP*043
DTM*999*20080322
RMR*IK*366120080323*PI*104.95*104.95*0
REF*PO*0020080324
REF*ST*03661
REF*DP*043
DTM*999*20080323
RMR*IK*366120080324*PI*6*6*0
REF*PO*0020080325
REF*ST*03661
REF*DP*043
DTM*999*20080324
RMR*IK*366120080325*PI*53.8*53.8*0
REF*PO*0020080326
REF*ST*03661
REF*DP*043
DTM*999*20080325
RMR*IK*366120080326*PI*160.32*160.32*0
REF*PO*0020080327
REF*ST*03661
REF*DP*043
DTM*999*20080326
RMR*IK*367220080320*PI*149.6*149.6*0
REF*PO*0020080321
REF*ST*03672
REF*DP*043
DTM*999*20080320
RMR*IK*367220080321*PI*179.65*179.65*0
REF*PO*0020080322
REF*ST*03672
REF*DP*043
DTM*999*20080321
RMR*IK*367220080322*PI*212.39*212.39*0
REF*PO*0020080323
REF*ST*03672
REF*DP*043
DTM*999*20080322
RMR*IK*367220080323*PI*30.65*30.65*0
REF*PO*0020080324
REF*ST*03672
REF*DP*043
DTM*999*20080323
RMR*IK*367220080324*PI*14.4*14.4*0
REF*PO*0020080325
REF*ST*03672
REF*DP*043
DTM*999*20080324
RMR*IK*367220080325*PI*38.55*38.55*0
REF*PO*0020080326
REF*ST*03672
REF*DP*043
DTM*999*20080325
RMR*IK*367220080326*PI*71.02*71.02*0
REF*PO*0020080327
REF*ST*03672
REF*DP*043
DTM*999*20080326
RMR*IK*367520080320*PI*38*38*0
REF*PO*0020080321
REF*ST*03675
REF*DP*043
DTM*999*20080320
RMR*IK*367520080321*PI*62.85*62.85*0
REF*PO*0020080322
REF*ST*03675
REF*DP*043
DTM*999*20080321
RMR*IK*367520080322*PI*157.9*157.9*0
REF*PO*0020080323
REF*ST*03675
REF*DP*043
DTM*999*20080322
RMR*IK*367520080323*PI*59.25*59.25*0
REF*PO*0020080324
REF*ST*03675
REF*DP*043
DTM*999*20080323
RMR*IK*367520080324*PI*7.75*7.75*0
REF*PO*0020080325
REF*ST*03675
REF*DP*043
DTM*999*20080324
RMR*IK*367520080325*PI*26.6*26.6*0
REF*PO*0020080326
REF*ST*03675
REF*DP*043
DTM*999*20080325
RMR*IK*367520080326*PI*29.55*29.55*0
REF*PO*0020080327
REF*ST*03675
REF*DP*043
DTM*999*20080326
RMR*IK*368520080320*PI*17.85*17.85*0
REF*PO*0020080321
REF*ST*03685
REF*DP*043
DTM*999*20080320
RMR*IK*368520080321*PI*8.85*8.85*0
REF*PO*0020080322
REF*ST*03685
REF*DP*043
DTM*999*20080321
RMR*IK*368520080322*PI*48.1*48.1*0
REF*PO*0020080323
REF*ST*03685
REF*DP*043
DTM*999*20080322
RMR*IK*368520080323*PI*33.75*33.75*0
REF*PO*0020080324
REF*ST*03685
REF*DP*043
DTM*999*20080323
RMR*IK*370120080320*PI*172.6*172.6*0
REF*PO*0020080321
REF*ST*03701
REF*DP*043
DTM*999*20080320
RMR*IK*370120080321*PI*113.68*113.68*0
REF*PO*0020080322
REF*ST*03701
REF*DP*043
DTM*999*20080321
RMR*IK*370120080322*PI*206.07*206.07*0
REF*PO*0020080323
REF*ST*03701
REF*DP*043
DTM*999*20080322
RMR*IK*370120080323*PI*83*83*0
REF*PO*0020080324
REF*ST*03701
REF*DP*043
DTM*999*20080323
RMR*IK*370120080324*PI*35.19*35.19*0
REF*PO*0020080325
REF*ST*03701
REF*DP*043
DTM*999*20080324
RMR*IK*370120080325*PI*142.98*142.98*0
REF*PO*0020080326
REF*ST*03701
REF*DP*043
DTM*999*20080325
RMR*IK*370120080326*PI*219.05*219.05*0
REF*PO*0020080327
REF*ST*03701
REF*DP*043
DTM*999*20080326
RMR*IK*370320080320*PI*232.05*232.05*0
REF*PO*0020080321
REF*ST*03703
REF*DP*043
DTM*999*20080320
RMR*IK*370320080321*PI*195.5*195.5*0
REF*PO*0020080322
REF*ST*03703
REF*DP*043
DTM*999*20080321
RMR*IK*370320080322*PI*453.81*453.81*0
REF*PO*0020080323
REF*ST*03703
REF*DP*043
DTM*999*20080322
RMR*IK*370320080323*PI*83.1*83.1*0
REF*PO*0020080324
REF*ST*03703
REF*DP*043
DTM*999*20080323
RMR*IK*370320080324*PI*52.09*52.09*0
REF*PO*0020080325
REF*ST*03703
REF*DP*043
DTM*999*20080324
RMR*IK*370320080325*PI*72.33*72.33*0
REF*PO*0020080326
REF*ST*03703
REF*DP*043
DTM*999*20080325
RMR*IK*370320080326*PI*200.36*200.36*0
REF*PO*0020080327
REF*ST*03703
REF*DP*043
DTM*999*20080326
RMR*IK*371320080320*PI*34.35*34.35*0
REF*PO*0020080321
REF*ST*03713
REF*DP*043
DTM*999*20080320
RMR*IK*371320080321*PI*66.75*66.75*0
REF*PO*0020080322
REF*ST*03713
REF*DP*043
DTM*999*20080321
RMR*IK*371320080322*PI*132.4*132.4*0
REF*PO*0020080323
REF*ST*03713
REF*DP*043
DTM*999*20080322
RMR*IK*371320080323*PI*38.83*38.83*0
REF*PO*0020080324
REF*ST*03713
REF*DP*043
DTM*999*20080323
RMR*IK*371320080325*PI*15.95*15.95*0
REF*PO*0020080326
REF*ST*03713
REF*DP*043
DTM*999*20080325
RMR*IK*371320080326*PI*18.03*18.03*0
REF*PO*0020080327
REF*ST*03713
REF*DP*043
DTM*999*20080326
RMR*IK*371520080320*PI*1.2*1.2*0
REF*PO*0020080321
REF*ST*03715
REF*DP*043
DTM*999*20080320
RMR*IK*371520080321*PI*51.6*51.6*0
REF*PO*0020080322
REF*ST*03715
REF*DP*043
DTM*999*20080321
RMR*IK*371520080322*PI*58*58*0
REF*PO*0020080323
REF*ST*03715
REF*DP*043
DTM*999*20080322
RMR*IK*371520080323*PI*19.4*19.4*0
REF*PO*0020080324
REF*ST*03715
REF*DP*043
DTM*999*20080323
RMR*IK*371520080324*PI*16.8*16.8*0
REF*PO*0020080325
REF*ST*03715
REF*DP*043
DTM*999*20080324
RMR*IK*371520080326*PI*22.6*22.6*0
REF*PO*0020080327
REF*ST*03715
REF*DP*043
DTM*999*20080326
RMR*IK*377320080321*PI*31.8*31.8*0
REF*PO*0020080322
REF*ST*03773
REF*DP*043
DTM*999*20080321
RMR*IK*377320080322*PI*21.6*21.6*0
REF*PO*0020080323
REF*ST*03773
REF*DP*043
DTM*999*20080322
RMR*IK*377320080323*PI*10.75*10.75*0
REF*PO*0020080324
REF*ST*03773
REF*DP*043
DTM*999*20080323
RMR*IK*377320080325*PI*19.1*19.1*0
REF*PO*0020080326
REF*ST*03773
REF*DP*043
DTM*999*20080325
RMR*IK*377320080326*PI*48.03*48.03*0
REF*PO*0020080327
REF*ST*03773
REF*DP*043
DTM*999*20080326
RMR*IK*380820080320*PI*10.05*10.05*0
REF*PO*0020080321
REF*ST*03808
REF*DP*043
DTM*999*20080320
RMR*IK*380820080321*PI*41.12*41.12*0
REF*PO*0020080322
REF*ST*03808
REF*DP*043
DTM*999*20080321
RMR*IK*380820080322*PI*108.25*108.25*0
REF*PO*0020080323
REF*ST*03808
REF*DP*043
DTM*999*20080322
RMR*IK*380820080323*PI*20.4*20.4*0
REF*PO*0020080324
REF*ST*03808
REF*DP*043
DTM*999*20080323
RMR*IK*380820080324*PI*15.4*15.4*0
REF*PO*0020080325
REF*ST*03808
REF*DP*043
DTM*999*20080324
RMR*IK*380820080325*PI*40.6*40.6*0
REF*PO*0020080326
REF*ST*03808
REF*DP*043
DTM*999*20080325
RMR*IK*380820080326*PI*87.5*87.5*0
REF*PO*0020080327
REF*ST*03808
REF*DP*043
DTM*999*20080326
RMR*IK*382220080320*PI*13.2*13.2*0
REF*PO*0020080321
REF*ST*03822
REF*DP*043
DTM*999*20080320
RMR*IK*382220080321*PI*3.6*3.6*0
REF*PO*0020080322
REF*ST*03822
REF*DP*043
DTM*999*20080321
RMR*IK*382220080322*PI*8.9*8.9*0
REF*PO*0020080323
REF*ST*03822
REF*DP*043
DTM*999*20080322
RMR*IK*382220080323*PI*14.85*14.85*0
REF*PO*0020080324
REF*ST*03822
REF*DP*043
DTM*999*20080323
RMR*IK*382220080324*PI*22.2*22.2*0
REF*PO*0020080325
REF*ST*03822
REF*DP*043
DTM*999*20080324
RMR*IK*382220080325*PI*6*6*0
REF*PO*0020080326
REF*ST*03822
REF*DP*043
DTM*999*20080325
RMR*IK*382220080326*PI*27.6*27.6*0
REF*PO*0020080327
REF*ST*03822
REF*DP*043
DTM*999*20080326
RMR*IK*383620080320*PI*1.2*1.2*0
REF*PO*0020080321
REF*ST*03836
REF*DP*043
DTM*999*20080320
RMR*IK*383620080321*PI*21.95*21.95*0
REF*PO*0020080322
REF*ST*03836
REF*DP*043
DTM*999*20080321
RMR*IK*383620080322*PI*95.5*95.5*0
REF*PO*0020080323
REF*ST*03836
REF*DP*043
DTM*999*20080322
RMR*IK*383620080324*PI*19.1*19.1*0
REF*PO*0020080325
REF*ST*03836
REF*DP*043
DTM*999*20080324
RMR*IK*383620080325*PI*3.6*3.6*0
REF*PO*0020080326
REF*ST*03836
REF*DP*043
DTM*999*20080325
RMR*IK*383620080326*PI*2.4*2.4*0
REF*PO*0020080327
REF*ST*03836
REF*DP*043
DTM*999*20080326
RMR*IK*384820080320*PI*54.3*54.3*0
REF*PO*0020080321
REF*ST*03848
REF*DP*043
DTM*999*20080320
RMR*IK*384820080321*PI*22.75*22.75*0
REF*PO*0020080322
REF*ST*03848
REF*DP*043
DTM*999*20080321
RMR*IK*384820080322*PI*55.15*55.15*0
REF*PO*0020080323
REF*ST*03848
REF*DP*043
DTM*999*20080322
RMR*IK*384820080323*PI*48.8*48.8*0
REF*PO*0020080324
REF*ST*03848
REF*DP*043
DTM*999*20080323
RMR*IK*384820080324*PI*14.4*14.4*0
REF*PO*0020080325
REF*ST*03848
REF*DP*043
DTM*999*20080324
RMR*IK*384820080325*PI*33.95*33.95*0
REF*PO*0020080326
REF*ST*03848
REF*DP*043
DTM*999*20080325
RMR*IK*384820080326*PI*44.05*44.05*0
REF*PO*0020080327
REF*ST*03848
REF*DP*043
DTM*999*20080326
RMR*IK*385220080320*PI*5.95*5.95*0
REF*PO*0020080321
REF*ST*03852
REF*DP*043
DTM*999*20080320
RMR*IK*385220080321*PI*31.15*31.15*0
REF*PO*0020080322
REF*ST*03852
REF*DP*043
DTM*999*20080321
RMR*IK*385220080322*PI*58.9*58.9*0
REF*PO*0020080323
REF*ST*03852
REF*DP*043
DTM*999*20080322
RMR*IK*385220080323*PI*28.16*28.16*0
REF*PO*0020080324
REF*ST*03852
REF*DP*043
DTM*999*20080323
RMR*IK*385220080324*PI*9.76*9.76*0
REF*PO*0020080325
REF*ST*03852
REF*DP*043
DTM*999*20080324
RMR*IK*385220080325*PI*26.82*26.82*0
REF*PO*0020080326
REF*ST*03852
REF*DP*043
DTM*999*20080325
RMR*IK*385220080326*PI*37.72*37.72*0
REF*PO*0020080327
REF*ST*03852
REF*DP*043
DTM*999*20080326
RMR*IK*387620080320*PI*36.6*36.6*0
REF*PO*0020080321
REF*ST*03876
REF*DP*043
DTM*999*20080320
RMR*IK*387620080321*PI*21.6*21.6*0
REF*PO*0020080322
REF*ST*03876
REF*DP*043
DTM*999*20080321
RMR*IK*387620080322*PI*16.7*16.7*0
REF*PO*0020080323
REF*ST*03876
REF*DP*043
DTM*999*20080322
RMR*IK*387620080323*PI*9.6*9.6*0
REF*PO*0020080324
REF*ST*03876
REF*DP*043
DTM*999*20080323
RMR*IK*387620080324*PI*2.4*2.4*0
REF*PO*0020080325
REF*ST*03876
REF*DP*043
DTM*999*20080324
RMR*IK*387620080325*PI*3.6*3.6*0
REF*PO*0020080326
REF*ST*03876
REF*DP*043
DTM*999*20080325
RMR*IK*387620080326*PI*6.6*6.6*0
REF*PO*0020080327
REF*ST*03876
REF*DP*043
DTM*999*20080326
RMR*IK*388620080321*PI*30*30*0
REF*PO*0020080322
REF*ST*03886
REF*DP*043
DTM*999*20080321
RMR*IK*388620080322*PI*4.8*4.8*0
REF*PO*0020080323
REF*ST*03886
REF*DP*043
DTM*999*20080322
RMR*IK*388620080323*PI*1.2*1.2*0
REF*PO*0020080324
REF*ST*03886
REF*DP*043
DTM*999*20080323
RMR*IK*388620080326*PI*2.4*2.4*0
REF*PO*0020080327
REF*ST*03886
REF*DP*043
DTM*999*20080326
RMR*IK*392520080320*PI*30.07*30.07*0
REF*PO*0020080321
REF*ST*03925
REF*DP*043
DTM*999*20080320
RMR*IK*392520080321*PI*160.27*160.27*0
REF*PO*0020080322
REF*ST*03925
REF*DP*043
DTM*999*20080321
RMR*IK*392520080322*PI*87.96*87.96*0
REF*PO*0020080323
REF*ST*03925
REF*DP*043
DTM*999*20080322
RMR*IK*392520080323*PI*17.18*17.18*0
REF*PO*0020080324
REF*ST*03925
REF*DP*043
DTM*999*20080323
RMR*IK*392520080324*PI*24.69*24.69*0
REF*PO*0020080325
REF*ST*03925
REF*DP*043
DTM*999*20080324
RMR*IK*392520080325*PI*40.99*40.99*0
REF*PO*0020080326
REF*ST*03925
REF*DP*043
DTM*999*20080325
RMR*IK*392520080326*PI*53.26*53.26*0
REF*PO*0020080327
REF*ST*03925
REF*DP*043
DTM*999*20080326
RMR*IK*393120080321*PI*19.2*19.2*0
REF*PO*0020080322
REF*ST*03931
REF*DP*043
DTM*999*20080321
RMR*IK*393120080322*PI*24*24*0
REF*PO*0020080323
REF*ST*03931
REF*DP*043
DTM*999*20080322
RMR*IK*393120080323*PI*6.6*6.6*0
REF*PO*0020080324
REF*ST*03931
REF*DP*043
DTM*999*20080323
RMR*IK*393120080324*PI*6*6*0
REF*PO*0020080325
REF*ST*03931
REF*DP*043
DTM*999*20080324
RMR*IK*393120080326*PI*5.95*5.95*0
REF*PO*0020080327
REF*ST*03931
REF*DP*043
DTM*999*20080326
RMR*IK*393120080412*PI*-2.4*-2.4*0
REF*PO*0020080414
REF*ST*03931
REF*DP*043
DTM*999*20080412
RMR*IK*393920080320*PI*27.6*27.6*0
REF*PO*0020080321
REF*ST*03939
REF*DP*043
DTM*999*20080320
RMR*IK*393920080321*PI*28.15*28.15*0
REF*PO*0020080322
REF*ST*03939
REF*DP*043
DTM*999*20080321
RMR*IK*393920080322*PI*63.65*63.65*0
REF*PO*0020080323
REF*ST*03939
REF*DP*043
DTM*999*20080322
RMR*IK*393920080323*PI*70.3*70.3*0
REF*PO*0020080324
REF*ST*03939
REF*DP*043
DTM*999*20080323
RMR*IK*393920080324*PI*6.55*6.55*0
REF*PO*0020080325
REF*ST*03939
REF*DP*043
DTM*999*20080324
RMR*IK*393920080325*PI*18.65*18.65*0
REF*PO*0020080326
REF*ST*03939
REF*DP*043
DTM*999*20080325
RMR*IK*393920080326*PI*5.04*5.04*0
REF*PO*0020080327
REF*ST*03939
REF*DP*043
DTM*999*20080326
RMR*IK*393920080413*PI*-4.57*-4.57*0
REF*PO*0020080415
REF*ST*03939
REF*DP*043
DTM*999*20080413
RMR*IK*394120080320*PI*6*6*0
REF*PO*0020080321
REF*ST*03941
REF*DP*043
DTM*999*20080320
RMR*IK*394120080321*PI*13.2*13.2*0
REF*PO*0020080322
REF*ST*03941
REF*DP*043
DTM*999*20080321
RMR*IK*394120080322*PI*16.15*16.15*0
REF*PO*0020080323
REF*ST*03941
REF*DP*043
DTM*999*20080322
RMR*IK*394120080323*PI*38.4*38.4*0
REF*PO*0020080324
REF*ST*03941
REF*DP*043
DTM*999*20080323
RMR*IK*394120080324*PI*2.4*2.4*0
REF*PO*0020080325
REF*ST*03941
REF*DP*043
DTM*999*20080324
RMR*IK*394120080325*PI*18.05*18.05*0
REF*PO*0020080326
REF*ST*03941
REF*DP*043
DTM*999*20080325
RMR*IK*394120080326*PI*4.8*4.8*0
REF*PO*0020080327
REF*ST*03941
REF*DP*043
DTM*999*20080326
RMR*IK*395720080320*PI*15.6*15.6*0
REF*PO*0020080321
REF*ST*03957
REF*DP*043
DTM*999*20080320
RMR*IK*395720080321*PI*74.29*74.29*0
REF*PO*0020080322
REF*ST*03957
REF*DP*043
DTM*999*20080321
RMR*IK*395720080322*PI*31.66*31.66*0
REF*PO*0020080323
REF*ST*03957
REF*DP*043
DTM*999*20080322
RMR*IK*395720080323*PI*60.1*60.1*0
REF*PO*0020080324
REF*ST*03957
REF*DP*043
DTM*999*20080323
RMR*IK*395720080324*PI*19.2*19.2*0
REF*PO*0020080325
REF*ST*03957
REF*DP*043
DTM*999*20080324
RMR*IK*395720080325*PI*18.48*18.48*0
REF*PO*0020080326
REF*ST*03957
REF*DP*043
DTM*999*20080325
RMR*IK*395720080326*PI*1.2*1.2*0
REF*PO*0020080327
REF*ST*03957
REF*DP*043
DTM*999*20080326
RMR*IK*396620080320*PI*13.65*13.65*0
REF*PO*0020080321
REF*ST*03966
REF*DP*043
DTM*999*20080320
RMR*IK*396620080321*PI*18.8*18.8*0
REF*PO*0020080322
REF*ST*03966
REF*DP*043
DTM*999*20080321
RMR*IK*396620080322*PI*55.15*55.15*0
REF*PO*0020080323
REF*ST*03966
REF*DP*043
DTM*999*20080322
RMR*IK*396620080323*PI*6*6*0
REF*PO*0020080324
REF*ST*03966
REF*DP*043
DTM*999*20080323
RMR*IK*396620080325*PI*1.2*1.2*0
REF*PO*0020080326
REF*ST*03966
REF*DP*043
DTM*999*20080325
RMR*IK*396620080326*PI*20.35*20.35*0
REF*PO*0020080327
REF*ST*03966
REF*DP*043
DTM*999*20080326
RMR*IK*396720080320*PI*43.75*43.75*0
REF*PO*0020080321
REF*ST*03967
REF*DP*043
DTM*999*20080320
RMR*IK*396720080321*PI*17.95*17.95*0
REF*PO*0020080322
REF*ST*03967
REF*DP*043
DTM*999*20080321
RMR*IK*396720080322*PI*95.75*95.75*0
REF*PO*0020080323
REF*ST*03967
REF*DP*043
DTM*999*20080322
RMR*IK*396720080323*PI*3.6*3.6*0
REF*PO*0020080324
REF*ST*03967
REF*DP*043
DTM*999*20080323
RMR*IK*396720080324*PI*10.8*10.8*0
REF*PO*0020080325
REF*ST*03967
REF*DP*043
DTM*999*20080324
RMR*IK*396720080325*PI*2.4*2.4*0
REF*PO*0020080326
REF*ST*03967
REF*DP*043
DTM*999*20080325
RMR*IK*396720080326*PI*3.6*3.6*0
REF*PO*0020080327
REF*ST*03967
REF*DP*043
DTM*999*20080326
RMR*IK*397520080320*PI*48*48*0
REF*PO*0020080321
REF*ST*03975
REF*DP*043
DTM*999*20080320
RMR*IK*397520080321*PI*202.99*202.99*0
REF*PO*0020080322
REF*ST*03975
REF*DP*043
DTM*999*20080321
RMR*IK*397520080322*PI*77.84*77.84*0
REF*PO*0020080323
REF*ST*03975
REF*DP*043
DTM*999*20080322
RMR*IK*397520080323*PI*145.05*145.05*0
REF*PO*0020080324
REF*ST*03975
REF*DP*043
DTM*999*20080323
RMR*IK*397520080324*PI*18.8*18.8*0
REF*PO*0020080325
REF*ST*03975
REF*DP*043
DTM*999*20080324
RMR*IK*397520080325*PI*76.92*76.92*0
REF*PO*0020080326
REF*ST*03975
REF*DP*043
DTM*999*20080325
RMR*IK*397520080326*PI*86.11*86.11*0
REF*PO*0020080327
REF*ST*03975
REF*DP*043
DTM*999*20080326
RMR*IK*397820080320*PI*60.2*60.2*0
REF*PO*0020080321
REF*ST*03978
REF*DP*043
DTM*999*20080320
RMR*IK*397820080321*PI*75.95*75.95*0
REF*PO*0020080322
REF*ST*03978
REF*DP*043
DTM*999*20080321
RMR*IK*397820080322*PI*245.75*245.75*0
REF*PO*0020080323
REF*ST*03978
REF*DP*043
DTM*999*20080322
RMR*IK*397820080323*PI*22.7*22.7*0
REF*PO*0020080324
REF*ST*03978
REF*DP*043
DTM*999*20080323
RMR*IK*397820080324*PI*11.6*11.6*0
REF*PO*0020080325
REF*ST*03978
REF*DP*043
DTM*999*20080324
RMR*IK*397820080325*PI*3.6*3.6*0
REF*PO*0020080326
REF*ST*03978
REF*DP*043
DTM*999*20080325
RMR*IK*397820080326*PI*21.95*21.95*0
REF*PO*0020080327
REF*ST*03978
REF*DP*043
DTM*999*20080326
RMR*IK*399420080320*PI*6*6*0
REF*PO*0020080321
REF*ST*03994
REF*DP*043
DTM*999*20080320
RMR*IK*399420080321*PI*77.75*77.75*0
REF*PO*0020080322
REF*ST*03994
REF*DP*043
DTM*999*20080321
RMR*IK*399420080322*PI*25.8*25.8*0
REF*PO*0020080323
REF*ST*03994
REF*DP*043
DTM*999*20080322
RMR*IK*399420080323*PI*91.75*91.75*0
REF*PO*0020080324
REF*ST*03994
REF*DP*043
DTM*999*20080323
RMR*IK*399420080325*PI*34.8*34.8*0
REF*PO*0020080326
REF*ST*03994
REF*DP*043
DTM*999*20080325
RMR*IK*399420080326*PI*7.2*7.2*0
REF*PO*0020080327
REF*ST*03994
REF*DP*043
DTM*999*20080326
RMR*IK*399620080320*PI*63.8*63.8*0
REF*PO*0020080321
REF*ST*03996
REF*DP*043
DTM*999*20080320
RMR*IK*399620080321*PI*107.5*107.5*0
REF*PO*0020080322
REF*ST*03996
REF*DP*043
DTM*999*20080321
RMR*IK*399620080322*PI*85.1*85.1*0
REF*PO*0020080323
REF*ST*03996
REF*DP*043
DTM*999*20080322
RMR*IK*399620080323*PI*38.75*38.75*0
REF*PO*0020080324
REF*ST*03996
REF*DP*043
DTM*999*20080323
RMR*IK*399620080325*PI*16.8*16.8*0
REF*PO*0020080326
REF*ST*03996
REF*DP*043
DTM*999*20080325
RMR*IK*399620080326*PI*61.54*61.54*0
REF*PO*0020080327
REF*ST*03996
REF*DP*043
DTM*999*20080326
RMR*IK*401620080320*PI*126.05*126.05*0
REF*PO*0020080321
REF*ST*04016
REF*DP*043
DTM*999*20080320
RMR*IK*401620080321*PI*133.15*133.15*0
REF*PO*0020080322
REF*ST*04016
REF*DP*043
DTM*999*20080321
RMR*IK*401620080322*PI*107.3*107.3*0
REF*PO*0020080323
REF*ST*04016
REF*DP*043
DTM*999*20080322
RMR*IK*401620080323*PI*89.35*89.35*0
REF*PO*0020080324
REF*ST*04016
REF*DP*043
DTM*999*20080323
RMR*IK*401620080324*PI*49.7*49.7*0
REF*PO*0020080325
REF*ST*04016
REF*DP*043
DTM*999*20080324
RMR*IK*401620080325*PI*27.58*27.58*0
REF*PO*0020080326
REF*ST*04016
REF*DP*043
DTM*999*20080325
RMR*IK*401620080326*PI*166.3*166.3*0
REF*PO*0020080327
REF*ST*04016
REF*DP*043
DTM*999*20080326
RMR*IK*403320080320*PI*9*9*0
REF*PO*0020080321
REF*ST*04033
REF*DP*043
DTM*999*20080320
RMR*IK*403320080321*PI*2.4*2.4*0
REF*PO*0020080322
REF*ST*04033
REF*DP*043
DTM*999*20080321
RMR*IK*403320080322*PI*57.6*57.6*0
REF*PO*0020080323
REF*ST*04033
REF*DP*043
DTM*999*20080322
RMR*IK*403320080324*PI*31.15*31.15*0
REF*PO*0020080325
REF*ST*04033
REF*DP*043
DTM*999*20080324
RMR*IK*403320080326*PI*19.15*19.15*0
REF*PO*0020080327
REF*ST*04033
REF*DP*043
DTM*999*20080326
RMR*IK*407120080320*PI*38.4*38.4*0
REF*PO*0020080321
REF*ST*04071
REF*DP*043
DTM*999*20080320
RMR*IK*407120080321*PI*61.4*61.4*0
REF*PO*0020080322
REF*ST*04071
REF*DP*043
DTM*999*20080321
RMR*IK*407120080322*PI*84.85*84.85*0
REF*PO*0020080323
REF*ST*04071
REF*DP*043
DTM*999*20080322
RMR*IK*407120080323*PI*20.8*20.8*0
REF*PO*0020080324
REF*ST*04071
REF*DP*043
DTM*999*20080323
RMR*IK*407120080325*PI*2.4*2.4*0
REF*PO*0020080326
REF*ST*04071
REF*DP*043
DTM*999*20080325
RMR*IK*407120080326*PI*38.25*38.25*0
REF*PO*0020080327
REF*ST*04071
REF*DP*043
DTM*999*20080326
RMR*IK*409320080320*PI*39.8*39.8*0
REF*PO*0020080321
REF*ST*04093
REF*DP*043
DTM*999*20080320
RMR*IK*409320080321*PI*140.54*140.54*0
REF*PO*0020080322
REF*ST*04093
REF*DP*043
DTM*999*20080321
RMR*IK*409320080322*PI*177.05*177.05*0
REF*PO*0020080323
REF*ST*04093
REF*DP*043
DTM*999*20080322
RMR*IK*409320080323*PI*108.54*108.54*0
REF*PO*0020080324
REF*ST*04093
REF*DP*043
DTM*999*20080323
RMR*IK*409320080324*PI*9.2*9.2*0
REF*PO*0020080325
REF*ST*04093
REF*DP*043
DTM*999*20080324
RMR*IK*409320080325*PI*52.1*52.1*0
REF*PO*0020080326
REF*ST*04093
REF*DP*043
DTM*999*20080325
RMR*IK*409320080326*PI*67.11*67.11*0
REF*PO*0020080327
REF*ST*04093
REF*DP*043
DTM*999*20080326
RMR*IK*409320080410*PI*-4.8*-4.8*0
REF*PO*0020080412
REF*ST*04093
REF*DP*043
DTM*999*20080410
RMR*IK*410320080320*PI*67.65*67.65*0
REF*PO*0020080321
REF*ST*04103
REF*DP*043
DTM*999*20080320
RMR*IK*410320080321*PI*165.3*165.3*0
REF*PO*0020080322
REF*ST*04103
REF*DP*043
DTM*999*20080321
RMR*IK*410320080322*PI*93.7*93.7*0
REF*PO*0020080323
REF*ST*04103
REF*DP*043
DTM*999*20080322
RMR*IK*410320080323*PI*68.28*68.28*0
REF*PO*0020080324
REF*ST*04103
REF*DP*043
DTM*999*20080323
RMR*IK*410320080324*PI*73.73*73.73*0
REF*PO*0020080325
REF*ST*04103
REF*DP*043
DTM*999*20080324
RMR*IK*410320080325*PI*27.2*27.2*0
REF*PO*0020080326
REF*ST*04103
REF*DP*043
DTM*999*20080325
RMR*IK*410320080326*PI*63.42*63.42*0
REF*PO*0020080327
REF*ST*04103
REF*DP*043
DTM*999*20080326
RMR*IK*411220080320*PI*15*15*0
REF*PO*0020080321
REF*ST*04112
REF*DP*043
DTM*999*20080320
RMR*IK*411220080321*PI*2.4*2.4*0
REF*PO*0020080322
REF*ST*04112
REF*DP*043
DTM*999*20080321
RMR*IK*411220080322*PI*51.6*51.6*0
REF*PO*0020080323
REF*ST*04112
REF*DP*043
DTM*999*20080322
RMR*IK*411220080323*PI*13.2*13.2*0
REF*PO*0020080324
REF*ST*04112
REF*DP*043
DTM*999*20080323
RMR*IK*411220080326*PI*35.2*35.2*0
REF*PO*0020080327
REF*ST*04112
REF*DP*043
DTM*999*20080326
RMR*IK*412220080320*PI*57.7*57.7*0
REF*PO*0020080321
REF*ST*04122
REF*DP*043
DTM*999*20080320
RMR*IK*412220080321*PI*31.65*31.65*0
REF*PO*0020080322
REF*ST*04122
REF*DP*043
DTM*999*20080321
RMR*IK*412220080322*PI*50.05*50.05*0
REF*PO*0020080323
REF*ST*04122
REF*DP*043
DTM*999*20080322
RMR*IK*412220080323*PI*41.5*41.5*0
REF*PO*0020080324
REF*ST*04122
REF*DP*043
DTM*999*20080323
RMR*IK*412220080324*PI*15.6*15.6*0
REF*PO*0020080325
REF*ST*04122
REF*DP*043
DTM*999*20080324
RMR*IK*412220080325*PI*60*60*0
REF*PO*0020080326
REF*ST*04122
REF*DP*043
DTM*999*20080325
RMR*IK*412220080326*PI*32.84*32.84*0
REF*PO*0020080327
REF*ST*04122
REF*DP*043
DTM*999*20080326
RMR*IK*413720080320*PI*15.12*15.12*0
REF*PO*0020080321
REF*ST*04137
REF*DP*043
DTM*999*20080320
RMR*IK*413720080321*PI*64.05*64.05*0
REF*PO*0020080322
REF*ST*04137
REF*DP*043
DTM*999*20080321
RMR*IK*413720080322*PI*14.12*14.12*0
REF*PO*0020080323
REF*ST*04137
REF*DP*043
DTM*999*20080322
RMR*IK*413720080323*PI*28.34*28.34*0
REF*PO*0020080324
REF*ST*04137
REF*DP*043
DTM*999*20080323
RMR*IK*413720080324*PI*41.44*41.44*0
REF*PO*0020080325
REF*ST*04137
REF*DP*043
DTM*999*20080324
RMR*IK*413720080325*PI*16.11*16.11*0
REF*PO*0020080326
REF*ST*04137
REF*DP*043
DTM*999*20080325
RMR*IK*413720080326*PI*58.39*58.39*0
REF*PO*0020080327
REF*ST*04137
REF*DP*043
DTM*999*20080326
RMR*IK*418920080320*PI*52.9*52.9*0
REF*PO*0020080321
REF*ST*04189
REF*DP*043
DTM*999*20080320
RMR*IK*418920080321*PI*181.7*181.7*0
REF*PO*0020080322
REF*ST*04189
REF*DP*043
DTM*999*20080321
RMR*IK*418920080322*PI*146.05*146.05*0
REF*PO*0020080323
REF*ST*04189
REF*DP*043
DTM*999*20080322
RMR*IK*418920080323*PI*60.19*60.19*0
REF*PO*0020080324
REF*ST*04189
REF*DP*043
DTM*999*20080323
RMR*IK*418920080324*PI*72.82*72.82*0
REF*PO*0020080325
REF*ST*04189
REF*DP*043
DTM*999*20080324
RMR*IK*418920080325*PI*46.85*46.85*0
REF*PO*0020080326
REF*ST*04189
REF*DP*043
DTM*999*20080325
RMR*IK*418920080326*PI*61.31*61.31*0
REF*PO*0020080327
REF*ST*04189
REF*DP*043
DTM*999*20080326
RMR*IK*419820080320*PI*75.24*75.24*0
REF*PO*0020080321
REF*ST*04198
REF*DP*043
DTM*999*20080320
RMR*IK*419820080321*PI*112.5*112.5*0
REF*PO*0020080322
REF*ST*04198
REF*DP*043
DTM*999*20080321
RMR*IK*419820080322*PI*136.8*136.8*0
REF*PO*0020080323
REF*ST*04198
REF*DP*043
DTM*999*20080322
RMR*IK*419820080323*PI*35.9*35.9*0
REF*PO*0020080324
REF*ST*04198
REF*DP*043
DTM*999*20080323
RMR*IK*419820080324*PI*44.15*44.15*0
REF*PO*0020080325
REF*ST*04198
REF*DP*043
DTM*999*20080324
RMR*IK*419820080325*PI*43.2*43.2*0
REF*PO*0020080326
REF*ST*04198
REF*DP*043
DTM*999*20080325
RMR*IK*419820080326*PI*140.55*140.55*0
REF*PO*0020080327
REF*ST*04198
REF*DP*043
DTM*999*20080326
RMR*IK*420220080320*PI*97.2*97.2*0
REF*PO*0020080321
REF*ST*04202
REF*DP*043
DTM*999*20080320
RMR*IK*420220080321*PI*168.85*168.85*0
REF*PO*0020080322
REF*ST*04202
REF*DP*043
DTM*999*20080321
RMR*IK*420220080322*PI*292.45*292.45*0
REF*PO*0020080323
REF*ST*04202
REF*DP*043
DTM*999*20080322
RMR*IK*420220080323*PI*34.15*34.15*0
REF*PO*0020080324
REF*ST*04202
REF*DP*043
DTM*999*20080323
RMR*IK*420220080324*PI*22.8*22.8*0
REF*PO*0020080325
REF*ST*04202
REF*DP*043
DTM*999*20080324
RMR*IK*420220080325*PI*83.17*83.17*0
REF*PO*0020080326
REF*ST*04202
REF*DP*043
DTM*999*20080325
RMR*IK*420220080326*PI*122.91*122.91*0
REF*PO*0020080327
REF*ST*04202
REF*DP*043
DTM*999*20080326
RMR*IK*424420080320*PI*203.73*203.73*0
REF*PO*0020080321
REF*ST*04244
REF*DP*043
DTM*999*20080320
RMR*IK*424420080321*PI*169.47*169.47*0
REF*PO*0020080322
REF*ST*04244
REF*DP*043
DTM*999*20080321
RMR*IK*424420080322*PI*394.65*394.65*0
REF*PO*0020080323
REF*ST*04244
REF*DP*043
DTM*999*20080322
RMR*IK*424420080323*PI*154.34*154.34*0
REF*PO*0020080324
REF*ST*04244
REF*DP*043
DTM*999*20080323
RMR*IK*424420080324*PI*55.05*55.05*0
REF*PO*0020080325
REF*ST*04244
REF*DP*043
DTM*999*20080324
RMR*IK*424420080325*PI*43.92*43.92*0
REF*PO*0020080326
REF*ST*04244
REF*DP*043
DTM*999*20080325
RMR*IK*424420080326*PI*8.68*8.68*0
REF*PO*0020080327
REF*ST*04244
REF*DP*043
DTM*999*20080326
RMR*IK*430820080320*PI*42.45*42.45*0
REF*PO*0020080321
REF*ST*04308
REF*DP*043
DTM*999*20080320
RMR*IK*430820080321*PI*149.22*149.22*0
REF*PO*0020080322
REF*ST*04308
REF*DP*043
DTM*999*20080321
RMR*IK*430820080322*PI*186.3*186.3*0
REF*PO*0020080323
REF*ST*04308
REF*DP*043
DTM*999*20080322
RMR*IK*430820080323*PI*29.9*29.9*0
REF*PO*0020080324
REF*ST*04308
REF*DP*043
DTM*999*20080323
RMR*IK*430820080324*PI*27.65*27.65*0
REF*PO*0020080325
REF*ST*04308
REF*DP*043
DTM*999*20080324
RMR*IK*430820080326*PI*23.9*23.9*0
REF*PO*0020080327
REF*ST*04308
REF*DP*043
DTM*999*20080326
RMR*IK*431220080320*PI*19.6*19.6*0
REF*PO*0020080321
REF*ST*04312
REF*DP*043
DTM*999*20080320
RMR*IK*431220080321*PI*26.2*26.2*0
REF*PO*0020080322
REF*ST*04312
REF*DP*043
DTM*999*20080321
RMR*IK*431220080322*PI*70.8*70.8*0
REF*PO*0020080323
REF*ST*04312
REF*DP*043
DTM*999*20080322
RMR*IK*431220080323*PI*4.8*4.8*0
REF*PO*0020080324
REF*ST*04312
REF*DP*043
DTM*999*20080323
RMR*IK*431220080325*PI*23.2*23.2*0
REF*PO*0020080326
REF*ST*04312
REF*DP*043
DTM*999*20080325
RMR*IK*431220080326*PI*14*14*0
REF*PO*0020080327
REF*ST*04312
REF*DP*043
DTM*999*20080326
RMR*IK*447520080320*PI*17.25*17.25*0
REF*PO*0020080321
REF*ST*04475
REF*DP*043
DTM*999*20080320
RMR*IK*447520080321*PI*18*18*0
REF*PO*0020080322
REF*ST*04475
REF*DP*043
DTM*999*20080321
RMR*IK*447520080322*PI*55.24*55.24*0
REF*PO*0020080323
REF*ST*04475
REF*DP*043
DTM*999*20080322
RMR*IK*447520080323*PI*15.6*15.6*0
REF*PO*0020080324
REF*ST*04475
REF*DP*043
DTM*999*20080323
RMR*IK*447520080324*PI*1.2*1.2*0
REF*PO*0020080325
REF*ST*04475
REF*DP*043
DTM*999*20080324
RMR*IK*447520080325*PI*16.2*16.2*0
REF*PO*0020080326
REF*ST*04475
REF*DP*043
DTM*999*20080325
RMR*IK*447520080326*PI*15.6*15.6*0
REF*PO*0020080327
REF*ST*04475
REF*DP*043
DTM*999*20080326
RMR*IK*471720080320*PI*41.78*41.78*0
REF*PO*0020080321
REF*ST*04717
REF*DP*043
DTM*999*20080320
RMR*IK*471720080321*PI*135.02*135.02*0
REF*PO*0020080322
REF*ST*04717
REF*DP*043
DTM*999*20080321
RMR*IK*471720080322*PI*103.47*103.47*0
REF*PO*0020080323
REF*ST*04717
REF*DP*043
DTM*999*20080322
RMR*IK*471720080323*PI*12*12*0
REF*PO*0020080324
REF*ST*04717
REF*DP*043
DTM*999*20080323
RMR*IK*471720080324*PI*36.47*36.47*0
REF*PO*0020080325
REF*ST*04717
REF*DP*043
DTM*999*20080324
RMR*IK*471720080325*PI*5.52*5.52*0
REF*PO*0020080326
REF*ST*04717
REF*DP*043
DTM*999*20080325
RMR*IK*471720080326*PI*27.32*27.32*0
REF*PO*0020080327
REF*ST*04717
REF*DP*043
DTM*999*20080326
RMR*IK*471920080320*PI*45.05*45.05*0
REF*PO*0020080321
REF*ST*04719
REF*DP*043
DTM*999*20080320
RMR*IK*471920080321*PI*111.43*111.43*0
REF*PO*0020080322
REF*ST*04719
REF*DP*043
DTM*999*20080321
RMR*IK*471920080322*PI*207.29*207.29*0
REF*PO*0020080323
REF*ST*04719
REF*DP*043
DTM*999*20080322
RMR*IK*471920080323*PI*34.88*34.88*0
REF*PO*0020080324
REF*ST*04719
REF*DP*043
DTM*999*20080323
RMR*IK*471920080324*PI*25.05*25.05*0
REF*PO*0020080325
REF*ST*04719
REF*DP*043
DTM*999*20080324
RMR*IK*471920080325*PI*28.8*28.8*0
REF*PO*0020080326
REF*ST*04719
REF*DP*043
DTM*999*20080325
RMR*IK*471920080326*PI*271.87*271.87*0
REF*PO*0020080327
REF*ST*04719
REF*DP*043
DTM*999*20080326
RMR*IK*472320080320*PI*21.6*21.6*0
REF*PO*0020080321
REF*ST*04723
REF*DP*043
DTM*999*20080320
RMR*IK*472320080321*PI*23.8*23.8*0
REF*PO*0020080322
REF*ST*04723
REF*DP*043
DTM*999*20080321
RMR*IK*472320080322*PI*34.2*34.2*0
REF*PO*0020080323
REF*ST*04723
REF*DP*043
DTM*999*20080322
RMR*IK*472320080323*PI*18*18*0
REF*PO*0020080324
REF*ST*04723
REF*DP*043
DTM*999*20080323
RMR*IK*472320080324*PI*11.95*11.95*0
REF*PO*0020080325
REF*ST*04723
REF*DP*043
DTM*999*20080324
RMR*IK*472320080325*PI*12.12*12.12*0
REF*PO*0020080326
REF*ST*04723
REF*DP*043
DTM*999*20080325
RMR*IK*472320080326*PI*42.65*42.65*0
REF*PO*0020080327
REF*ST*04723
REF*DP*043
DTM*999*20080326
RMR*IK*473920080322*PI*47.95*47.95*0
REF*PO*0020080323
REF*ST*04739
REF*DP*043
DTM*999*20080322
RMR*IK*473920080323*PI*3.6*3.6*0
REF*PO*0020080324
REF*ST*04739
REF*DP*043
DTM*999*20080323
RMR*IK*473920080324*PI*21.55*21.55*0
REF*PO*0020080325
REF*ST*04739
REF*DP*043
DTM*999*20080324
RMR*IK*473920080325*PI*18*18*0
REF*PO*0020080326
REF*ST*04739
REF*DP*043
DTM*999*20080325
RMR*IK*473920080326*PI*4.8*4.8*0
REF*PO*0020080327
REF*ST*04739
REF*DP*043
DTM*999*20080326
RMR*IK*475720080320*PI*3.6*3.6*0
REF*PO*0020080321
REF*ST*04757
REF*DP*043
DTM*999*20080320
RMR*IK*475720080321*PI*73*73*0
REF*PO*0020080322
REF*ST*04757
REF*DP*043
DTM*999*20080321
RMR*IK*475720080322*PI*70.9*70.9*0
REF*PO*0020080323
REF*ST*04757
REF*DP*043
DTM*999*20080322
RMR*IK*475720080323*PI*1.2*1.2*0
REF*PO*0020080324
REF*ST*04757
REF*DP*043
DTM*999*20080323
RMR*IK*475720080324*PI*3.6*3.6*0
REF*PO*0020080325
REF*ST*04757
REF*DP*043
DTM*999*20080324
RMR*IK*475720080325*PI*17.2*17.2*0
REF*PO*0020080326
REF*ST*04757
REF*DP*043
DTM*999*20080325
RMR*IK*475720080326*PI*62*62*0
REF*PO*0020080327
REF*ST*04757
REF*DP*043
DTM*999*20080326
RMR*IK*475820080320*PI*18.79*18.79*0
REF*PO*0020080321
REF*ST*04758
REF*DP*043
DTM*999*20080320
RMR*IK*475820080321*PI*61.3*61.3*0
REF*PO*0020080322
REF*ST*04758
REF*DP*043
DTM*999*20080321
RMR*IK*475820080322*PI*103.5*103.5*0
REF*PO*0020080323
REF*ST*04758
REF*DP*043
DTM*999*20080322
RMR*IK*475820080323*PI*59.8*59.8*0
REF*PO*0020080324
REF*ST*04758
REF*DP*043
DTM*999*20080323
RMR*IK*475820080324*PI*28.83*28.83*0
REF*PO*0020080325
REF*ST*04758
REF*DP*043
DTM*999*20080324
RMR*IK*475820080325*PI*57.6*57.6*0
REF*PO*0020080326
REF*ST*04758
REF*DP*043
DTM*999*20080325
RMR*IK*475820080326*PI*97.34*97.34*0
REF*PO*0020080327
REF*ST*04758
REF*DP*043
DTM*999*20080326
RMR*IK*476020080320*PI*88.6*88.6*0
REF*PO*0020080321
REF*ST*04760
REF*DP*043
DTM*999*20080320
RMR*IK*476020080321*PI*65.25*65.25*0
REF*PO*0020080322
REF*ST*04760
REF*DP*043
DTM*999*20080321
RMR*IK*476020080322*PI*95.74*95.74*0
REF*PO*0020080323
REF*ST*04760
REF*DP*043
DTM*999*20080322
RMR*IK*476020080323*PI*59.65*59.65*0
REF*PO*0020080324
REF*ST*04760
REF*DP*043
DTM*999*20080323
RMR*IK*476020080324*PI*5.35*5.35*0
REF*PO*0020080325
REF*ST*04760
REF*DP*043
DTM*999*20080324
RMR*IK*476020080325*PI*24*24*0
REF*PO*0020080326
REF*ST*04760
REF*DP*043
DTM*999*20080325
RMR*IK*476020080326*PI*41.78*41.78*0
REF*PO*0020080327
REF*ST*04760
REF*DP*043
DTM*999*20080326
RMR*IK*476920080321*PI*26.35*26.35*0
REF*PO*0020080322
REF*ST*04769
REF*DP*043
DTM*999*20080321
RMR*IK*476920080322*PI*44.55*44.55*0
REF*PO*0020080323
REF*ST*04769
REF*DP*043
DTM*999*20080322
RMR*IK*476920080323*PI*31.5*31.5*0
REF*PO*0020080324
REF*ST*04769
REF*DP*043
DTM*999*20080323
RMR*IK*476920080324*PI*21.6*21.6*0
REF*PO*0020080325
REF*ST*04769
REF*DP*043
DTM*999*20080324
RMR*IK*476920080325*PI*39.95*39.95*0
REF*PO*0020080326
REF*ST*04769
REF*DP*043
DTM*999*20080325
RMR*IK*476920080326*PI*15.15*15.15*0
REF*PO*0020080327
REF*ST*04769
REF*DP*043
DTM*999*20080326
RMR*IK*477720080320*PI*21.5*21.5*0
REF*PO*0020080321
REF*ST*04777
REF*DP*043
DTM*999*20080320
RMR*IK*477720080321*PI*88.6*88.6*0
REF*PO*0020080322
REF*ST*04777
REF*DP*043
DTM*999*20080321
RMR*IK*477720080322*PI*128.85*128.85*0
REF*PO*0020080323
REF*ST*04777
REF*DP*043
DTM*999*20080322
RMR*IK*477720080323*PI*61.65*61.65*0
REF*PO*0020080324
REF*ST*04777
REF*DP*043
DTM*999*20080323
RMR*IK*477720080324*PI*7.2*7.2*0
REF*PO*0020080325
REF*ST*04777
REF*DP*043
DTM*999*20080324
RMR*IK*477720080325*PI*30.95*30.95*0
REF*PO*0020080326
REF*ST*04777
REF*DP*043
DTM*999*20080325
RMR*IK*477720080326*PI*35.4*35.4*0
REF*PO*0020080327
REF*ST*04777
REF*DP*043
DTM*999*20080326
RMR*IK*481720080320*PI*38.3*38.3*0
REF*PO*0020080321
REF*ST*04817
REF*DP*043
DTM*999*20080320
RMR*IK*481720080321*PI*179.2*179.2*0
REF*PO*0020080322
REF*ST*04817
REF*DP*043
DTM*999*20080321
RMR*IK*481720080322*PI*246.25*246.25*0
REF*PO*0020080323
REF*ST*04817
REF*DP*043
DTM*999*20080322
RMR*IK*481720080323*PI*109.15*109.15*0
REF*PO*0020080324
REF*ST*04817
REF*DP*043
DTM*999*20080323
RMR*IK*481720080324*PI*4.8*4.8*0
REF*PO*0020080325
REF*ST*04817
REF*DP*043
DTM*999*20080324
RMR*IK*481720080325*PI*44.3*44.3*0
REF*PO*0020080326
REF*ST*04817
REF*DP*043
DTM*999*20080325
RMR*IK*481720080326*PI*66.9*66.9*0
REF*PO*0020080327
REF*ST*04817
REF*DP*043
DTM*999*20080326
RMR*IK*483520080321*PI*10.15*10.15*0
REF*PO*0020080322
REF*ST*04835
REF*DP*043
DTM*999*20080321
RMR*IK*483520080322*PI*90*90*0
REF*PO*0020080323
REF*ST*04835
REF*DP*043
DTM*999*20080322
RMR*IK*483520080323*PI*4.8*4.8*0
REF*PO*0020080324
REF*ST*04835
REF*DP*043
DTM*999*20080323
RMR*IK*483520080325*PI*16.1*16.1*0
REF*PO*0020080326
REF*ST*04835
REF*DP*043
DTM*999*20080325
RMR*IK*483520080326*PI*4.8*4.8*0
REF*PO*0020080327
REF*ST*04835
REF*DP*043
DTM*999*20080326
RMR*IK*486620080320*PI*37.2*37.2*0
REF*PO*0020080321
REF*ST*04866
REF*DP*043
DTM*999*20080320
RMR*IK*486620080321*PI*54.8*54.8*0
REF*PO*0020080322
REF*ST*04866
REF*DP*043
DTM*999*20080321
RMR*IK*486620080322*PI*49.2*49.2*0
REF*PO*0020080323
REF*ST*04866
REF*DP*043
DTM*999*20080322
RMR*IK*486620080323*PI*38.2*38.2*0
REF*PO*0020080324
REF*ST*04866
REF*DP*043
DTM*999*20080323
RMR*IK*486620080324*PI*27.6*27.6*0
REF*PO*0020080325
REF*ST*04866
REF*DP*043
DTM*999*20080324
RMR*IK*486620080325*PI*9.55*9.55*0
REF*PO*0020080326
REF*ST*04866
REF*DP*043
DTM*999*20080325
RMR*IK*486620080326*PI*52.05*52.05*0
REF*PO*0020080327
REF*ST*04866
REF*DP*043
DTM*999*20080326
RMR*IK*487220080320*PI*13.2*13.2*0
REF*PO*0020080321
REF*ST*04872
REF*DP*043
DTM*999*20080320
RMR*IK*487220080321*PI*45.6*45.6*0
REF*PO*0020080322
REF*ST*04872
REF*DP*043
DTM*999*20080321
RMR*IK*487220080322*PI*74.2*74.2*0
REF*PO*0020080323
REF*ST*04872
REF*DP*043
DTM*999*20080322
RMR*IK*487220080323*PI*13.2*13.2*0
REF*PO*0020080324
REF*ST*04872
REF*DP*043
DTM*999*20080323
RMR*IK*487220080326*PI*6*6*0
REF*PO*0020080327
REF*ST*04872
REF*DP*043
DTM*999*20080326
RMR*IK*488320080320*PI*71.92*71.92*0
REF*PO*0020080321
REF*ST*04883
REF*DP*043
DTM*999*20080320
RMR*IK*488320080321*PI*41.74*41.74*0
REF*PO*0020080322
REF*ST*04883
REF*DP*043
DTM*999*20080321
RMR*IK*488320080322*PI*54.43*54.43*0
REF*PO*0020080323
REF*ST*04883
REF*DP*043
DTM*999*20080322
RMR*IK*488320080323*PI*43.92*43.92*0
REF*PO*0020080324
REF*ST*04883
REF*DP*043
DTM*999*20080323
RMR*IK*488320080324*PI*26.4*26.4*0
REF*PO*0020080325
REF*ST*04883
REF*DP*043
DTM*999*20080324
RMR*IK*488320080325*PI*32.83*32.83*0
REF*PO*0020080326
REF*ST*04883
REF*DP*043
DTM*999*20080325
RMR*IK*488320080326*PI*28.32*28.32*0
REF*PO*0020080327
REF*ST*04883
REF*DP*043
DTM*999*20080326
RMR*IK*489820080320*PI*38.7*38.7*0
REF*PO*0020080321
REF*ST*04898
REF*DP*043
DTM*999*20080320
RMR*IK*489820080321*PI*7.2*7.2*0
REF*PO*0020080322
REF*ST*04898
REF*DP*043
DTM*999*20080321
RMR*IK*489820080322*PI*149.55*149.55*0
REF*PO*0020080323
REF*ST*04898
REF*DP*043
DTM*999*20080322
RMR*IK*489820080323*PI*64.3*64.3*0
REF*PO*0020080324
REF*ST*04898
REF*DP*043
DTM*999*20080323
RMR*IK*489820080324*PI*2.4*2.4*0
REF*PO*0020080325
REF*ST*04898
REF*DP*043
DTM*999*20080324
RMR*IK*489820080326*PI*10.75*10.75*0
REF*PO*0020080327
REF*ST*04898
REF*DP*043
DTM*999*20080326
RMR*IK*497020080320*PI*27.98*27.98*0
REF*PO*0020080321
REF*ST*04970
REF*DP*043
DTM*999*20080320
RMR*IK*497020080321*PI*80.4*80.4*0
REF*PO*0020080322
REF*ST*04970
REF*DP*043
DTM*999*20080321
RMR*IK*497020080322*PI*151.16*151.16*0
REF*PO*0020080323
REF*ST*04970
REF*DP*043
DTM*999*20080322
RMR*IK*497020080323*PI*73.6*73.6*0
REF*PO*0020080324
REF*ST*04970
REF*DP*043
DTM*999*20080323
RMR*IK*497020080324*PI*52.47*52.47*0
REF*PO*0020080325
REF*ST*04970
REF*DP*043
DTM*999*20080324
RMR*IK*497020080325*PI*83.59*83.59*0
REF*PO*0020080326
REF*ST*04970
REF*DP*043
DTM*999*20080325
RMR*IK*497020080326*PI*44.85*44.85*0
REF*PO*0020080327
REF*ST*04970
REF*DP*043
DTM*999*20080326
RMR*IK*501420080321*PI*165.2*165.2*0
REF*PO*0020080323
REF*ST*05014
REF*DP*043
DTM*999*20080321
RMR*IK*501420080322*PI*177.2*177.2*0
REF*PO*0020080324
REF*ST*05014
REF*DP*043
DTM*999*20080322
RMR*IK*501420080323*PI*13.8*13.8*0
REF*PO*0020080325
REF*ST*05014
REF*DP*043
DTM*999*20080323
RMR*IK*501420080324*PI*10*10*0
REF*PO*0020080326
REF*ST*05014
REF*DP*043
DTM*999*20080324
RMR*IK*501420080325*PI*18*18*0
REF*PO*0020080327
REF*ST*05014
REF*DP*043
DTM*999*20080325
RMR*IK*501420080326*PI*45.35*45.35*0
REF*PO*0020080328
REF*ST*05014
REF*DP*043
DTM*999*20080326
RMR*IK*502320080320*PI*7.2*7.2*0
REF*PO*0020080322
REF*ST*05023
REF*DP*043
DTM*999*20080320
RMR*IK*502320080321*PI*14.3*14.3*0
REF*PO*0020080323
REF*ST*05023
REF*DP*043
DTM*999*20080321
RMR*IK*502320080322*PI*33.95*33.95*0
REF*PO*0020080324
REF*ST*05023
REF*DP*043
DTM*999*20080322
RMR*IK*502320080324*PI*1.2*1.2*0
REF*PO*0020080326
REF*ST*05023
REF*DP*043
DTM*999*20080324
RMR*IK*502320080326*PI*13.2*13.2*0
REF*PO*0020080328
REF*ST*05023
REF*DP*043
DTM*999*20080326
RMR*IK*506620080320*PI*30*30*0
REF*PO*0020080322
REF*ST*05066
REF*DP*043
DTM*999*20080320
RMR*IK*506620080321*PI*7.2*7.2*0
REF*PO*0020080323
REF*ST*05066
REF*DP*043
DTM*999*20080321
RMR*IK*506620080322*PI*9.6*9.6*0
REF*PO*0020080324
REF*ST*05066
REF*DP*043
DTM*999*20080322
RMR*IK*506620080323*PI*26.4*26.4*0
REF*PO*0020080325
REF*ST*05066
REF*DP*043
DTM*999*20080323
RMR*IK*506620080326*PI*9.65*9.65*0
REF*PO*0020080328
REF*ST*05066
REF*DP*043
DTM*999*20080326
RMR*IK*507020080320*PI*64.55*64.55*0
REF*PO*0020080322
REF*ST*05070
REF*DP*043
DTM*999*20080320
RMR*IK*507020080321*PI*143.65*143.65*0
REF*PO*0020080323
REF*ST*05070
REF*DP*043
DTM*999*20080321
RMR*IK*507020080322*PI*212.45*212.45*0
REF*PO*0020080324
REF*ST*05070
REF*DP*043
DTM*999*20080322
RMR*IK*507020080323*PI*49.5*49.5*0
REF*PO*0020080325
REF*ST*05070
REF*DP*043
DTM*999*20080323
RMR*IK*507020080324*PI*40.92*40.92*0
REF*PO*0020080326
REF*ST*05070
REF*DP*043
DTM*999*20080324
RMR*IK*507020080325*PI*120.92*120.92*0
REF*PO*0020080327
REF*ST*05070
REF*DP*043
DTM*999*20080325
RMR*IK*507020080326*PI*45.7*45.7*0
REF*PO*0020080328
REF*ST*05070
REF*DP*043
DTM*999*20080326
RMR*IK*507720080320*PI*9.12*9.12*0
REF*PO*0020080322
REF*ST*05077
REF*DP*043
DTM*999*20080320
RMR*IK*507720080321*PI*41.44*41.44*0
REF*PO*0020080323
REF*ST*05077
REF*DP*043
DTM*999*20080321
RMR*IK*507720080322*PI*103.2*103.2*0
REF*PO*0020080324
REF*ST*05077
REF*DP*043
DTM*999*20080322
RMR*IK*507720080323*PI*54.4*54.4*0
REF*PO*0020080325
REF*ST*05077
REF*DP*043
DTM*999*20080323
RMR*IK*507720080324*PI*13.2*13.2*0
REF*PO*0020080326
REF*ST*05077
REF*DP*043
DTM*999*20080324
RMR*IK*507720080325*PI*56.7*56.7*0
REF*PO*0020080327
REF*ST*05077
REF*DP*043
DTM*999*20080325
RMR*IK*507720080326*PI*12.08*12.08*0
REF*PO*0020080328
REF*ST*05077
REF*DP*043
DTM*999*20080326
RMR*IK*704320080320*PI*28.42*28.42*0
REF*PO*0020080321
REF*ST*07043
REF*DP*043
DTM*999*20080320
RMR*IK*704320080321*PI*48.31*48.31*0
REF*PO*0020080322
REF*ST*07043
REF*DP*043
DTM*999*20080321
RMR*IK*704320080322*PI*135.65*135.65*0
REF*PO*0020080323
REF*ST*07043
REF*DP*043
DTM*999*20080322
RMR*IK*704320080323*PI*22.84*22.84*0
REF*PO*0020080324
REF*ST*07043
REF*DP*043
DTM*999*20080323
RMR*IK*704320080324*PI*21.45*21.45*0
REF*PO*0020080325
REF*ST*07043
REF*DP*043
DTM*999*20080324
RMR*IK*704320080326*PI*30.6*30.6*0
REF*PO*0020080327
REF*ST*07043
REF*DP*043
DTM*999*20080326
RMR*IK*704520080320*PI*5.95*5.95*0
REF*PO*0020080321
REF*ST*07045
REF*DP*043
DTM*999*20080320
RMR*IK*704520080321*PI*42.85*42.85*0
REF*PO*0020080322
REF*ST*07045
REF*DP*043
DTM*999*20080321
RMR*IK*704520080322*PI*34.35*34.35*0
REF*PO*0020080323
REF*ST*07045
REF*DP*043
DTM*999*20080322
RMR*IK*704520080325*PI*2.95*2.95*0
REF*PO*0020080326
REF*ST*07045
REF*DP*043
DTM*999*20080325
RMR*IK*704520080326*PI*32.8*32.8*0
REF*PO*0020080327
REF*ST*07045
REF*DP*043
DTM*999*20080326
RMR*IK*705920080320*PI*21.55*21.55*0
REF*PO*0020080321
REF*ST*07059
REF*DP*043
DTM*999*20080320
RMR*IK*705920080321*PI*34.6*34.6*0
REF*PO*0020080322
REF*ST*07059
REF*DP*043
DTM*999*20080321
RMR*IK*705920080322*PI*27.6*27.6*0
REF*PO*0020080323
REF*ST*07059
REF*DP*043
DTM*999*20080322
RMR*IK*705920080323*PI*3.6*3.6*0
REF*PO*0020080324
REF*ST*07059
REF*DP*043
DTM*999*20080323
RMR*IK*705920080325*PI*13.2*13.2*0
REF*PO*0020080326
REF*ST*07059
REF*DP*043
DTM*999*20080325
RMR*IK*705920080326*PI*26.12*26.12*0
REF*PO*0020080327
REF*ST*07059
REF*DP*043
DTM*999*20080326
RMR*IK*706020080320*PI*29.55*29.55*0
REF*PO*0020080321
REF*ST*07060
REF*DP*043
DTM*999*20080320
RMR*IK*706020080321*PI*34*34*0
REF*PO*0020080322
REF*ST*07060
REF*DP*043
DTM*999*20080321
RMR*IK*706020080322*PI*17.55*17.55*0
REF*PO*0020080323
REF*ST*07060
REF*DP*043
DTM*999*20080322
RMR*IK*706020080323*PI*29.85*29.85*0
REF*PO*0020080324
REF*ST*07060
REF*DP*043
DTM*999*20080323
RMR*IK*706020080325*PI*2.4*2.4*0
REF*PO*0020080326
REF*ST*07060
REF*DP*043
DTM*999*20080325
RMR*IK*706320080320*PI*9.2*9.2*0
REF*PO*0020080321
REF*ST*07063
REF*DP*043
DTM*999*20080320
RMR*IK*706320080321*PI*13.1*13.1*0
REF*PO*0020080322
REF*ST*07063
REF*DP*043
DTM*999*20080321
RMR*IK*706320080322*PI*39.45*39.45*0
REF*PO*0020080323
REF*ST*07063
REF*DP*043
DTM*999*20080322
RMR*IK*706320080323*PI*5.95*5.95*0
REF*PO*0020080324
REF*ST*07063
REF*DP*043
DTM*999*20080323
RMR*IK*706320080324*PI*3.4*3.4*0
REF*PO*0020080325
REF*ST*07063
REF*DP*043
DTM*999*20080324
RMR*IK*706320080326*PI*5.95*5.95*0
REF*PO*0020080327
REF*ST*07063
REF*DP*043
DTM*999*20080326
RMR*IK*706420080321*PI*47.55*47.55*0
REF*PO*0020080322
REF*ST*07064
REF*DP*043
DTM*999*20080321
RMR*IK*706420080322*PI*50.35*50.35*0
REF*PO*0020080323
REF*ST*07064
REF*DP*043
DTM*999*20080322
RMR*IK*706420080323*PI*32.35*32.35*0
REF*PO*0020080324
REF*ST*07064
REF*DP*043
DTM*999*20080323
RMR*IK*706420080324*PI*4.8*4.8*0
REF*PO*0020080325
REF*ST*07064
REF*DP*043
DTM*999*20080324
RMR*IK*706420080325*PI*14*14*0
REF*PO*0020080326
REF*ST*07064
REF*DP*043
DTM*999*20080325
RMR*IK*706620080320*PI*29.95*29.95*0
REF*PO*0020080321
REF*ST*07066
REF*DP*043
DTM*999*20080320
RMR*IK*706620080321*PI*74.71*74.71*0
REF*PO*0020080322
REF*ST*07066
REF*DP*043
DTM*999*20080321
RMR*IK*706620080322*PI*158.01*158.01*0
REF*PO*0020080323
REF*ST*07066
REF*DP*043
DTM*999*20080322
RMR*IK*706620080323*PI*15.6*15.6*0
REF*PO*0020080324
REF*ST*07066
REF*DP*043
DTM*999*20080323
RMR*IK*706620080324*PI*39.9*39.9*0
REF*PO*0020080325
REF*ST*07066
REF*DP*043
DTM*999*20080324
RMR*IK*706620080325*PI*10.8*10.8*0
REF*PO*0020080326
REF*ST*07066
REF*DP*043
DTM*999*20080325
RMR*IK*706620080326*PI*36.19*36.19*0
REF*PO*0020080327
REF*ST*07066
REF*DP*043
DTM*999*20080326
RMR*IK*706920080320*PI*30.8*30.8*0
REF*PO*0020080321
REF*ST*07069
REF*DP*043
DTM*999*20080320
RMR*IK*706920080321*PI*53.1*53.1*0
REF*PO*0020080322
REF*ST*07069
REF*DP*043
DTM*999*20080321
RMR*IK*706920080322*PI*97.94*97.94*0
REF*PO*0020080323
REF*ST*07069
REF*DP*043
DTM*999*20080322
RMR*IK*706920080323*PI*9.12*9.12*0
REF*PO*0020080324
REF*ST*07069
REF*DP*043
DTM*999*20080323
RMR*IK*706920080325*PI*15.98*15.98*0
REF*PO*0020080326
REF*ST*07069
REF*DP*043
DTM*999*20080325
RMR*IK*706920080326*PI*28.65*28.65*0
REF*PO*0020080327
REF*ST*07069
REF*DP*043
DTM*999*20080326
RMR*IK*707620080320*PI*25.6*25.6*0
REF*PO*0020080321
REF*ST*07076
REF*DP*043
DTM*999*20080320
RMR*IK*707620080321*PI*92.25*92.25*0
REF*PO*0020080322
REF*ST*07076
REF*DP*043
DTM*999*20080321
RMR*IK*707620080322*PI*79.7*79.7*0
REF*PO*0020080323
REF*ST*07076
REF*DP*043
DTM*999*20080322
RMR*IK*707620080323*PI*15.95*15.95*0
REF*PO*0020080324
REF*ST*07076
REF*DP*043
DTM*999*20080323
RMR*IK*707620080324*PI*14.35*14.35*0
REF*PO*0020080325
REF*ST*07076
REF*DP*043
DTM*999*20080324
RMR*IK*707620080325*PI*13.1*13.1*0
REF*PO*0020080326
REF*ST*07076
REF*DP*043
DTM*999*20080325
RMR*IK*707620080326*PI*17.98*17.98*0
REF*PO*0020080327
REF*ST*07076
REF*DP*043
DTM*999*20080326
RMR*IK*713220080320*PI*15.6*15.6*0
REF*PO*0020080321
REF*ST*07132
REF*DP*043
DTM*999*20080320
RMR*IK*713220080321*PI*128.83*128.83*0
REF*PO*0020080322
REF*ST*07132
REF*DP*043
DTM*999*20080321
RMR*IK*713220080322*PI*60.63*60.63*0
REF*PO*0020080323
REF*ST*07132
REF*DP*043
DTM*999*20080322
RMR*IK*713220080323*PI*15.2*15.2*0
REF*PO*0020080324
REF*ST*07132
REF*DP*043
DTM*999*20080323
RMR*IK*713220080324*PI*78.25*78.25*0
REF*PO*0020080325
REF*ST*07132
REF*DP*043
DTM*999*20080324
RMR*IK*713220080326*PI*7.2*7.2*0
REF*PO*0020080327
REF*ST*07132
REF*DP*043
DTM*999*20080326
RMR*IK*714620080320*PI*34.8*34.8*0
REF*PO*0020080321
REF*ST*07146
REF*DP*043
DTM*999*20080320
RMR*IK*714620080321*PI*54.1*54.1*0
REF*PO*0020080322
REF*ST*07146
REF*DP*043
DTM*999*20080321
RMR*IK*714620080322*PI*52.8*52.8*0
REF*PO*0020080323
REF*ST*07146
REF*DP*043
DTM*999*20080322
RMR*IK*715420080320*PI*85.65*85.65*0
REF*PO*0020080321
REF*ST*07154
REF*DP*043
DTM*999*20080320
RMR*IK*715420080321*PI*74.95*74.95*0
REF*PO*0020080322
REF*ST*07154
REF*DP*043
DTM*999*20080321
RMR*IK*715420080322*PI*60.55*60.55*0
REF*PO*0020080323
REF*ST*07154
REF*DP*043
DTM*999*20080322
RMR*IK*715420080323*PI*19.15*19.15*0
REF*PO*0020080324
REF*ST*07154
REF*DP*043
DTM*999*20080323
RMR*IK*715420080324*PI*10.15*10.15*0
REF*PO*0020080325
REF*ST*07154
REF*DP*043
DTM*999*20080324
RMR*IK*715420080325*PI*20.65*20.65*0
REF*PO*0020080326
REF*ST*07154
REF*DP*043
DTM*999*20080325
RMR*IK*715420080326*PI*20.4*20.4*0
REF*PO*0020080327
REF*ST*07154
REF*DP*043
DTM*999*20080326
RMR*IK*720820080320*PI*123.61*123.61*0
REF*PO*0020080321
REF*ST*07208
REF*DP*043
DTM*999*20080320
RMR*IK*720820080321*PI*466.33*466.33*0
REF*PO*0020080322
REF*ST*07208
REF*DP*043
DTM*999*20080321
RMR*IK*720820080322*PI*832.46*832.46*0
REF*PO*0020080323
REF*ST*07208
REF*DP*043
DTM*999*20080322
RMR*IK*720820080323*PI*231.68*231.68*0
REF*PO*0020080324
REF*ST*07208
REF*DP*043
DTM*999*20080323
RMR*IK*720820080324*PI*90.74*90.74*0
REF*PO*0020080325
REF*ST*07208
REF*DP*043
DTM*999*20080324
RMR*IK*720820080325*PI*101.65*101.65*0
REF*PO*0020080326
REF*ST*07208
REF*DP*043
DTM*999*20080325
RMR*IK*720820080326*PI*225.15*225.15*0
REF*PO*0020080327
REF*ST*07208
REF*DP*043
DTM*999*20080326
RMR*IK*725520080320*PI*28.2*28.2*0
REF*PO*0020080321
REF*ST*07255
REF*DP*043
DTM*999*20080320
RMR*IK*725520080321*PI*25.8*25.8*0
REF*PO*0020080322
REF*ST*07255
REF*DP*043
DTM*999*20080321
RMR*IK*725520080322*PI*72.3*72.3*0
REF*PO*0020080323
REF*ST*07255
REF*DP*043
DTM*999*20080322
RMR*IK*725520080323*PI*49.5*49.5*0
REF*PO*0020080324
REF*ST*07255
REF*DP*043
DTM*999*20080323
RMR*IK*725520080324*PI*22.2*22.2*0
REF*PO*0020080325
REF*ST*07255
REF*DP*043
DTM*999*20080324
RMR*IK*725520080325*PI*2.4*2.4*0
REF*PO*0020080326
REF*ST*07255
REF*DP*043
DTM*999*20080325
RMR*IK*725520080326*PI*41.9*41.9*0
REF*PO*0020080327
REF*ST*07255
REF*DP*043
DTM*999*20080326
RMR*IK*727420080320*PI*102.3*102.3*0
REF*PO*0020080321
REF*ST*07274
REF*DP*043
DTM*999*20080320
RMR*IK*727420080321*PI*172.1*172.1*0
REF*PO*0020080322
REF*ST*07274
REF*DP*043
DTM*999*20080321
RMR*IK*727420080322*PI*204.35*204.35*0
REF*PO*0020080323
REF*ST*07274
REF*DP*043
DTM*999*20080322
RMR*IK*727420080323*PI*65.3*65.3*0
REF*PO*0020080324
REF*ST*07274
REF*DP*043
DTM*999*20080323
RMR*IK*727420080324*PI*18.45*18.45*0
REF*PO*0020080325
REF*ST*07274
REF*DP*043
DTM*999*20080324
RMR*IK*727420080325*PI*57.23*57.23*0
REF*PO*0020080326
REF*ST*07274
REF*DP*043
DTM*999*20080325
RMR*IK*727420080326*PI*34.15*34.15*0
REF*PO*0020080327
REF*ST*07274
REF*DP*043
DTM*999*20080326
RMR*IK*727620080321*PI*6.6*6.6*0
REF*PO*0020080322
REF*ST*07276
REF*DP*043
DTM*999*20080321
RMR*IK*727620080322*PI*28.2*28.2*0
REF*PO*0020080323
REF*ST*07276
REF*DP*043
DTM*999*20080322
RMR*IK*727620080323*PI*18*18*0
REF*PO*0020080324
REF*ST*07276
REF*DP*043
DTM*999*20080323
RMR*IK*727620080324*PI*6.6*6.6*0
REF*PO*0020080325
REF*ST*07276
REF*DP*043
DTM*999*20080324
RMR*IK*727620080325*PI*8.4*8.4*0
REF*PO*0020080326
REF*ST*07276
REF*DP*043
DTM*999*20080325
RMR*IK*727620080326*PI*4.8*4.8*0
REF*PO*0020080327
REF*ST*07276
REF*DP*043
DTM*999*20080326
RMR*IK*727820080320*PI*4.8*4.8*0
REF*PO*0020080321
REF*ST*07278
REF*DP*043
DTM*999*20080320
RMR*IK*727820080321*PI*116.2*116.2*0
REF*PO*0020080322
REF*ST*07278
REF*DP*043
DTM*999*20080321
RMR*IK*727820080322*PI*176.66*176.66*0
REF*PO*0020080323
REF*ST*07278
REF*DP*043
DTM*999*20080322
RMR*IK*727820080323*PI*14.2*14.2*0
REF*PO*0020080324
REF*ST*07278
REF*DP*043
DTM*999*20080323
RMR*IK*727820080324*PI*19.74*19.74*0
REF*PO*0020080325
REF*ST*07278
REF*DP*043
DTM*999*20080324
RMR*IK*727820080325*PI*22.15*22.15*0
REF*PO*0020080326
REF*ST*07278
REF*DP*043
DTM*999*20080325
RMR*IK*727820080326*PI*82.15*82.15*0
REF*PO*0020080327
REF*ST*07278
REF*DP*043
DTM*999*20080326
RMR*IK*735120080320*PI*26.3*26.3*0
REF*PO*0020080321
REF*ST*07351
REF*DP*043
DTM*999*20080320
RMR*IK*735120080321*PI*20.9*20.9*0
REF*PO*0020080322
REF*ST*07351
REF*DP*043
DTM*999*20080321
RMR*IK*735120080322*PI*39.21*39.21*0
REF*PO*0020080323
REF*ST*07351
REF*DP*043
DTM*999*20080322
RMR*IK*735120080323*PI*17.2*17.2*0
REF*PO*0020080324
REF*ST*07351
REF*DP*043
DTM*999*20080323
RMR*IK*735120080324*PI*18.92*18.92*0
REF*PO*0020080325
REF*ST*07351
REF*DP*043
DTM*999*20080324
RMR*IK*735120080325*PI*2.95*2.95*0
REF*PO*0020080326
REF*ST*07351
REF*DP*043
DTM*999*20080325
RMR*IK*735120080326*PI*11.35*11.35*0
REF*PO*0020080327
REF*ST*07351
REF*DP*043
DTM*999*20080326
RMR*IK*735320080320*PI*27.6*27.6*0
REF*PO*0020080321
REF*ST*07353
REF*DP*043
DTM*999*20080320
RMR*IK*735320080321*PI*68.8*68.8*0
REF*PO*0020080322
REF*ST*07353
REF*DP*043
DTM*999*20080321
RMR*IK*735320080322*PI*15.6*15.6*0
REF*PO*0020080323
REF*ST*07353
REF*DP*043
DTM*999*20080322
RMR*IK*735320080323*PI*1.2*1.2*0
REF*PO*0020080324
REF*ST*07353
REF*DP*043
DTM*999*20080323
RMR*IK*735320080326*PI*6*6*0
REF*PO*0020080327
REF*ST*07353
REF*DP*043
DTM*999*20080326
RMR*IK*735420080320*PI*2.4*2.4*0
REF*PO*0020080321
REF*ST*07354
REF*DP*043
DTM*999*20080320
RMR*IK*735420080321*PI*7.2*7.2*0
REF*PO*0020080322
REF*ST*07354
REF*DP*043
DTM*999*20080321
RMR*IK*735420080322*PI*43.9*43.9*0
REF*PO*0020080323
REF*ST*07354
REF*DP*043
DTM*999*20080322
RMR*IK*735420080323*PI*2.95*2.95*0
REF*PO*0020080324
REF*ST*07354
REF*DP*043
DTM*999*20080323
RMR*IK*735820080320*PI*104.1*104.1*0
REF*PO*0020080321
REF*ST*07358
REF*DP*043
DTM*999*20080320
RMR*IK*735820080321*PI*126.2*126.2*0
REF*PO*0020080322
REF*ST*07358
REF*DP*043
DTM*999*20080321
RMR*IK*735820080322*PI*136.05*136.05*0
REF*PO*0020080323
REF*ST*07358
REF*DP*043
DTM*999*20080322
RMR*IK*735820080323*PI*51.05*51.05*0
REF*PO*0020080324
REF*ST*07358
REF*DP*043
DTM*999*20080323
RMR*IK*735820080324*PI*10.95*10.95*0
REF*PO*0020080325
REF*ST*07358
REF*DP*043
DTM*999*20080324
RMR*IK*735820080325*PI*41.85*41.85*0
REF*PO*0020080326
REF*ST*07358
REF*DP*043
DTM*999*20080325
RMR*IK*735820080326*PI*31.2*31.2*0
REF*PO*0020080327
REF*ST*07358
REF*DP*043
DTM*999*20080326
RMR*IK*736220080320*PI*23.95*23.95*0
REF*PO*0020080321
REF*ST*07362
REF*DP*043
DTM*999*20080320
RMR*IK*736220080321*PI*26.15*26.15*0
REF*PO*0020080322
REF*ST*07362
REF*DP*043
DTM*999*20080321
RMR*IK*736220080322*PI*101.15*101.15*0
REF*PO*0020080323
REF*ST*07362
REF*DP*043
DTM*999*20080322
RMR*IK*736220080323*PI*38.5*38.5*0
REF*PO*0020080324
REF*ST*07362
REF*DP*043
DTM*999*20080323
RMR*IK*736220080324*PI*14.3*14.3*0
REF*PO*0020080325
REF*ST*07362
REF*DP*043
DTM*999*20080324
RMR*IK*736220080325*PI*9.6*9.6*0
REF*PO*0020080326
REF*ST*07362
REF*DP*043
DTM*999*20080325
RMR*IK*736220080326*PI*36.85*36.85*0
REF*PO*0020080327
REF*ST*07362
REF*DP*043
DTM*999*20080326
RMR*IK*736220080415*PI*-2.88*-2.88*0
REF*PO*0020080417
REF*ST*07362
REF*DP*043
DTM*999*20080415
RMR*IK*738220080322*PI*3.6*3.6*0
REF*PO*0020080323
REF*ST*07382
REF*DP*043
DTM*999*20080322
RMR*IK*738220080325*PI*13.2*13.2*0
REF*PO*0020080326
REF*ST*07382
REF*DP*043
DTM*999*20080325
RMR*IK*738820080320*PI*25.2*25.2*0
REF*PO*0020080321
REF*ST*07388
REF*DP*043
DTM*999*20080320
RMR*IK*738820080321*PI*36*36*0
REF*PO*0020080322
REF*ST*07388
REF*DP*043
DTM*999*20080321
RMR*IK*738820080322*PI*135.65*135.65*0
REF*PO*0020080323
REF*ST*07388
REF*DP*043
DTM*999*20080322
RMR*IK*738820080323*PI*29.95*29.95*0
REF*PO*0020080324
REF*ST*07388
REF*DP*043
DTM*999*20080323
RMR*IK*738820080324*PI*8*8*0
REF*PO*0020080325
REF*ST*07388
REF*DP*043
DTM*999*20080324
RMR*IK*738820080325*PI*47.75*47.75*0
REF*PO*0020080326
REF*ST*07388
REF*DP*043
DTM*999*20080325
RMR*IK*738820080326*PI*41.9*41.9*0
REF*PO*0020080327
REF*ST*07388
REF*DP*043
DTM*999*20080326
RMR*IK*740720080320*PI*94.38*94.38*0
REF*PO*0020080321
REF*ST*07407
REF*DP*043
DTM*999*20080320
RMR*IK*740720080321*PI*60.11*60.11*0
REF*PO*0020080322
REF*ST*07407
REF*DP*043
DTM*999*20080321
RMR*IK*740720080322*PI*66.74*66.74*0
REF*PO*0020080323
REF*ST*07407
REF*DP*043
DTM*999*20080322
RMR*IK*740720080323*PI*65.56*65.56*0
REF*PO*0020080324
REF*ST*07407
REF*DP*043
DTM*999*20080323
RMR*IK*740720080324*PI*47.83*47.83*0
REF*PO*0020080325
REF*ST*07407
REF*DP*043
DTM*999*20080324
RMR*IK*740720080325*PI*47.55*47.55*0
REF*PO*0020080326
REF*ST*07407
REF*DP*043
DTM*999*20080325
RMR*IK*740720080326*PI*23.29*23.29*0
REF*PO*0020080327
REF*ST*07407
REF*DP*043
DTM*999*20080326
RMR*IK*743720080320*PI*8.4*8.4*0
REF*PO*0020080321
REF*ST*07437
REF*DP*043
DTM*999*20080320
RMR*IK*743720080321*PI*2.4*2.4*0
REF*PO*0020080322
REF*ST*07437
REF*DP*043
DTM*999*20080321
RMR*IK*743720080322*PI*25.6*25.6*0
REF*PO*0020080323
REF*ST*07437
REF*DP*043
DTM*999*20080322
RMR*IK*743720080323*PI*11.25*11.25*0
REF*PO*0020080324
REF*ST*07437
REF*DP*043
DTM*999*20080323
RMR*IK*743720080325*PI*15.6*15.6*0
REF*PO*0020080326
REF*ST*07437
REF*DP*043
DTM*999*20080325
RMR*IK*743720080326*PI*10.8*10.8*0
REF*PO*0020080327
REF*ST*07437
REF*DP*043
DTM*999*20080326
RMR*IK*746020080320*PI*61.1*61.1*0
REF*PO*0020080321
REF*ST*07460
REF*DP*043
DTM*999*20080320
RMR*IK*746020080321*PI*71.59*71.59*0
REF*PO*0020080322
REF*ST*07460
REF*DP*043
DTM*999*20080321
RMR*IK*746020080322*PI*234.08*234.08*0
REF*PO*0020080323
REF*ST*07460
REF*DP*043
DTM*999*20080322
RMR*IK*746020080323*PI*15.88*15.88*0
REF*PO*0020080324
REF*ST*07460
REF*DP*043
DTM*999*20080323
RMR*IK*746020080324*PI*1.2*1.2*0
REF*PO*0020080325
REF*ST*07460
REF*DP*043
DTM*999*20080324
RMR*IK*746020080325*PI*8.3*8.3*0
REF*PO*0020080326
REF*ST*07460
REF*DP*043
DTM*999*20080325
RMR*IK*746020080326*PI*42.25*42.25*0
REF*PO*0020080327
REF*ST*07460
REF*DP*043
DTM*999*20080326
RMR*IK*746120080321*PI*37.65*37.65*0
REF*PO*0020080322
REF*ST*07461
REF*DP*043
DTM*999*20080321
RMR*IK*746120080322*PI*44.15*44.15*0
REF*PO*0020080323
REF*ST*07461
REF*DP*043
DTM*999*20080322
RMR*IK*746120080323*PI*16.7*16.7*0
REF*PO*0020080324
REF*ST*07461
REF*DP*043
DTM*999*20080323
RMR*IK*746120080324*PI*2.4*2.4*0
REF*PO*0020080325
REF*ST*07461
REF*DP*043
DTM*999*20080324
RMR*IK*746120080325*PI*1.2*1.2*0
REF*PO*0020080326
REF*ST*07461
REF*DP*043
DTM*999*20080325
RMR*IK*746120080326*PI*16.2*16.2*0
REF*PO*0020080327
REF*ST*07461
REF*DP*043
DTM*999*20080326
RMR*IK*755820080320*PI*85.25*85.25*0
REF*PO*0020080321
REF*ST*07558
REF*DP*043
DTM*999*20080320
RMR*IK*755820080321*PI*43.95*43.95*0
REF*PO*0020080322
REF*ST*07558
REF*DP*043
DTM*999*20080321
RMR*IK*755820080322*PI*94*94*0
REF*PO*0020080323
REF*ST*07558
REF*DP*043
DTM*999*20080322
RMR*IK*755820080323*PI*84.1*84.1*0
REF*PO*0020080324
REF*ST*07558
REF*DP*043
DTM*999*20080323
RMR*IK*755820080324*PI*16.8*16.8*0
REF*PO*0020080325
REF*ST*07558
REF*DP*043
DTM*999*20080324
RMR*IK*755820080325*PI*24.2*24.2*0
REF*PO*0020080326
REF*ST*07558
REF*DP*043
DTM*999*20080325
RMR*IK*755820080326*PI*107.71*107.71*0
REF*PO*0020080327
REF*ST*07558
REF*DP*043
DTM*999*20080326
RMR*IK*760720080320*PI*34.2*34.2*0
REF*PO*0020080321
REF*ST*07607
REF*DP*043
DTM*999*20080320
RMR*IK*760720080321*PI*13.75*13.75*0
REF*PO*0020080322
REF*ST*07607
REF*DP*043
DTM*999*20080321
RMR*IK*760720080322*PI*48.4*48.4*0
REF*PO*0020080323
REF*ST*07607
REF*DP*043
DTM*999*20080322
RMR*IK*760720080323*PI*10.95*10.95*0
REF*PO*0020080324
REF*ST*07607
REF*DP*043
DTM*999*20080323
RMR*IK*760720080325*PI*26.4*26.4*0
REF*PO*0020080326
REF*ST*07607
REF*DP*043
DTM*999*20080325
RMR*IK*760720080326*PI*16.8*16.8*0
REF*PO*0020080327
REF*ST*07607
REF*DP*043
DTM*999*20080326
RMR*IK*761020080320*PI*53.3*53.3*0
REF*PO*0020080321
REF*ST*07610
REF*DP*043
DTM*999*20080320
RMR*IK*761020080321*PI*55.1*55.1*0
REF*PO*0020080322
REF*ST*07610
REF*DP*043
DTM*999*20080321
RMR*IK*761020080322*PI*97.65*97.65*0
REF*PO*0020080323
REF*ST*07610
REF*DP*043
DTM*999*20080322
RMR*IK*761020080323*PI*60.75*60.75*0
REF*PO*0020080324
REF*ST*07610
REF*DP*043
DTM*999*20080323
RMR*IK*761020080324*PI*1.2*1.2*0
REF*PO*0020080325
REF*ST*07610
REF*DP*043
DTM*999*20080324
RMR*IK*761020080325*PI*32.3*32.3*0
REF*PO*0020080326
REF*ST*07610
REF*DP*043
DTM*999*20080325
RMR*IK*761020080326*PI*127.3*127.3*0
REF*PO*0020080327
REF*ST*07610
REF*DP*043
DTM*999*20080326
RMR*IK*762220080321*PI*45.6*45.6*0
REF*PO*0020080322
REF*ST*07622
REF*DP*043
DTM*999*20080321
RMR*IK*762220080322*PI*6*6*0
REF*PO*0020080323
REF*ST*07622
REF*DP*043
DTM*999*20080322
RMR*IK*762220080323*PI*4.8*4.8*0
REF*PO*0020080324
REF*ST*07622
REF*DP*043
DTM*999*20080323
RMR*IK*762220080326*PI*2.4*2.4*0
REF*PO*0020080327
REF*ST*07622
REF*DP*043
DTM*999*20080326
RMR*IK*762620080320*PI*6.6*6.6*0
REF*PO*0020080321
REF*ST*07626
REF*DP*043
DTM*999*20080320
RMR*IK*762620080321*PI*7.2*7.2*0
REF*PO*0020080322
REF*ST*07626
REF*DP*043
DTM*999*20080321
RMR*IK*762620080322*PI*50.4*50.4*0
REF*PO*0020080323
REF*ST*07626
REF*DP*043
DTM*999*20080322
RMR*IK*762620080323*PI*20*20*0
REF*PO*0020080324
REF*ST*07626
REF*DP*043
DTM*999*20080323
RMR*IK*762620080324*PI*8*8*0
REF*PO*0020080325
REF*ST*07626
REF*DP*043
DTM*999*20080324
RMR*IK*762620080325*PI*24.8*24.8*0
REF*PO*0020080326
REF*ST*07626
REF*DP*043
DTM*999*20080325
RMR*IK*762620080326*PI*4.8*4.8*0
REF*PO*0020080327
REF*ST*07626
REF*DP*043
DTM*999*20080326
RMR*IK*762920080320*PI*13.8*13.8*0
REF*PO*0020080321
REF*ST*07629
REF*DP*043
DTM*999*20080320
RMR*IK*762920080321*PI*71.5*71.5*0
REF*PO*0020080322
REF*ST*07629
REF*DP*043
DTM*999*20080321
RMR*IK*762920080322*PI*67.4*67.4*0
REF*PO*0020080323
REF*ST*07629
REF*DP*043
DTM*999*20080322
RMR*IK*762920080323*PI*20.95*20.95*0
REF*PO*0020080324
REF*ST*07629
REF*DP*043
DTM*999*20080323
RMR*IK*762920080326*PI*17.35*17.35*0
REF*PO*0020080327
REF*ST*07629
REF*DP*043
DTM*999*20080326
RMR*IK*762920080416*PI*-3.4*-3.4*0
REF*PO*0020080418
REF*ST*07629
REF*DP*043
DTM*999*20080416
RMR*IK*763720080320*PI*47.55*47.55*0
REF*PO*0020080321
REF*ST*07637
REF*DP*043
DTM*999*20080320
RMR*IK*763720080321*PI*64.65*64.65*0
REF*PO*0020080322
REF*ST*07637
REF*DP*043
DTM*999*20080321
RMR*IK*763720080322*PI*25.4*25.4*0
REF*PO*0020080323
REF*ST*07637
REF*DP*043
DTM*999*20080322
RMR*IK*763720080323*PI*40.8*40.8*0
REF*PO*0020080324
REF*ST*07637
REF*DP*043
DTM*999*20080323
RMR*IK*763720080324*PI*1.2*1.2*0
REF*PO*0020080325
REF*ST*07637
REF*DP*043
DTM*999*20080324
RMR*IK*763720080325*PI*3.6*3.6*0
REF*PO*0020080326
REF*ST*07637
REF*DP*043
DTM*999*20080325
RMR*IK*763720080326*PI*40.7*40.7*0
REF*PO*0020080327
REF*ST*07637
REF*DP*043
DTM*999*20080326
RMR*IK*771820080320*PI*48.7*48.7*0
REF*PO*0020080321
REF*ST*07718
REF*DP*043
DTM*999*20080320
RMR*IK*771820080321*PI*245.02*245.02*0
REF*PO*0020080322
REF*ST*07718
REF*DP*043
DTM*999*20080321
RMR*IK*771820080322*PI*64.92*64.92*0
REF*PO*0020080323
REF*ST*07718
REF*DP*043
DTM*999*20080322
RMR*IK*771820080323*PI*21.8*21.8*0
REF*PO*0020080324
REF*ST*07718
REF*DP*043
DTM*999*20080323
RMR*IK*771820080324*PI*28.59*28.59*0
REF*PO*0020080325
REF*ST*07718
REF*DP*043
DTM*999*20080324
RMR*IK*771820080325*PI*71.26*71.26*0
REF*PO*0020080326
REF*ST*07718
REF*DP*043
DTM*999*20080325
RMR*IK*771820080326*PI*52*52*0
REF*PO*0020080327
REF*ST*07718
REF*DP*043
DTM*999*20080326
RMR*IK*771920080320*PI*102.05*102.05*0
REF*PO*0020080321
REF*ST*07719
REF*DP*043
DTM*999*20080320
RMR*IK*771920080321*PI*84.42*84.42*0
REF*PO*0020080322
REF*ST*07719
REF*DP*043
DTM*999*20080321
RMR*IK*771920080322*PI*186.72*186.72*0
REF*PO*0020080323
REF*ST*07719
REF*DP*043
DTM*999*20080322
RMR*IK*771920080323*PI*48.28*48.28*0
REF*PO*0020080324
REF*ST*07719
REF*DP*043
DTM*999*20080323
RMR*IK*771920080324*PI*66.09*66.09*0
REF*PO*0020080325
REF*ST*07719
REF*DP*043
DTM*999*20080324
RMR*IK*771920080325*PI*7*7*0
REF*PO*0020080326
REF*ST*07719
REF*DP*043
DTM*999*20080325
RMR*IK*771920080326*PI*162.21*162.21*0
REF*PO*0020080327
REF*ST*07719
REF*DP*043
DTM*999*20080326
RMR*IK*775420080320*PI*41.06*41.06*0
REF*PO*0020080321
REF*ST*07754
REF*DP*043
DTM*999*20080320
RMR*IK*775420080321*PI*91.23*91.23*0
REF*PO*0020080322
REF*ST*07754
REF*DP*043
DTM*999*20080321
RMR*IK*775420080322*PI*132.85*132.85*0
REF*PO*0020080323
REF*ST*07754
REF*DP*043
DTM*999*20080322
RMR*IK*775420080323*PI*19.2*19.2*0
REF*PO*0020080324
REF*ST*07754
REF*DP*043
DTM*999*20080323
RMR*IK*775420080324*PI*10.32*10.32*0
REF*PO*0020080325
REF*ST*07754
REF*DP*043
DTM*999*20080324
RMR*IK*775420080325*PI*28.79*28.79*0
REF*PO*0020080326
REF*ST*07754
REF*DP*043
DTM*999*20080325
RMR*IK*775420080326*PI*51.17*51.17*0
REF*PO*0020080327
REF*ST*07754
REF*DP*043
DTM*999*20080326
RMR*IK*912920080320*PI*2.4*2.4*0
REF*PO*0020080321
REF*ST*09129
REF*DP*043
DTM*999*20080320
RMR*IK*912920080321*PI*6*6*0
REF*PO*0020080322
REF*ST*09129
REF*DP*043
DTM*999*20080321
RMR*IK*912920080322*PI*9.6*9.6*0
REF*PO*0020080323
REF*ST*09129
REF*DP*043
DTM*999*20080322
RMR*IK*912920080323*PI*1.2*1.2*0
REF*PO*0020080324
REF*ST*09129
REF*DP*043
DTM*999*20080323
RMR*IK*912920080326*PI*5.35*5.35*0
REF*PO*0020080327
REF*ST*09129
REF*DP*043
DTM*999*20080326
RMR*IK*921720080320*PI*55.2*55.2*0
REF*PO*0020080321
REF*ST*09217
REF*DP*043
DTM*999*20080320
RMR*IK*921720080321*PI*75.98*75.98*0
REF*PO*0020080322
REF*ST*09217
REF*DP*043
DTM*999*20080321
RMR*IK*921720080322*PI*56.2*56.2*0
REF*PO*0020080323
REF*ST*09217
REF*DP*043
DTM*999*20080322
RMR*IK*921720080323*PI*41.1*41.1*0
REF*PO*0020080324
REF*ST*09217
REF*DP*043
DTM*999*20080323
RMR*IK*921720080324*PI*13.75*13.75*0
REF*PO*0020080325
REF*ST*09217
REF*DP*043
DTM*999*20080324
RMR*IK*921720080325*PI*31.6*31.6*0
REF*PO*0020080326
REF*ST*09217
REF*DP*043
DTM*999*20080325
RMR*IK*921720080326*PI*90.7*90.7*0
REF*PO*0020080327
REF*ST*09217
REF*DP*043
DTM*999*20080326
RMR*IK*932020080320*PI*3.6*3.6*0
REF*PO*0020080321
REF*ST*09320
REF*DP*043
DTM*999*20080320
RMR*IK*932020080321*PI*7.2*7.2*0
REF*PO*0020080322
REF*ST*09320
REF*DP*043
DTM*999*20080321
RMR*IK*932020080322*PI*16.35*16.35*0
REF*PO*0020080323
REF*ST*09320
REF*DP*043
DTM*999*20080322
RMR*IK*932020080323*PI*4.8*4.8*0
REF*PO*0020080324
REF*ST*09320
REF*DP*043
DTM*999*20080323
RMR*IK*932020080325*PI*22.19*22.19*0
REF*PO*0020080326
REF*ST*09320
REF*DP*043
DTM*999*20080325
RMR*IK*932020080326*PI*26.54*26.54*0
REF*PO*0020080327
REF*ST*09320
REF*DP*043
DTM*999*20080326
RMR*IK*951320080320*PI*1.2*1.2*0
REF*PO*0020080321
REF*ST*09513
REF*DP*043
DTM*999*20080320
RMR*IK*951320080321*PI*4.15*4.15*0
REF*PO*0020080322
REF*ST*09513
REF*DP*043
DTM*999*20080321
RMR*IK*951320080322*PI*79.05*79.05*0
REF*PO*0020080323
REF*ST*09513
REF*DP*043
DTM*999*20080322
RMR*IK*951320080324*PI*1.2*1.2*0
REF*PO*0020080325
REF*ST*09513
REF*DP*043
DTM*999*20080324
RMR*IK*951320080325*PI*19.15*19.15*0
REF*PO*0020080326
REF*ST*09513
REF*DP*043
DTM*999*20080325
RMR*IK*951320080326*PI*14.4*14.4*0
REF*PO*0020080327
REF*ST*09513
REF*DP*043
DTM*999*20080326
RMR*IK*954720080322*PI*7.2*7.2*0
REF*PO*0020080323
REF*ST*09547
REF*DP*043
DTM*999*20080322
RMR*IK*954720080326*PI*25.1*25.1*0
REF*PO*0020080327
REF*ST*09547
REF*DP*043
DTM*999*20080326
RMR*IK*954920080320*PI*28.42*28.42*0
REF*PO*0020080321
REF*ST*09549
REF*DP*043
DTM*999*20080320
RMR*IK*954920080321*PI*35.8*35.8*0
REF*PO*0020080322
REF*ST*09549
REF*DP*043
DTM*999*20080321
RMR*IK*954920080322*PI*17.84*17.84*0
REF*PO*0020080323
REF*ST*09549
REF*DP*043
DTM*999*20080322
RMR*IK*954920080323*PI*26.39*26.39*0
REF*PO*0020080324
REF*ST*09549
REF*DP*043
DTM*999*20080323
RMR*IK*954920080325*PI*18*18*0
REF*PO*0020080326
REF*ST*09549
REF*DP*043
DTM*999*20080325
RMR*IK*954920080326*PI*12.88*12.88*0
REF*PO*0020080327
REF*ST*09549
REF*DP*043
DTM*999*20080326
RMR*IK*956020080320*PI*2.4*2.4*0
REF*PO*0020080321
REF*ST*09560
REF*DP*043
DTM*999*20080320
RMR*IK*956020080321*PI*6*6*0
REF*PO*0020080322
REF*ST*09560
REF*DP*043
DTM*999*20080321
RMR*IK*956020080322*PI*27.4*27.4*0
REF*PO*0020080323
REF*ST*09560
REF*DP*043
DTM*999*20080322
RMR*IK*956020080324*PI*5.95*5.95*0
REF*PO*0020080325
REF*ST*09560
REF*DP*043
DTM*999*20080324
RMR*IK*956320080320*PI*2.4*2.4*0
REF*PO*0020080321
REF*ST*09563
REF*DP*043
DTM*999*20080320
RMR*IK*956320080321*PI*56.95*56.95*0
REF*PO*0020080322
REF*ST*09563
REF*DP*043
DTM*999*20080321
RMR*IK*956320080322*PI*43.8*43.8*0
REF*PO*0020080323
REF*ST*09563
REF*DP*043
DTM*999*20080322
RMR*IK*956320080323*PI*20.35*20.35*0
REF*PO*0020080324
REF*ST*09563
REF*DP*043
DTM*999*20080323
RMR*IK*956320080324*PI*1.2*1.2*0
REF*PO*0020080325
REF*ST*09563
REF*DP*043
DTM*999*20080324
RMR*IK*956320080325*PI*17.35*17.35*0
REF*PO*0020080326
REF*ST*09563
REF*DP*043
DTM*999*20080325
RMR*IK*956320080326*PI*15.32*15.32*0
REF*PO*0020080327
REF*ST*09563
REF*DP*043
DTM*999*20080326
RMR*IK*957120080320*PI*38.8*38.8*0
REF*PO*0020080321
REF*ST*09571
REF*DP*043
DTM*999*20080320
RMR*IK*957120080321*PI*64.2*64.2*0
REF*PO*0020080322
REF*ST*09571
REF*DP*043
DTM*999*20080321
RMR*IK*957120080322*PI*25.3*25.3*0
REF*PO*0020080323
REF*ST*09571
REF*DP*043
DTM*999*20080322
RMR*IK*957120080323*PI*26.95*26.95*0
REF*PO*0020080324
REF*ST*09571
REF*DP*043
DTM*999*20080323
RMR*IK*957120080324*PI*23.55*23.55*0
REF*PO*0020080325
REF*ST*09571
REF*DP*043
DTM*999*20080324
RMR*IK*957120080325*PI*29.9*29.9*0
REF*PO*0020080326
REF*ST*09571
REF*DP*043
DTM*999*20080325
RMR*IK*957120080326*PI*17.6*17.6*0
REF*PO*0020080327
REF*ST*09571
REF*DP*043
DTM*999*20080326
RMR*IK*962020080320*PI*29.2*29.2*0
REF*PO*0020080321
REF*ST*09620
REF*DP*043
DTM*999*20080320
RMR*IK*962020080321*PI*41.45*41.45*0
REF*PO*0020080322
REF*ST*09620
REF*DP*043
DTM*999*20080321
RMR*IK*962020080322*PI*150.45*150.45*0
REF*PO*0020080323
REF*ST*09620
REF*DP*043
DTM*999*20080322
RMR*IK*962020080323*PI*14.4*14.4*0
REF*PO*0020080324
REF*ST*09620
REF*DP*043
DTM*999*20080323
RMR*IK*962020080324*PI*7.15*7.15*0
REF*PO*0020080325
REF*ST*09620
REF*DP*043
DTM*999*20080324
RMR*IK*962020080325*PI*4.8*4.8*0
REF*PO*0020080326
REF*ST*09620
REF*DP*043
DTM*999*20080325
RMR*IK*962020080326*PI*108.75*108.75*0
REF*PO*0020080327
REF*ST*09620
REF*DP*043
DTM*999*20080326
RMR*IK*962120080320*PI*11.4*11.4*0
REF*PO*0020080321
REF*ST*09621
REF*DP*043
DTM*999*20080320
RMR*IK*962120080321*PI*113.9*113.9*0
REF*PO*0020080322
REF*ST*09621
REF*DP*043
DTM*999*20080321
RMR*IK*962120080322*PI*38.25*38.25*0
REF*PO*0020080323
REF*ST*09621
REF*DP*043
DTM*999*20080322
RMR*IK*962120080323*PI*23.2*23.2*0
REF*PO*0020080324
REF*ST*09621
REF*DP*043
DTM*999*20080323
RMR*IK*962120080324*PI*1.2*1.2*0
REF*PO*0020080325
REF*ST*09621
REF*DP*043
DTM*999*20080324
RMR*IK*962120080326*PI*56.35*56.35*0
REF*PO*0020080327
REF*ST*09621
REF*DP*043
DTM*999*20080326
RMR*IK*962220080320*PI*10.7*10.7*0
REF*PO*0020080321
REF*ST*09622
REF*DP*043
DTM*999*20080320
RMR*IK*962220080321*PI*57.3*57.3*0
REF*PO*0020080322
REF*ST*09622
REF*DP*043
DTM*999*20080321
RMR*IK*962220080322*PI*56.4*56.4*0
REF*PO*0020080323
REF*ST*09622
REF*DP*043
DTM*999*20080322
RMR*IK*962220080323*PI*28.65*28.65*0
REF*PO*0020080324
REF*ST*09622
REF*DP*043
DTM*999*20080323
RMR*IK*962220080324*PI*4.8*4.8*0
REF*PO*0020080325
REF*ST*09622
REF*DP*043
DTM*999*20080324
RMR*IK*962220080325*PI*23.4*23.4*0
REF*PO*0020080326
REF*ST*09622
REF*DP*043
DTM*999*20080325
RMR*IK*962220080326*PI*6*6*0
REF*PO*0020080327
REF*ST*09622
REF*DP*043
DTM*999*20080326
RMR*IK*962520080320*PI*17.8*17.8*0
REF*PO*0020080321
REF*ST*09625
REF*DP*043
DTM*999*20080320
RMR*IK*962520080321*PI*58.9*58.9*0
REF*PO*0020080322
REF*ST*09625
REF*DP*043
DTM*999*20080321
RMR*IK*962520080322*PI*92.9*92.9*0
REF*PO*0020080323
REF*ST*09625
REF*DP*043
DTM*999*20080322
RMR*IK*962520080323*PI*41.5*41.5*0
REF*PO*0020080324
REF*ST*09625
REF*DP*043
DTM*999*20080323
RMR*IK*962520080325*PI*7.2*7.2*0
REF*PO*0020080326
REF*ST*09625
REF*DP*043
DTM*999*20080325
RMR*IK*962520080326*PI*28.2*28.2*0
REF*PO*0020080327
REF*ST*09625
REF*DP*043
DTM*999*20080326
RMR*IK*962920080320*PI*2.4*2.4*0
REF*PO*0020080321
REF*ST*09629
REF*DP*043
DTM*999*20080320
RMR*IK*962920080321*PI*70.55*70.55*0
REF*PO*0020080322
REF*ST*09629
REF*DP*043
DTM*999*20080321
RMR*IK*962920080322*PI*1.2*1.2*0
REF*PO*0020080324
REF*ST*09629
REF*DP*043
DTM*999*20080322
RMR*IK*962920080322*PI*19.7*19.7*0
REF*PO*0020080323
REF*ST*09629
REF*DP*043
DTM*999*20080322
RMR*IK*962920080323*PI*15.39*15.39*0
REF*PO*0020080324
REF*ST*09629
REF*DP*043
DTM*999*20080323
RMR*IK*962920080324*PI*6*6*0
REF*PO*0020080325
REF*ST*09629
REF*DP*043
DTM*999*20080324
RMR*IK*962920080325*PI*4.8*4.8*0
REF*PO*0020080326
REF*ST*09629
REF*DP*043
DTM*999*20080325
RMR*IK*962920080326*PI*8.3*8.3*0
REF*PO*0020080327
REF*ST*09629
REF*DP*043
DTM*999*20080326
RMR*IK*963320080320*PI*19.8*19.8*0
REF*PO*0020080321
REF*ST*09633
REF*DP*043
DTM*999*20080320
RMR*IK*963320080321*PI*47.25*47.25*0
REF*PO*0020080322
REF*ST*09633
REF*DP*043
DTM*999*20080321
RMR*IK*963320080322*PI*51.2*51.2*0
REF*PO*0020080323
REF*ST*09633
REF*DP*043
DTM*999*20080322
RMR*IK*963320080323*PI*20.8*20.8*0
REF*PO*0020080324
REF*ST*09633
REF*DP*043
DTM*999*20080323
RMR*IK*963320080325*PI*7.2*7.2*0
REF*PO*0020080326
REF*ST*09633
REF*DP*043
DTM*999*20080325
RMR*IK*963320080326*PI*13.15*13.15*0
REF*PO*0020080327
REF*ST*09633
REF*DP*043
DTM*999*20080326
RMR*IK*963920080320*PI*21.6*21.6*0
REF*PO*0020080321
REF*ST*09639
REF*DP*043
DTM*999*20080320
RMR*IK*963920080322*PI*22.35*22.35*0
REF*PO*0020080323
REF*ST*09639
REF*DP*043
DTM*999*20080322
RMR*IK*963920080323*PI*22.4*22.4*0
REF*PO*0020080324
REF*ST*09639
REF*DP*043
DTM*999*20080323
RMR*IK*963920080325*PI*2.4*2.4*0
REF*PO*0020080326
REF*ST*09639
REF*DP*043
DTM*999*20080325
RMR*IK*963920080326*PI*8*8*0
REF*PO*0020080327
REF*ST*09639
REF*DP*043
DTM*999*20080326
RMR*IK*964820080320*PI*45.55*45.55*0
REF*PO*0020080321
REF*ST*09648
REF*DP*043
DTM*999*20080320
RMR*IK*964820080321*PI*143.6*143.6*0
REF*PO*0020080322
REF*ST*09648
REF*DP*043
DTM*999*20080321
RMR*IK*964820080322*PI*192.13*192.13*0
REF*PO*0020080323
REF*ST*09648
REF*DP*043
DTM*999*20080322
RMR*IK*964820080323*PI*14.35*14.35*0
REF*PO*0020080324
REF*ST*09648
REF*DP*043
DTM*999*20080323
RMR*IK*964820080324*PI*15.36*15.36*0
REF*PO*0020080325
REF*ST*09648
REF*DP*043
DTM*999*20080324
RMR*IK*964820080325*PI*53.3*53.3*0
REF*PO*0020080326
REF*ST*09648
REF*DP*043
DTM*999*20080325
RMR*IK*964820080326*PI*82.04*82.04*0
REF*PO*0020080327
REF*ST*09648
REF*DP*043
DTM*999*20080326
RMR*IK*965720080320*PI*55.3*55.3*0
REF*PO*0020080321
REF*ST*09657
REF*DP*043
DTM*999*20080320
RMR*IK*965720080321*PI*34.05*34.05*0
REF*PO*0020080322
REF*ST*09657
REF*DP*043
DTM*999*20080321
RMR*IK*965720080322*PI*61.8*61.8*0
REF*PO*0020080323
REF*ST*09657
REF*DP*043
DTM*999*20080322
RMR*IK*965720080323*PI*25.4*25.4*0
REF*PO*0020080324
REF*ST*09657
REF*DP*043
DTM*999*20080323
RMR*IK*965720080324*PI*7.2*7.2*0
REF*PO*0020080325
REF*ST*09657
REF*DP*043
DTM*999*20080324
RMR*IK*965720080326*PI*33.55*33.55*0
REF*PO*0020080327
REF*ST*09657
REF*DP*043
DTM*999*20080326
RMR*IK*967420080320*PI*16.75*16.75*0
REF*PO*0020080321
REF*ST*09674
REF*DP*043
DTM*999*20080320
RMR*IK*967420080321*PI*75.08*75.08*0
REF*PO*0020080322
REF*ST*09674
REF*DP*043
DTM*999*20080321
RMR*IK*967420080322*PI*70.35*70.35*0
REF*PO*0020080323
REF*ST*09674
REF*DP*043
DTM*999*20080322
RMR*IK*967420080323*PI*37.7*37.7*0
REF*PO*0020080324
REF*ST*09674
REF*DP*043
DTM*999*20080323
RMR*IK*967420080325*PI*1.2*1.2*0
REF*PO*0020080326
REF*ST*09674
REF*DP*043
DTM*999*20080325
RMR*IK*967420080326*PI*16.68*16.68*0
REF*PO*0020080327
REF*ST*09674
REF*DP*043
DTM*999*20080326
RMR*IK*971420080320*PI*75.65*75.65*0
REF*PO*0020080321
REF*ST*09714
REF*DP*043
DTM*999*20080320
RMR*IK*971420080321*PI*138.2*138.2*0
REF*PO*0020080322
REF*ST*09714
REF*DP*043
DTM*999*20080321
RMR*IK*971420080322*PI*214.3*214.3*0
REF*PO*0020080323
REF*ST*09714
REF*DP*043
DTM*999*20080322
RMR*IK*971420080323*PI*55.45*55.45*0
REF*PO*0020080324
REF*ST*09714
REF*DP*043
DTM*999*20080323
RMR*IK*971420080324*PI*57.85*57.85*0
REF*PO*0020080325
REF*ST*09714
REF*DP*043
DTM*999*20080324
RMR*IK*971420080325*PI*57.91*57.91*0
REF*PO*0020080326
REF*ST*09714
REF*DP*043
DTM*999*20080325
RMR*IK*971420080326*PI*94.16*94.16*0
REF*PO*0020080327
REF*ST*09714
REF*DP*043
DTM*999*20080326
RMR*IK*972820080320*PI*25.8*25.8*0
REF*PO*0020080321
REF*ST*09728
REF*DP*043
DTM*999*20080320
RMR*IK*972820080321*PI*25.6*25.6*0
REF*PO*0020080322
REF*ST*09728
REF*DP*043
DTM*999*20080321
RMR*IK*972820080322*PI*6*6*0
REF*PO*0020080323
REF*ST*09728
REF*DP*043
DTM*999*20080322
RMR*IK*972820080323*PI*1.2*1.2*0
REF*PO*0020080324
REF*ST*09728
REF*DP*043
DTM*999*20080323
RMR*IK*972820080324*PI*9*9*0
REF*PO*0020080325
REF*ST*09728
REF*DP*043
DTM*999*20080324
RMR*IK*972820080325*PI*4.8*4.8*0
REF*PO*0020080326
REF*ST*09728
REF*DP*043
DTM*999*20080325
RMR*IK*972820080326*PI*8*8*0
REF*PO*0020080327
REF*ST*09728
REF*DP*043
DTM*999*20080326
RMR*IK*973520080320*PI*37.3*37.3*0
REF*PO*0020080321
REF*ST*09735
REF*DP*043
DTM*999*20080320
RMR*IK*973520080321*PI*9.6*9.6*0
REF*PO*0020080322
REF*ST*09735
REF*DP*043
DTM*999*20080321
RMR*IK*973520080322*PI*101.95*101.95*0
REF*PO*0020080323
REF*ST*09735
REF*DP*043
DTM*999*20080322
RMR*IK*973520080323*PI*6.6*6.6*0
REF*PO*0020080324
REF*ST*09735
REF*DP*043
DTM*999*20080323
RMR*IK*973520080325*PI*8.85*8.85*0
REF*PO*0020080326
REF*ST*09735
REF*DP*043
DTM*999*20080325
RMR*IK*973520080326*PI*19.75*19.75*0
REF*PO*0020080327
REF*ST*09735
REF*DP*043
DTM*999*20080326
RMR*IK*975820080320*PI*75.5*75.5*0
REF*PO*0020080321
REF*ST*09758
REF*DP*043
DTM*999*20080320
RMR*IK*975820080321*PI*93.35*93.35*0
REF*PO*0020080322
REF*ST*09758
REF*DP*043
DTM*999*20080321
RMR*IK*975820080322*PI*155.77*155.77*0
REF*PO*0020080323
REF*ST*09758
REF*DP*043
DTM*999*20080322
RMR*IK*975820080323*PI*55.42*55.42*0
REF*PO*0020080324
REF*ST*09758
REF*DP*043
DTM*999*20080323
RMR*IK*975820080324*PI*2.4*2.4*0
REF*PO*0020080325
REF*ST*09758
REF*DP*043
DTM*999*20080324
RMR*IK*975820080325*PI*20.84*20.84*0
REF*PO*0020080326
REF*ST*09758
REF*DP*043
DTM*999*20080325
RMR*IK*975820080326*PI*34.6*34.6*0
REF*PO*0020080327
REF*ST*09758
REF*DP*043
DTM*999*20080326
SE*4594*0001
GE*1*1000113
IEA*1*001000113
ISA*00*          *00*          *08*9254291001     *12*6154525825     *080422*0420*U*00400*000000321*0*P*>
GS*PD*9254291001*6154525825*20080422*0420*321*X*004010
ST*852*0001
XQ*H*20080422
N9*AD*T00000040
LIN**IN*002904411*ZZ*43*UP*831664001160*****DG*1*VS*00000
ZA*QS***006*20080420
CTP**UCP*.7
SDQ*EA*ZZ*5014*1*5023*7
ZA*QS***006*20080421
CTP**UCP*.7
SDQ*EA*ZZ*3022*7*3063*2*3084*8*3147*13*3348*1*3359*1*3644*8*3645*5*3703*6*3713*4
SDQ*EA*ZZ*3715*2*3773*1*3808*3*3822*4*3852*1*3996*6*4103*1*4112*6*4717*8*4719*10
SDQ*EA*ZZ*4739*4*4757*5*4758*1*4769*2*4777*5*4835*5*4883*2*7045*3*7063*1*7076*9
SDQ*EA*ZZ*7132*14*7154*8*7276*14*7354*11*7437*2*7460*4*7607*1*7719*2*7754*5*9320*2
SDQ*EA*ZZ*9560*18*9620*3*9622*4*9633*2*9639*12*9674*1*9728*9*9735*4
CTT*1
SE*16*0001
ST*852*0002
XQ*H*20080422
N9*AD*T00000040
LIN**IN*002916611*ZZ*43*UP*831664001184*****DG*1*VS*00000
ZA*QS***006*20080420
CTP**UCP*3.4
SDQ*EA*ZZ*5014*3
ZA*QS***006*20080421
CTP**UCP*3.4
SDQ*EA*ZZ*3083*1*3084*1*3359*1*3646*4*3661*6*3703*5*3941*1*3966*3*4016*2*4103*2
SDQ*EA*ZZ*4189*1*4308*1*4719*4*4970*1*7066*2*7354*4*9633*2
CTT*1
SE*13*0002
ST*852*0003
XQ*H*20080422
N9*AD*T00000040
LIN**IN*016303311*ZZ*43*UP*831664001283*****DG*1*VS*00000
ZA*QS***006*20080421
CTP**UCP*9.5
SDQ*EA*ZZ*3289*1*3703*2*4093*2*4103*1*4189*1*4244*4*4719*3*7255*2*7358*1*7610*1
CTT*1
SE*9*0003
ST*852*0004
XQ*H*20080422
N9*AD*T00000040
LIN**IN*025393811*ZZ*43*UP*831664001238*****DG*1*VS*00000
ZA*QS***006*20080420
CTP**UCP*9.25
SDQ*EA*ZZ*5014*8
ZA*QS***006*20080421
CTP**UCP*9.25
SDQ*EA*ZZ*3022*2*3063*1*3083*1*3084*3*3408*1*3646*2*3661*3*3672*1*3703*2*3941*4
SDQ*EA*ZZ*4093*3*4103*2*4244*1*4717*3*4719*1*7064*5*7076*1*7132*1*7255*4*7358*2
SDQ*EA*ZZ*9633*1
LIN**IN*025393811*ZZ*43*UP*831664001238*****DG*8*VS*00000
ZA*QS***006*20080421
CTP**UCP*9.25
SDQ*EA*ZZ*4198*1
CTT*2
SE*18*0004
ST*852*0005
XQ*H*20080422
N9*AD*T00000040
LIN**IN*025395211*ZZ*43*UP*831664001252*****DG*1*VS*00000
ZA*QS***006*20080420
CTP**UCP*8
SDQ*EA*ZZ*5014*14*5070*2
ZA*QS***006*20080421
CTP**UCP*8
SDQ*EA*ZZ*3143*1*3223*6*3355*2*3632*2*3644*4*3646*3*3672*1*3685*2*3701*1*3703*19
SDQ*EA*ZZ*3713*1*3715*2*3822*4*3886*2*3941*1*3966*2*3996*2*4093*7*4103*2*4244*8
SDQ*EA*ZZ*4308*3*4719*3*4760*2*4777*1*4817*6*4835*2*4883*2*4898*3*7063*1*7064*10
SDQ*EA*ZZ*7066*2*7076*3*7132*3*7146*4*7208*3*7255*1*7274*1*7278*1*7358*3*7382*2
SDQ*EA*ZZ*7437*1*7460*1*7607*2*7629*2*9217*1*9560*2*9571*1*9621*2*9629*1*9633*13
SDQ*EA*ZZ*9639*1*9648*2*9674*8*9758*6
CTT*1
SE*17*0005
ST*852*0006
XQ*H*20080422
N9*AD*T00000040
LIN**IN*025397611*ZZ*43*UP*831664001245*****DG*1*VS*00000
ZA*QS***006*20080420
CTP**UCP*5.95
SDQ*EA*ZZ*5014*2
ZA*QS***006*20080421
CTP**UCP*5.95
SDQ*EA*ZZ*3886*4*4883*3*4970*1*7382*2
LIN**IN*025397611*ZZ*43*UP*831664001245*****DG*3*VS*00000
ZA*QS***006*20080421
CTP**UCP*5.95
SDQ*EA*ZZ*3063*1*3084*1*3143*2*3355*2*3359*2*3408*3*3632*3*3644*1*3646*17*3661*2
SDQ*EA*ZZ*3703*1*3713*3*3715*1*3848*3*3852*1*3941*5*3967*1*3975*1*3994*3*4103*6
SDQ*EA*ZZ*4202*5*4244*10*4312*2*4475*6*4758*1*4769*3*4777*1*4817*2*4866*5*7043*1
SDQ*EA*ZZ*7076*2*7132*1*7146*4*7154*1*7208*3*7255*1*7274*2*7278*1*7407*1*7460*2
SDQ*EA*ZZ*7607*5*7610*2*7754*3*9513*1*9549*4*9560*1*9633*1*9639*2*9648*3*9674*5
SDQ*EA*ZZ*9758*1
CTT*2
SE*21*0006
ST*852*0007
XQ*H*20080422
N9*AD*T00000040
LIN**IN*025408511*ZZ*43*UP*831664001269*****DG*1*VS*00000
ZA*QS***006*20080421
CTP**UCP*4
SDQ*EA*ZZ*4719*4
CTT*1
SE*9*0007
ST*852*0008
XQ*H*20080422
N9*AD*T00000040
LIN**IN*025412011*ZZ*43*UP*831664001276*****DG*1*VS*00000
ZA*QS***006*20080420
CTP**UCP*2.45
SDQ*EA*ZZ*5014*9*5066*8*5070*3
ZA*QS***006*20080421
CTP**UCP*2.45
SDQ*EA*ZZ*3084*4*3143*9*3408*2*3428*3*3644*2*3646*13*3660*1*3661*3*3672*2*3675*1
SDQ*EA*ZZ*3701*2*3703*11*3713*3*3715*3*3773*2*3822*6*3848*10*3886*1*3925*5*3931*2
SDQ*EA*ZZ*3941*6*3957*1*3966*2*3967*1*3978*6*4016*1*4093*2*4103*18*4112*2*4122*6
SDQ*EA*ZZ*4198*1*4202*3*4244*4*4308*2*4475*10*4717*4*4719*6*4769*24*4817*14*4835*1
SDQ*EA*ZZ*4866*2*4883*5*4970*1*7045*2*7059*4*7063*5*7066*1*7069*2*7132*2*7146*2
SDQ*EA*ZZ*7208*17*7255*1*7274*9*7351*5*7353*4*7358*2*7362*3*7407*4*7437*1*7610*4
SDQ*EA*ZZ*7629*2*7637*2*7719*2*7754*9*9217*3*9547*1*9560*7*9571*2*9620*1*9621*4
SDQ*EA*ZZ*9629*2*9633*2*9639*2*9648*27*9674*7*9714*1*9728*2*9758*2
LIN**IN*025412011*ZZ*43*UP*831664001276*****DG*5*VS*00000
ZA*QS***006*20080421
CTP**UCP*2.45
SDQ*EA*ZZ*3661*2
CTT*2
SE*23*0008
ST*852*0009
XQ*H*20080422
N9*AD*T00000040
LIN**IN*033281811*ZZ*43*UP*831664001290*****DG*6*VS*00000
ZA*QS***006*20080421
CTP**UCP*3.4
SDQ*EA*ZZ*9735*1
CTT*1
SE*9*0009
ST*852*0010
XQ*H*20080422
N9*AD*T00000040
LIN**IN*039868311*ZZ*43*UP*831664001405*****DG*1*VS*00000
ZA*QS***006*20080421
CTP**UCP*2.95
SDQ*EA*ZZ*3084*7*3289*2*3359*1*3602*1*3644*9*3645*1*3646*18*3661*1*3672*5*3703*10
SDQ*EA*ZZ*3715*4*3773*1*3822*14*3848*12*3966*10*3994*1*3996*4*4093*3*4103*7*4122*2
SDQ*EA*ZZ*4202*2*4244*11*4308*4*4475*3*4717*1*4719*6*4769*1*4835*1*4883*4*7045*12
SDQ*EA*ZZ*7066*2*7069*3*7076*5*7132*5*7255*4*7274*4*7278*4*7358*5*7362*7*7460*2
SDQ*EA*ZZ*7610*2*7629*1*7637*1*7718*5*7719*12*7754*1*9571*7*9620*6*9621*3*9625*3
SDQ*EA*ZZ*9629*2*9633*6*9657*6*9674*16*9758*10
CTT*1
SE*14*0010
ST*852*0011
XQ*H*20080422
N9*AD*T00000040
LIN**IN*044488711*ZZ*43*UP*831664001306*****DG*1*VS*00000
ZA*QS***006*20080420
CTP**UCP*8.7
SDQ*EA*ZZ*5070*2
ZA*QS***006*20080421
CTP**UCP*8.7
SDQ*EA*ZZ*3143*2*3223*3*3632*1*3661*2*3675*1*3701*2*4093*1*4202*1*4244*3*4719*5
SDQ*EA*ZZ*4817*2*4970*3*7132*1*7274*4*7388*1*7460*3*9714*1
LIN**IN*044488711*ZZ*43*UP*831664001306*****DG*5*VS*00000
ZA*QS***006*20080421
CTP**UCP*8.7
SDQ*EA*ZZ*4202*1
CTT*2
SE*17*0011
ST*852*0012
XQ*H*20080422
N9*AD*T00000040
LIN**IN*048848711*ZZ*43*UP*831664001153*****DG*1*VS*00000
ZA*QS***006*20080421
CTP**UCP*3.4
SDQ*EA*ZZ*3661*1*4883*1*9629*1
CTT*1
SE*9*0012
ST*852*0013
XQ*H*20080422
N9*AD*T00000040
LIN**IN*053241411*ZZ*43*UP*831664001313*****DG*1*VS*00000
ZA*QS***006*20080420
CTP**UCP*1.44
SDQ*EA*ZZ*5014*32*5077*1
ZA*QS***006*20080421
CTP**UCP*1.44
SDQ*EA*ZZ*3022*5*3083*8*3084*16*3143*15*3223*6*3348*1*3359*4*3408*2*3644*2*3645*5
SDQ*EA*ZZ*3646*64*3661*6*3672*4*3675*1*3685*4*3701*1*3703*32*3715*6*3822*15*3836*4
SDQ*EA*ZZ*3848*6*3939*1*3941*24*3966*1*3996*6*4016*2*4093*10*4103*16*4137*2*4244*21
SDQ*EA*ZZ*4308*4*4312*4*4475*8*4717*19*4719*9*4739*4*4757*1*4758*2*4760*4*4872*3
SDQ*EA*ZZ*4898*7*4970*1*7045*4*7064*1*7066*33*7069*3*7132*1*7146*4*7154*3*7208*7
SDQ*EA*ZZ*7255*5*7274*14*7276*1*7354*1*7358*6*7362*7*7388*1*7407*3*7437*1*7460*1
SDQ*EA*ZZ*7461*9*7607*8*7610*6*7629*6*7637*17*7718*14*7719*1*7754*4*9513*4*9549*3
SDQ*EA*ZZ*9560*3*9571*6*9620*4*9621*2*9625*2*9629*4*9633*7*9639*1*9648*38*9674*9
SDQ*EA*ZZ*9758*15
CTT*1
SE*20*0013
ST*852*0014
XQ*H*20080422
N9*AD*T00000040
LIN**IN*096698911*ZZ*43*UP*831664001115*****DG*1*VS*00000
ZA*QS***006*20080421
CTP**UCP*10.25
SDQ*EA*ZZ*3063*7*3084*4*3143*2*3359*1*3632*1*3646*22*3660*1*3672*1*3703*27*3715*3
SDQ*EA*ZZ*3931*1*3941*2*3966*3*4093*2*4103*2*4189*1*4244*8*4475*1*4717*1*4719*10
SDQ*EA*ZZ*4817*2*4898*1*4970*2*7059*1*7064*1*7076*2*7132*1*7154*3*7255*4*7274*2
SDQ*EA*ZZ*7353*8*7358*21*7460*2*7558*1*7607*3*7610*1*7719*2*7754*1*9217*2*9629*2
SDQ*EA*ZZ*9633*3*9648*4*9735*7*9758*1
LIN**IN*096698911*ZZ*43*UP*831664001115*****DG*5*VS*00000
ZA*QS***006*20080421
CTP**UCP*10.25
SDQ*EA*ZZ*4475*2*4866*2*7607*2
CTT*2
SE*17*0014
ST*852*0015
XQ*H*20080422
N9*AD*T00000040
LIN**IN*096901411*ZZ*43*UP*831664001139*****DG*1*VS*00000
ZA*QS***006*20080421
CTP**UCP*2.95
SDQ*EA*ZZ*3063*1*3084*10*3143*4*3253*5*3359*2*3645*1*3646*17*3675*1*3703*29*3848*13
SDQ*EA*ZZ*3886*1*3994*1*4103*5*4198*1*4244*7*4475*3*4717*3*4719*8*4757*5*4769*1
SDQ*EA*ZZ*4817*3*4883*6*4970*6*7045*1*7066*5*7208*8*7274*2*7354*6*7358*4*7362*2
SDQ*EA*ZZ*9217*1*9513*3*9571*4*9620*5*9648*2
LIN**IN*096901411*ZZ*43*UP*831664001139*****DG*5*VS*00000
ZA*QS***006*20080421
CTP**UCP*2.95
SDQ*EA*ZZ*4103*1
CTT*2
SE*16*0015
ST*852*0016
XQ*H*20080422
N9*AD*T00000040
LIN**IN*096901811*ZZ*43*UP*831664001122*****DG*1*VS*00000
ZA*QS***006*20080421
CTP**UCP*4.85
SDQ*EA*ZZ*3022*2*3084*1*3143*2*3223*2*3240*3*3289*6*3646*21*3661*3*3672*1*3675*3
SDQ*EA*ZZ*3703*1*3836*2*3848*4*3941*3*3957*1*3994*1*3996*1*4122*1*4189*4*4198*1
SDQ*EA*ZZ*4308*1*4312*1*4719*7*4760*1*4866*1*4883*1*4970*1*7076*1*7208*2*7255*2
SDQ*EA*ZZ*7388*1*9217*1*9571*1*9621*1*9633*1*9648*1*9657*1*9728*1*9735*1*9758*2
CTT*1
SE*12*0016
ST*852*0017
XQ*H*20080422
N9*AD*T00000040
LIN**IN*096907311*ZZ*43*UP*831664001146*****DG*1*VS*00000
ZA*QS***006*20080421
CTP**UCP*6
SDQ*EA*ZZ*7255*2
CTT*1
SE*9*0017
ST*852*0018
XQ*H*20080422
N9*AD*T00000040
LIN**IN*097065711*ZZ*43*UP*831664000842*****DG*1*VS*00000
ZA*QS***006*20080420
CTP**UCP*6.6
SDQ*EA*ZZ*5023*10
ZA*QS***006*20080421
CTP**UCP*6.6
SDQ*EA*ZZ*3022*1*3063*4*3143*9*3147*2*3240*1*3348*3*3355*2*3359*1*3408*2*3632*1
SDQ*EA*ZZ*3646*23*3661*5*3672*4*3675*4*3703*17*3715*1*3836*5*3848*3*3876*2*3931*5
SDQ*EA*ZZ*3941*26*3966*1*4016*2*4033*2*4093*8*4103*5*4112*5*4189*2*4198*1*4202*1
SDQ*EA*ZZ*4244*26*4719*16*4758*2*4760*2*4777*1*4817*2*4866*5*4872*1*4883*2*4970*2
SDQ*EA*ZZ*7060*6*7069*5*7076*3*7132*8*7146*2*7276*2*7353*2*7358*5*7388*2*7407*2
SDQ*EA*ZZ*7460*1*7607*4*7610*1*7626*2*7637*1*7718*3*7719*3*7754*2*9217*2*9560*1
SDQ*EA*ZZ*9563*1*9571*1*9620*1*9621*21*9625*1*9629*3*9633*1*9639*4*9648*7*9758*9
LIN**IN*097065711*ZZ*43*UP*831664000842*****DG*5*VS*00000
ZA*QS***006*20080421
CTP**UCP*6.6
SDQ*EA*ZZ*4016*-1*7358*1*9620*4
LIN**IN*097065711*ZZ*43*UP*831664000842*****DG*8*VS*00000
ZA*QS***006*20080421
CTP**UCP*6.6
SDQ*EA*ZZ*4189*2
CTT*3
SE*26*0018
ST*852*0019
XQ*H*20080422
N9*AD*T00000040
LIN**IN*097095611*ZZ*43*UP*831664000019*****DG*1*VS*00000
ZA*QS***006*20080420
CTP**UCP*1.2
SDQ*EA*ZZ*5014*109*5023*28*5066*9
LIN**IN*097095611*ZZ*43*UP*831664000019*****DG*3*VS*00000
ZA*QS***006*20080420
CTP**UCP*1.2
SDQ*EA*ZZ*5070*41*5077*22
LIN**IN*097095611*ZZ*43*UP*831664000019*****DG*1*VS*00000
ZA*QS***006*20080421
CTP**UCP*1.2
SDQ*EA*ZZ*4137*84*9547*2
LIN**IN*097095611*ZZ*43*UP*831664000019*****DG*3*VS*00000
ZA*QS***006*20080421
CTP**UCP*1.2
SDQ*EA*ZZ*3022*74*3063*47*3083*93*3084*247*3143*259*3147*36*3194*52*3223*48*3240*45*3253*29
SDQ*EA*ZZ*3289*66*3348*52*3355*29*3359*44*3408*61*3428*16*3602*53*3632*20*3644*117*3645*57
SDQ*EA*ZZ*3646*407*3660*30*3661*155*3672*65*3675*73*3685*93*3701*39*3703*143*3713*97*3715*85
SDQ*EA*ZZ*3773*31*3808*37*3822*113*3836*46*3848*150*3852*52*3876*22*3886*19*3925*106*3931*14
SDQ*EA*ZZ*3939*27*3941*167*3957*21*3966*68*3967*3*3975*44*3978*128*3994*42*3996*96*4016*115
SDQ*EA*ZZ*4033*36*4071*41*4093*305*4103*263*4112*68*4122*27*4189*58*4198*118*4202*46*4244*303
SDQ*EA*ZZ*4308*63*4312*70*4475*61*4717*136*4719*243*4723*6*4739*38*4757*49*4758*14*4760*59
SDQ*EA*ZZ*4769*16*4777*60*4817*89*4835*54*4866*86*4872*11*4883*65*4898*51*4970*112*7043*50
SDQ*EA*ZZ*7045*37*7059*47*7060*40*7063*34*7064*21*7066*70*7069*109*7076*123*7132*195*7146*43
SDQ*EA*ZZ*7154*12*7208*161*7255*180*7274*77*7276*10*7278*8*7351*17*7353*38*7354*26*7358*207
SDQ*EA*ZZ*7362*80*7382*13*7388*38*7407*59*7437*32*7460*132*7461*40*7558*34*7607*112*7610*103
SDQ*EA*ZZ*7622*2*7626*28*7629*72*7637*27*7718*122*7719*101*7754*92*9129*1*9217*19*9320*69
SDQ*EA*ZZ*9513*76*9549*8*9560*65*9563*14*9571*102*9620*57*9621*93*9622*20*9625*42*9629*128
SDQ*EA*ZZ*9633*125*9639*55*9648*427*9657*69*9674*161*9714*85*9728*50*9735*49*9758*151
LIN**IN*097095611*ZZ*43*UP*831664000019*****DG*8*VS*00000
ZA*QS***006*20080421
CTP**UCP*1.2
SDQ*EA*ZZ*7719*1*9758*2
CTT*5
SE*38*0019
ST*852*0020
XQ*H*20080422
N9*AD*T00000040
LIN**IN*097095711*ZZ*43*UP*831664000255*****DG*1*VS*00000
ZA*QS***006*20080420
CTP**UCP*.92
SDQ*EA*ZZ*5014*15*5023*7
ZA*QS***006*20080421
CTP**UCP*.92
SDQ*EA*ZZ*3022*5*3084*14*3143*16*3147*5*3223*5*3253*1*3289*4*3355*11*3408*4*3602*4
SDQ*EA*ZZ*3632*20*3645*3*3646*22*3660*5*3661*9*3672*6*3675*6*3685*4*3701*15*3713*3
SDQ*EA*ZZ*3836*3*3852*7*3886*9*3941*18*3957*10*3975*3*3978*19*3996*16*4071*6*4112*7
SDQ*EA*ZZ*4137*21*4189*10*4198*29*4244*28*4719*6*4760*4*4835*10*4866*4*4872*1*4883*11
SDQ*EA*ZZ*4970*10*7066*1*7146*3*7154*9*7208*13*7255*13*7276*3*7278*3*7354*8*7358*9
SDQ*EA*ZZ*7382*1*7407*1*7558*4*7622*9*7626*4*7629*9*7637*7*7719*7*7754*19*9129*1
SDQ*EA*ZZ*9217*7*9513*3*9549*6*9560*4*9639*6*9648*63*9657*4*9674*4*9714*7*9735*3
CTT*1
SE*18*0020
ST*852*0021
XQ*H*20080422
N9*AD*T00000040
LIN**IN*097095811*ZZ*43*UP*831664000699*****DG*1*VS*00000
ZA*QS***006*20080420
CTP**UCP*.92
SDQ*EA*ZZ*5023*4*5070*8
ZA*QS***006*20080421
CTP**UCP*.92
SDQ*EA*ZZ*3022*9*3063*11*3083*4*3084*5*3143*4*3147*4*3223*1*3240*8*3289*10*3348*5
SDQ*EA*ZZ*3359*15*3408*7*3428*10*3602*9*3632*18*3644*2*3645*11*3646*19*3660*1*3661*2
SDQ*EA*ZZ*3672*3*3675*7*3685*2*3701*9*3703*25*3713*8*3715*22*3822*7*3836*2*3848*27
SDQ*EA*ZZ*3852*1*3876*4*3939*4*3941*11*3957*2*3966*6*3975*3*3978*6*3994*20*3996*7
SDQ*EA*ZZ*4016*7*4093*22*4103*43*4112*6*4137*26*4198*9*4202*8*4244*74*4308*28*4312*13
SDQ*EA*ZZ*4475*3*4717*17*4719*53*4723*10*4739*5*4758*8*4760*10*4817*5*4835*6*4866*3
SDQ*EA*ZZ*4872*3*4898*3*4970*2*7043*3*7059*2*7064*18*7069*4*7076*8*7132*6*7146*14
SDQ*EA*ZZ*7154*8*7208*17*7255*12*7274*14*7276*2*7278*8*7353*21*7354*2*7358*13*7382*2
SDQ*EA*ZZ*7388*20*7407*7*7437*7*7460*15*7558*2*7607*6*7610*10*7626*3*7629*10*7718*17
SDQ*EA*ZZ*7719*20*7754*24*9129*4*9217*4*9320*31*9563*2*9571*12*9620*14*9621*6*9625*6
SDQ*EA*ZZ*9629*5*9633*9*9639*13*9648*26*9657*14*9674*10*9714*14*9728*5
CTT*1
SE*22*0021
ST*852*0022
XQ*H*20080422
N9*AD*T00000040
LIN**IN*097095911*ZZ*43*UP*831664000675*****DG*1*VS*00000
ZA*QS***006*20080420
CTP**UCP*2
SDQ*EA*ZZ*5014*13*5023*1*5070*6*5077*1
ZA*QS***006*20080421
CTP**UCP*2
SDQ*EA*ZZ*3022*3*3083*20*3084*4*3143*5*3147*2*3194*8*3289*2*3348*3*3359*1*3408*4
SDQ*EA*ZZ*3428*2*3602*12*3632*8*3644*6*3661*2*3672*10*3701*1*3713*18*3715*3*3822*5
SDQ*EA*ZZ*3836*1*3848*15*3925*2*3941*5*3957*1*3966*6*3978*13*3994*12*3996*5*4016*1
SDQ*EA*ZZ*4033*8*4093*25*4103*3*4112*4*4122*2*4137*2*4198*2*4202*6*4244*2*4308*2
SDQ*EA*ZZ*4312*5*4475*5*4717*3*4719*5*4760*9*4769*1*4817*4*4835*8*4872*2*4883*4
SDQ*EA*ZZ*4898*3*7043*2*7063*5*7064*9*7066*9*7076*16*7132*9*7154*1*7276*15*7351*2
SDQ*EA*ZZ*7353*2*7358*6*7362*1*7407*3*7437*6*7460*5*7461*1*7607*6*7610*12*7622*1
SDQ*EA*ZZ*7629*12*7637*1*7718*2*7719*2*9217*5*9560*7*9571*11*9620*3*9621*2*9622*2
SDQ*EA*ZZ*9629*4*9633*5*9639*3*9648*14*9657*16*9674*13*9728*3*9758*3
LIN**IN*097095911*ZZ*43*UP*831664000675*****DG*8*VS*00000
ZA*QS***006*20080421
CTP**UCP*2
SDQ*EA*ZZ*3994*2
CTT*2
SE*24*0022
ST*852*0023
XQ*H*20080422
N9*AD*T00000040
LIN**IN*097096011*ZZ*43*UP*831664000682*****DG*1*VS*00000
ZA*QS***006*20080420
CTP**UCP*1.4
SDQ*EA*ZZ*5014*13*5070*4
ZA*QS***006*20080421
CTP**UCP*1.4
SDQ*EA*ZZ*3022*6*3083*4*3253*2*3289*3*3632*9*3646*7*3661*15*3675*7*3685*4*3703*20
SDQ*EA*ZZ*3773*2*3886*5*3941*14*3975*7*3978*26*4016*17*4112*1*4137*9*4189*1*4198*19
SDQ*EA*ZZ*4202*6*4719*22*4777*2*4970*1*7059*1*7063*1*7064*3*7069*9*7132*1*7146*1
SDQ*EA*ZZ*7208*1*7274*8*7276*5*7353*7*7437*1*7558*2*7607*13*7622*1*7629*5*7718*18
SDQ*EA*ZZ*9513*4*9563*4*9629*4*9633*6*9648*5*9714*1
CTT*1
SE*16*0023
ST*852*0024
XQ*H*20080422
N9*AD*T00000040
LIN**IN*097096111*ZZ*43*UP*831664000330*****DG*1*VS*00000
ZA*QS***006*20080420
CTP**UCP*2
SDQ*EA*ZZ*5014*14*5070*11
ZA*QS***006*20080421
CTP**UCP*2
SDQ*EA*ZZ*3022*4*3083*17*3084*7*3143*5*3147*1*3223*8*3240*4*3289*11*3348*2*3355*9
SDQ*EA*ZZ*3408*2*3428*2*3632*3*3645*13*3646*28*3660*2*3661*6*3672*6*3675*4*3685*1
SDQ*EA*ZZ*3701*5*3703*24*3713*17*3773*1*3836*4*3925*2*3939*5*3941*5*3967*7*3975*11
SDQ*EA*ZZ*3978*3*3996*2*4016*3*4137*17*4189*11*4198*15*4202*7*4244*64*4717*9*4719*8
SDQ*EA*ZZ*4723*1*4739*3*4757*1*4866*1*4898*1*4970*26*7043*2*7059*10*7063*2*7064*17
SDQ*EA*ZZ*7069*7*7132*18*7146*3*7154*1*7208*10*7274*17*7276*8*7278*3*7353*3*7358*14
SDQ*EA*ZZ*7382*4*7407*10*7437*3*7460*7*7461*8*7558*4*7607*1*7610*3*7629*7*7637*1
SDQ*EA*ZZ*7718*1*7719*12*7754*27*9217*20*9513*21*9563*5*9625*2*9633*4*9648*46*9657*10
SDQ*EA*ZZ*9674*19*9714*6*9735*2*9758*18
LIN**IN*097096111*ZZ*43*UP*831664000330*****DG*5*VS*00000
ZA*QS***006*20080421
CTP**UCP*2
SDQ*EA*ZZ*9648*4
CTT*2
SE*24*0024
ST*852*0025
XQ*H*20080422
N9*AD*T00000040
LIN**IN*097096211*ZZ*43*UP*831664000941*****DG*1*VS*00000
ZA*QS***006*20080421
CTP**UCP*2.45
SDQ*EA*ZZ*3083*5*3143*1*3240*3*3408*1*3645*1*3646*5*3672*3*3701*4*3703*9*3713*2
SDQ*EA*ZZ*3876*1*3941*2*3978*1*3996*1*4016*4*4198*4*4202*3*4244*9*4475*1*4769*1
SDQ*EA*ZZ*4777*3*7043*2*7060*1*7064*2*7066*2*7132*4*7255*1*7274*1*7276*5*7354*1
SDQ*EA*ZZ*7407*5*7460*1*7629*5*7719*2*9320*2*9621*2*9648*8*9674*2*9758*3
CTT*1
SE*12*0025
ST*852*0026
XQ*H*20080422
N9*AD*T00000040
LIN**IN*097096311*ZZ*43*UP*831664000743*****DG*1*VS*00000
ZA*QS***006*20080420
CTP**UCP*2.95
SDQ*EA*ZZ*5014*7*5023*1*5070*3*5077*2
ZA*QS***006*20080421
CTP**UCP*2.95
SDQ*EA*ZZ*3022*12*3063*4*3083*3*3084*10*3143*20*3194*5*3240*4*3348*2*3359*5*3408*2
SDQ*EA*ZZ*3602*2*3632*5*3644*8*3645*1*3646*36*3661*1*3685*2*3701*4*3703*12*3713*5
SDQ*EA*ZZ*3715*9*3822*7*3848*8*3876*6*3886*4*3931*1*3941*16*3966*3*3978*8*3994*6
SDQ*EA*ZZ*4016*16*4033*1*4093*5*4103*32*4112*5*4137*1*4189*3*4202*6*4244*15*4312*1
SDQ*EA*ZZ*4475*6*4717*1*4719*6*4757*3*4760*6*4769*1*4777*2*4835*4*4883*3*4898*2
SDQ*EA*ZZ*4970*2*7043*3*7045*2*7060*3*7063*5*7066*1*7069*3*7076*9*7132*4*7146*9
SDQ*EA*ZZ*7154*8*7208*3*7255*14*7274*5*7353*2*7354*1*7358*6*7362*2*7382*1*7407*7
SDQ*EA*ZZ*7437*5*7460*13*7461*1*7558*2*7607*12*7610*7*7626*3*7629*4*7637*7*7718*5
SDQ*EA*ZZ*7719*4*9129*1*9217*1*9513*1*9549*1*9560*6*9620*2*9621*19*9622*3*9625*2
SDQ*EA*ZZ*9629*9*9633*24*9639*6*9648*22*9657*5*9674*7*9714*4*9728*1*9735*16*9758*6
CTT*1
SE*21*0026
ST*852*0027
XQ*H*20080422
N9*AD*T00000040
LIN**IN*097096411*ZZ*43*UP*831664000453*****DG*1*VS*00000
ZA*QS***006*20080420
CTP**UCP*4.8
SDQ*EA*ZZ*5014*10*5023*3
ZA*QS***006*20080421
CTP**UCP*4.8
SDQ*EA*ZZ*3022*1*3063*10*3083*9*3084*8*3143*7*3194*1*3223*5*3240*1*3253*2*3289*8
SDQ*EA*ZZ*3348*3*3359*3*3408*9*3428*2*3602*7*3632*4*3644*7*3646*35*3661*1*3672*4
SDQ*EA*ZZ*3675*1*3701*4*3703*20*3713*3*3715*7*3822*12*3848*7*3852*3*3886*3*3925*1
SDQ*EA*ZZ*3931*3*3941*10*3966*6*3967*3*3975*3*3978*12*3994*5*3996*4*4016*3*4033*2
SDQ*EA*ZZ*4071*6*4093*28*4103*15*4112*3*4122*6*4137*1*4189*4*4198*4*4202*10*4244*24
SDQ*EA*ZZ*4312*10*4475*6*4717*6*4719*9*4757*3*4758*4*4760*8*4769*4*4817*8*4835*2
SDQ*EA*ZZ*4866*5*4872*4*4898*2*7043*1*7045*2*7059*1*7060*5*7063*8*7066*5*7069*8
SDQ*EA*ZZ*7076*7*7132*4*7154*12*7208*5*7255*6*7274*6*7276*6*7278*1*7351*5*7353*6
SDQ*EA*ZZ*7354*7*7358*8*7362*1*7388*2*7407*2*7437*6*7460*10*7461*3*7558*3*7607*7
SDQ*EA*ZZ*7610*5*7622*3*7629*3*7718*6*7719*2*7754*3*9129*1*9513*1*9549*3*9563*1
SDQ*EA*ZZ*9571*18*9620*1*9621*6*9622*3*9625*8*9629*3*9633*9*9639*1*9648*38*9657*3
SDQ*EA*ZZ*9674*10*9714*1*9735*9*9758*13
LIN**IN*097096411*ZZ*43*UP*831664000453*****DG*3*VS*00000
ZA*QS***006*20080421
CTP**UCP*4.8
SDQ*EA*ZZ*4883*3*4970*9
LIN**IN*097096411*ZZ*43*UP*831664000453*****DG*5*VS*00000
ZA*QS***006*20080421
CTP**UCP*4.8
SDQ*EA*ZZ*3661*2*7069*2*9217*3
LIN**IN*097096411*ZZ*43*UP*831664000453*****DG*8*VS*00000
ZA*QS***006*20080421
CTP**UCP*4.8
SDQ*EA*ZZ*9217*1
CTT*4
SE*35*0027
ST*852*0028
XQ*H*20080422
N9*AD*T00000040
LIN**IN*097096511*ZZ*43*UP*831664000460*****DG*1*VS*00000
ZA*QS***006*20080420
CTP**UCP*5.95
SDQ*EA*ZZ*5014*15*5077*1
LIN**IN*097096511*ZZ*43*UP*831664000460*****DG*3*VS*00000
ZA*QS***006*20080420
CTP**UCP*5.95
SDQ*EA*ZZ*5070*3
LIN**IN*097096511*ZZ*43*UP*831664000460*****DG*1*VS*00000
ZA*QS***006*20080421
CTP**UCP*5.95
SDQ*EA*ZZ*3147*1*3886*2*4137*1*4872*1*4883*6*4970*14*7276*5*7353*3*7382*1*7622*2
SDQ*EA*ZZ*7626*4
LIN**IN*097096511*ZZ*43*UP*831664000460*****DG*3*VS*00000
ZA*QS***006*20080421
CTP**UCP*5.95
SDQ*EA*ZZ*3063*1*3083*1*3084*5*3143*9*3223*4*3240*2*3289*1*3355*5*3408*3*3428*2
SDQ*EA*ZZ*3602*3*3632*2*3644*5*3646*18*3660*1*3661*3*3672*1*3675*2*3685*2*3701*6
SDQ*EA*ZZ*3703*13*3713*3*3715*4*3822*4*3836*4*3848*5*3931*1*3941*6*3975*1*3978*6
SDQ*EA*ZZ*4016*2*4033*1*4071*2*4093*21*4103*7*4122*2*4198*2*4202*7*4244*16*4308*2
SDQ*EA*ZZ*4312*4*4475*2*4717*3*4719*5*4723*1*4739*2*4760*2*4817*4*4835*1*4866*6
SDQ*EA*ZZ*4898*5*7043*6*7045*1*7059*2*7060*2*7064*8*7066*6*7076*5*7132*1*7154*1
SDQ*EA*ZZ*7208*5*7255*5*7274*6*7278*3*7354*1*7358*7*7388*1*7407*1*7460*2*7558*2
SDQ*EA*ZZ*7607*1*7629*5*7718*2*7754*1*9513*4*9560*1*9571*5*9620*1*9621*1*9622*2
SDQ*EA*ZZ*9625*3*9629*2*9633*6*9639*2*9648*13*9657*2*9674*5*9714*3*9735*2*9758*7
LIN**IN*097096511*ZZ*43*UP*831664000460*****DG*8*VS*00000
ZA*QS***006*20080421
CTP**UCP*5.95
SDQ*EA*ZZ*9217*2
CTT*5
SE*34*0028
ST*852*0029
XQ*H*20080422
N9*AD*T00000040
LIN**IN*097096711*ZZ*43*UP*831664000484*****DG*1*VS*00000
ZA*QS***006*20080420
CTP**UCP*8
SDQ*EA*ZZ*5014*3*5023*1*5066*1*5077*3
ZA*QS***006*20080421
CTP**UCP*8
SDQ*EA*ZZ*3083*1*3084*4*3143*1*3223*2*3348*2*3359*1*3644*1*3646*7*3661*2*3672*2
SDQ*EA*ZZ*3701*2*3703*2*3713*1*3715*1*3773*1*3808*3*3822*2*3848*2*3941*1*3975*1
SDQ*EA*ZZ*4103*2*4198*1*4244*1*4475*1*4866*1*7043*1*7059*3*7076*1*7132*12*7208*3
SDQ*EA*ZZ*7255*1*7274*2*7353*1*7358*4*7382*1*7558*1*7607*2*7626*1*7719*6*9129*1
SDQ*EA*ZZ*9549*1*9633*3*9648*4*9735*4*9758*1
LIN**IN*097096711*ZZ*43*UP*831664000484*****DG*5*VS*00000
ZA*QS***006*20080421
CTP**UCP*8
SDQ*EA*ZZ*7274*1
CTT*2
SE*20*0029
ST*852*0030
XQ*H*20080422
N9*AD*T00000040
LIN**IN*097096911*ZZ*43*UP*831664000491*****DG*1*VS*00000
ZA*QS***006*20080421
CTP**UCP*8.75
SDQ*EA*ZZ*3822*1
CTT*1
SE*9*0030
ST*852*0031
XQ*H*20080422
N9*AD*T00000040
LIN**IN*097097211*ZZ*43*UP*831664000651*****DG*1*VS*00000
ZA*QS***006*20080421
CTP**UCP*1.55
SDQ*EA*ZZ*3083*5*3084*8*3348*2*3359*8*3644*9*3646*31*3703*2*3715*11*3822*6*3836*4
SDQ*EA*ZZ*3941*9*4093*6*4103*12*4244*14*4308*3*4312*3*4717*6*4719*30*4817*5*4883*3
SDQ*EA*ZZ*4970*15*7064*3*7066*4*7069*11*7076*6*7132*4*7255*8*7358*2*7460*1*7461*2
SDQ*EA*ZZ*7718*7*7719*17*9620*4*9621*6*9633*5*9648*2*9674*7*9728*3*9735*9*9758*10
CTT*1
SE*12*0031
ST*852*0032
XQ*H*20080422
N9*AD*T00000040
LIN**IN*097097611*ZZ*43*UP*831664000514*****DG*1*VS*00000
ZA*QS***006*20080421
CTP**UCP*1.4
SDQ*EA*ZZ*7043*2*7358*1
CTT*1
SE*9*0032
ST*852*0033
XQ*H*20080422
N9*AD*T00000040
LIN**IN*097097711*ZZ*43*UP*831664000521*****DG*1*VS*00000
ZA*QS***006*20080421
CTP**UCP*1.75
SDQ*EA*ZZ*7255*2
CTT*1
SE*9*0033
GE*33*321
IEA*1*000000321
*** SUPERTRACS READY FOR INPUT
