ISA*00*          *00*          *09*006985290EFT   *12*6154525825     *050725*1440*U*00400*000100291*0*P*>
GS*RA*006985290EFT*6154525825*20050725*14401299*100200*X*004010
ST*820*000000001
BPR*I*13490.37*C*ACH*CCP*01*021000018*DA*0300955622*9008965873**01*064102601*DA*3000289*20050726*VEN
TRN*3*770131353*9008965873
DTM*097*20050725
N1*PR*KMART CORPORATION*1*008965873
N1*PE*YOUNGS FARMS*92*00069099588
N1*SE*YOUNGS FARMS*92*00069099588
ENT*1
RMR*IK*306320050623*PI*6.56*6.56*0
REF*PO*0020050624
REF*ST*03063
REF*DP*043
DTM*999*20050623
RMR*IK*306320050624*PI*8.26*8.26*0
REF*PO*0020050625
REF*ST*03063
REF*DP*043
DTM*999*20050624
RMR*IK*306320050625*PI*6.38*6.38*0
REF*PO*0020050626
REF*ST*03063
REF*DP*043
DTM*999*20050625
RMR*IK*306320050626*PI*3.48*3.48*0
REF*PO*0020050627
REF*ST*03063
REF*DP*043
DTM*999*20050626
RMR*IK*306320050627*PI*7.42*7.42*0
REF*PO*0020050628
REF*ST*03063
REF*DP*043
DTM*999*20050627
RMR*IK*308320050624*PI*4*4*0
REF*PO*0020050625
REF*ST*03083
REF*DP*043
DTM*999*20050624
RMR*IK*308420050623*PI*4.8*4.8*0
REF*PO*0020050624
REF*ST*03084
REF*DP*043
DTM*999*20050623
RMR*IK*308420050624*PI*7.2*7.2*0
REF*PO*0020050625
REF*ST*03084
REF*DP*043
DTM*999*20050624
RMR*IK*308420050625*PI*2.4*2.4*0
REF*PO*0020050626
REF*ST*03084
REF*DP*043
DTM*999*20050625
RMR*IK*308420050626*PI*9.6*9.6*0
REF*PO*0020050627
REF*ST*03084
REF*DP*043
DTM*999*20050626
RMR*IK*308420050627*PI*108*108*0
REF*PO*0020050628
REF*ST*03084
REF*DP*043
DTM*999*20050627
RMR*IK*308420050628*PI*84*84*0
REF*PO*0020050629
REF*ST*03084
REF*DP*043
DTM*999*20050628
RMR*IK*308420050629*PI*33.6*33.6*0
REF*PO*0020050630
REF*ST*03084
REF*DP*043
DTM*999*20050629
RMR*IK*310320050623*PI*1.9*1.9*0
REF*PO*0020050624
REF*ST*03103
REF*DP*043
DTM*999*20050623
RMR*IK*310320050624*PI*26.18*26.18*0
REF*PO*0020050625
REF*ST*03103
REF*DP*043
DTM*999*20050624
RMR*IK*310320050625*PI*26.4*26.4*0
REF*PO*0020050626
REF*ST*03103
REF*DP*043
DTM*999*20050625
RMR*IK*310320050626*PI*4.14*4.14*0
REF*PO*0020050627
REF*ST*03103
REF*DP*043
DTM*999*20050626
RMR*IK*310320050627*PI*16.49*16.49*0
REF*PO*0020050628
REF*ST*03103
REF*DP*043
DTM*999*20050627
RMR*IK*310320050628*PI*1.14*1.14*0
REF*PO*0020050629
REF*ST*03103
REF*DP*043
DTM*999*20050628
RMR*IK*310320050629*PI*1.14*1.14*0
REF*PO*0020050630
REF*ST*03103
REF*DP*043
DTM*999*20050629
RMR*IK*314320050623*PI*24.38*24.38*0
REF*PO*0020050624
REF*ST*03143
REF*DP*043
DTM*999*20050623
RMR*IK*314320050624*PI*6*6*0
REF*PO*0020050625
REF*ST*03143
REF*DP*043
DTM*999*20050624
RMR*IK*314320050625*PI*7.16*7.16*0
REF*PO*0020050626
REF*ST*03143
REF*DP*043
DTM*999*20050625
RMR*IK*314320050627*PI*6.77*6.77*0
REF*PO*0020050628
REF*ST*03143
REF*DP*043
DTM*999*20050627
RMR*IK*314320050628*PI*5.28*5.28*0
REF*PO*0020050629
REF*ST*03143
REF*DP*043
DTM*999*20050628
RMR*IK*314320050629*PI*12.72*12.72*0
REF*PO*0020050630
REF*ST*03143
REF*DP*043
DTM*999*20050629
RMR*IK*319420050623*PI*1.5*1.5*0
REF*PO*0020050624
REF*ST*03194
REF*DP*043
DTM*999*20050623
RMR*IK*319420050624*PI*5.49*5.49*0
REF*PO*0020050625
REF*ST*03194
REF*DP*043
DTM*999*20050624
RMR*IK*319420050625*PI*7.52*7.52*0
REF*PO*0020050626
REF*ST*03194
REF*DP*043
DTM*999*20050625
RMR*IK*319420050626*PI*2.91*2.91*0
REF*PO*0020050627
REF*ST*03194
REF*DP*043
DTM*999*20050626
RMR*IK*319420050628*PI*6.45*6.45*0
REF*PO*0020050629
REF*ST*03194
REF*DP*043
DTM*999*20050628
RMR*IK*319420050629*PI*7.95*7.95*0
REF*PO*0020050630
REF*ST*03194
REF*DP*043
DTM*999*20050629
RMR*IK*334820050625*PI*3*3*0
REF*PO*0020050626
REF*ST*03348
REF*DP*043
DTM*999*20050625
RMR*IK*334820050626*PI*3.65*3.65*0
REF*PO*0020050627
REF*ST*03348
REF*DP*043
DTM*999*20050626
RMR*IK*334820050627*PI*5.25*5.25*0
REF*PO*0020050628
REF*ST*03348
REF*DP*043
DTM*999*20050627
RMR*IK*334820050628*PI*2.6*2.6*0
REF*PO*0020050629
REF*ST*03348
REF*DP*043
DTM*999*20050628
RMR*IK*335920050623*PI*10.2*10.2*0
REF*PO*0020050624
REF*ST*03359
REF*DP*043
DTM*999*20050623
RMR*IK*335920050624*PI*19.08*19.08*0
REF*PO*0020050625
REF*ST*03359
REF*DP*043
DTM*999*20050624
RMR*IK*335920050625*PI*4.94*4.94*0
REF*PO*0020050626
REF*ST*03359
REF*DP*043
DTM*999*20050625
RMR*IK*335920050626*PI*1.52*1.52*0
REF*PO*0020050627
REF*ST*03359
REF*DP*043
DTM*999*20050626
RMR*IK*335920050627*PI*51*51*0
REF*PO*0020050628
REF*ST*03359
REF*DP*043
DTM*999*20050627
RMR*IK*335920050628*PI*45.6*45.6*0
REF*PO*0020050629
REF*ST*03359
REF*DP*043
DTM*999*20050628
RMR*IK*335920050629*PI*9.6*9.6*0
REF*PO*0020050630
REF*ST*03359
REF*DP*043
DTM*999*20050629
RMR*IK*340820050623*PI*.75*.75*0
REF*PO*0020050624
REF*ST*03408
REF*DP*043
DTM*999*20050623
RMR*IK*340820050624*PI*4*4*0
REF*PO*0020050625
REF*ST*03408
REF*DP*043
DTM*999*20050624
RMR*IK*360220050623*PI*26.37*26.37*0
REF*PO*0020050624
REF*ST*03602
REF*DP*043
DTM*999*20050623
RMR*IK*360220050624*PI*77.06*77.06*0
REF*PO*0020050625
REF*ST*03602
REF*DP*043
DTM*999*20050624
RMR*IK*360220050625*PI*93.79*93.79*0
REF*PO*0020050626
REF*ST*03602
REF*DP*043
DTM*999*20050625
RMR*IK*360220050626*PI*15.73*15.73*0
REF*PO*0020050627
REF*ST*03602
REF*DP*043
DTM*999*20050626
RMR*IK*360220050627*PI*14.38*14.38*0
REF*PO*0020050628
REF*ST*03602
REF*DP*043
DTM*999*20050627
RMR*IK*360220050628*PI*8.25*8.25*0
REF*PO*0020050629
REF*ST*03602
REF*DP*043
DTM*999*20050628
RMR*IK*360220050629*PI*8.8*8.8*0
REF*PO*0020050630
REF*ST*03602
REF*DP*043
DTM*999*20050629
RMR*IK*364420050623*PI*82.08*82.08*0
REF*PO*0020050624
REF*ST*03644
REF*DP*043
DTM*999*20050623
RMR*IK*364420050624*PI*51.64*51.64*0
REF*PO*0020050625
REF*ST*03644
REF*DP*043
DTM*999*20050624
RMR*IK*364420050625*PI*103.31*103.31*0
REF*PO*0020050626
REF*ST*03644
REF*DP*043
DTM*999*20050625
RMR*IK*364420050626*PI*22.69*22.69*0
REF*PO*0020050627
REF*ST*03644
REF*DP*043
DTM*999*20050626
RMR*IK*364420050627*PI*30.59*30.59*0
REF*PO*0020050628
REF*ST*03644
REF*DP*043
DTM*999*20050627
RMR*IK*364420050628*PI*28.78*28.78*0
REF*PO*0020050629
REF*ST*03644
REF*DP*043
DTM*999*20050628
RMR*IK*364420050629*PI*30.94*30.94*0
REF*PO*0020050630
REF*ST*03644
REF*DP*043
DTM*999*20050629
RMR*IK*364620050623*PI*13.84*13.84*0
REF*PO*0020050624
REF*ST*03646
REF*DP*043
DTM*999*20050623
RMR*IK*364620050624*PI*8.7*8.7*0
REF*PO*0020050625
REF*ST*03646
REF*DP*043
DTM*999*20050624
RMR*IK*364620050625*PI*20.86*20.86*0
REF*PO*0020050626
REF*ST*03646
REF*DP*043
DTM*999*20050625
RMR*IK*364620050626*PI*9.04*9.04*0
REF*PO*0020050627
REF*ST*03646
REF*DP*043
DTM*999*20050626
RMR*IK*364620050627*PI*7.31*7.31*0
REF*PO*0020050628
REF*ST*03646
REF*DP*043
DTM*999*20050627
RMR*IK*364620050628*PI*1.52*1.52*0
REF*PO*0020050629
REF*ST*03646
REF*DP*043
DTM*999*20050628
RMR*IK*364620050629*PI*13.7*13.7*0
REF*PO*0020050630
REF*ST*03646
REF*DP*043
DTM*999*20050629
RMR*IK*366020050623*PI*24.01*24.01*0
REF*PO*0020050624
REF*ST*03660
REF*DP*043
DTM*999*20050623
RMR*IK*366020050624*PI*22.5*22.5*0
REF*PO*0020050625
REF*ST*03660
REF*DP*043
DTM*999*20050624
RMR*IK*366020050625*PI*34.5*34.5*0
REF*PO*0020050626
REF*ST*03660
REF*DP*043
DTM*999*20050625
RMR*IK*366020050626*PI*9.04*9.04*0
REF*PO*0020050627
REF*ST*03660
REF*DP*043
DTM*999*20050626
RMR*IK*366020050627*PI*11.5*11.5*0
REF*PO*0020050628
REF*ST*03660
REF*DP*043
DTM*999*20050627
RMR*IK*366020050628*PI*24*24*0
REF*PO*0020050629
REF*ST*03660
REF*DP*043
DTM*999*20050628
RMR*IK*366020050629*PI*3.76*3.76*0
REF*PO*0020050630
REF*ST*03660
REF*DP*043
DTM*999*20050629
RMR*IK*367220050623*PI*11.28*11.28*0
REF*PO*0020050624
REF*ST*03672
REF*DP*043
DTM*999*20050623
RMR*IK*367220050624*PI*6.45*6.45*0
REF*PO*0020050625
REF*ST*03672
REF*DP*043
DTM*999*20050624
RMR*IK*367220050625*PI*4.5*4.5*0
REF*PO*0020050626
REF*ST*03672
REF*DP*043
DTM*999*20050625
RMR*IK*367220050626*PI*7.5*7.5*0
REF*PO*0020050627
REF*ST*03672
REF*DP*043
DTM*999*20050626
RMR*IK*367220050627*PI*2.1*2.1*0
REF*PO*0020050628
REF*ST*03672
REF*DP*043
DTM*999*20050627
RMR*IK*367220050628*PI*1.16*1.16*0
REF*PO*0020050629
REF*ST*03672
REF*DP*043
DTM*999*20050628
RMR*IK*367220050629*PI*3.38*3.38*0
REF*PO*0020050630
REF*ST*03672
REF*DP*043
DTM*999*20050629
RMR*IK*368520050623*PI*9.01*9.01*0
REF*PO*0020050624
REF*ST*03685
REF*DP*043
DTM*999*20050623
RMR*IK*368520050624*PI*4.72*4.72*0
REF*PO*0020050625
REF*ST*03685
REF*DP*043
DTM*999*20050624
RMR*IK*368520050625*PI*20.39*20.39*0
REF*PO*0020050626
REF*ST*03685
REF*DP*043
DTM*999*20050625
RMR*IK*368520050628*PI*4.5*4.5*0
REF*PO*0020050629
REF*ST*03685
REF*DP*043
DTM*999*20050628
RMR*IK*368520050629*PI*6.91*6.91*0
REF*PO*0020050630
REF*ST*03685
REF*DP*043
DTM*999*20050629
RMR*IK*370320050623*PI*120.83*120.83*0
REF*PO*0020050624
REF*ST*03703
REF*DP*043
DTM*999*20050623
RMR*IK*370320050624*PI*56*56*0
REF*PO*0020050625
REF*ST*03703
REF*DP*043
DTM*999*20050624
RMR*IK*370320050625*PI*44.58*44.58*0
REF*PO*0020050626
REF*ST*03703
REF*DP*043
DTM*999*20050625
RMR*IK*370320050626*PI*18.42*18.42*0
REF*PO*0020050627
REF*ST*03703
REF*DP*043
DTM*999*20050626
RMR*IK*370320050627*PI*55.18*55.18*0
REF*PO*0020050628
REF*ST*03703
REF*DP*043
DTM*999*20050627
RMR*IK*370320050628*PI*42.34*42.34*0
REF*PO*0020050629
REF*ST*03703
REF*DP*043
DTM*999*20050628
RMR*IK*370320050629*PI*8.26*8.26*0
REF*PO*0020050630
REF*ST*03703
REF*DP*043
DTM*999*20050629
RMR*IK*371320050623*PI*3.75*3.75*0
REF*PO*0020050624
REF*ST*03713
REF*DP*043
DTM*999*20050623
RMR*IK*371320050624*PI*.75*.75*0
REF*PO*0020050625
REF*ST*03713
REF*DP*043
DTM*999*20050624
RMR*IK*371320050625*PI*.75*.75*0
REF*PO*0020050626
REF*ST*03713
REF*DP*043
DTM*999*20050625
RMR*IK*371320050626*PI*9*9*0
REF*PO*0020050627
REF*ST*03713
REF*DP*043
DTM*999*20050626
RMR*IK*371520050623*PI*57*57*0
REF*PO*0020050624
REF*ST*03715
REF*DP*043
DTM*999*20050623
RMR*IK*371520050624*PI*62.68*62.68*0
REF*PO*0020050625
REF*ST*03715
REF*DP*043
DTM*999*20050624
RMR*IK*371520050625*PI*61.28*61.28*0
REF*PO*0020050626
REF*ST*03715
REF*DP*043
DTM*999*20050625
RMR*IK*371520050626*PI*36.64*36.64*0
REF*PO*0020050627
REF*ST*03715
REF*DP*043
DTM*999*20050626
RMR*IK*371520050627*PI*22.7*22.7*0
REF*PO*0020050628
REF*ST*03715
REF*DP*043
DTM*999*20050627
RMR*IK*371520050628*PI*49.77*49.77*0
REF*PO*0020050629
REF*ST*03715
REF*DP*043
DTM*999*20050628
RMR*IK*371520050629*PI*32.93*32.93*0
REF*PO*0020050630
REF*ST*03715
REF*DP*043
DTM*999*20050629
RMR*IK*382220050627*PI*4.8*4.8*0
REF*PO*0020050628
REF*ST*03822
REF*DP*043
DTM*999*20050627
RMR*IK*383620050623*PI*2.46*2.46*0
REF*PO*0020050624
REF*ST*03836
REF*DP*043
DTM*999*20050623
RMR*IK*383620050624*PI*16.74*16.74*0
REF*PO*0020050625
REF*ST*03836
REF*DP*043
DTM*999*20050624
RMR*IK*383620050625*PI*11.79*11.79*0
REF*PO*0020050626
REF*ST*03836
REF*DP*043
DTM*999*20050625
RMR*IK*383620050626*PI*22.73*22.73*0
REF*PO*0020050627
REF*ST*03836
REF*DP*043
DTM*999*20050626
RMR*IK*383620050627*PI*23.49*23.49*0
REF*PO*0020050628
REF*ST*03836
REF*DP*043
DTM*999*20050627
RMR*IK*383620050628*PI*26.55*26.55*0
REF*PO*0020050629
REF*ST*03836
REF*DP*043
DTM*999*20050628
RMR*IK*383620050629*PI*13.05*13.05*0
REF*PO*0020050701
REF*ST*03836
REF*DP*043
DTM*999*20050629
RMR*IK*383620050629*PI*4.28*4.28*0
REF*PO*0020050630
REF*ST*03836
REF*DP*043
DTM*999*20050629
RMR*IK*384820050623*PI*17.16*17.16*0
REF*PO*0020050624
REF*ST*03848
REF*DP*043
DTM*999*20050623
RMR*IK*384820050624*PI*19.25*19.25*0
REF*PO*0020050625
REF*ST*03848
REF*DP*043
DTM*999*20050624
RMR*IK*384820050625*PI*16.52*16.52*0
REF*PO*0020050626
REF*ST*03848
REF*DP*043
DTM*999*20050625
RMR*IK*384820050626*PI*6.41*6.41*0
REF*PO*0020050627
REF*ST*03848
REF*DP*043
DTM*999*20050626
RMR*IK*384820050627*PI*9.05*9.05*0
REF*PO*0020050628
REF*ST*03848
REF*DP*043
DTM*999*20050627
RMR*IK*384820050628*PI*5.5*5.5*0
REF*PO*0020050629
REF*ST*03848
REF*DP*043
DTM*999*20050628
RMR*IK*384820050629*PI*5.75*5.75*0
REF*PO*0020050630
REF*ST*03848
REF*DP*043
DTM*999*20050629
RMR*IK*387620050629*PI*6*6*0
REF*PO*0020050630
REF*ST*03876
REF*DP*043
DTM*999*20050629
RMR*IK*392920050623*PI*37.2*37.2*0
REF*PO*0020050624
REF*ST*03929
REF*DP*043
DTM*999*20050623
RMR*IK*392920050624*PI*8.3*8.3*0
REF*PO*0020050625
REF*ST*03929
REF*DP*043
DTM*999*20050624
RMR*IK*392920050625*PI*22.89*22.89*0
REF*PO*0020050626
REF*ST*03929
REF*DP*043
DTM*999*20050625
RMR*IK*392920050626*PI*4.5*4.5*0
REF*PO*0020050627
REF*ST*03929
REF*DP*043
DTM*999*20050626
RMR*IK*392920050627*PI*9*9*0
REF*PO*0020050628
REF*ST*03929
REF*DP*043
DTM*999*20050627
RMR*IK*392920050629*PI*6*6*0
REF*PO*0020050630
REF*ST*03929
REF*DP*043
DTM*999*20050629
RMR*IK*393120050623*PI*29.52*29.52*0
REF*PO*0020050624
REF*ST*03931
REF*DP*043
DTM*999*20050623
RMR*IK*393120050624*PI*16.65*16.65*0
REF*PO*0020050625
REF*ST*03931
REF*DP*043
DTM*999*20050624
RMR*IK*393120050625*PI*21.75*21.75*0
REF*PO*0020050626
REF*ST*03931
REF*DP*043
DTM*999*20050625
RMR*IK*393120050626*PI*6*6*0
REF*PO*0020050627
REF*ST*03931
REF*DP*043
DTM*999*20050626
RMR*IK*393120050627*PI*40.33*40.33*0
REF*PO*0020050628
REF*ST*03931
REF*DP*043
DTM*999*20050627
RMR*IK*393120050628*PI*1.5*1.5*0
REF*PO*0020050629
REF*ST*03931
REF*DP*043
DTM*999*20050628
RMR*IK*393120050629*PI*18.75*18.75*0
REF*PO*0020050630
REF*ST*03931
REF*DP*043
DTM*999*20050629
RMR*IK*394120050623*PI*78.88*78.88*0
REF*PO*0020050624
REF*ST*03941
REF*DP*043
DTM*999*20050623
RMR*IK*394120050624*PI*32.28*32.28*0
REF*PO*0020050625
REF*ST*03941
REF*DP*043
DTM*999*20050624
RMR*IK*394120050625*PI*48.63*48.63*0
REF*PO*0020050626
REF*ST*03941
REF*DP*043
DTM*999*20050625
RMR*IK*394120050626*PI*51.25*51.25*0
REF*PO*0020050627
REF*ST*03941
REF*DP*043
DTM*999*20050626
RMR*IK*394120050627*PI*32.5*32.5*0
REF*PO*0020050628
REF*ST*03941
REF*DP*043
DTM*999*20050627
RMR*IK*394120050628*PI*9*9*0
REF*PO*0020050629
REF*ST*03941
REF*DP*043
DTM*999*20050628
RMR*IK*394120050629*PI*21*21*0
REF*PO*0020050630
REF*ST*03941
REF*DP*043
DTM*999*20050629
RMR*IK*396620050623*PI*17.62*17.62*0
REF*PO*0020050624
REF*ST*03966
REF*DP*043
DTM*999*20050623
RMR*IK*396620050624*PI*20.58*20.58*0
REF*PO*0020050625
REF*ST*03966
REF*DP*043
DTM*999*20050624
RMR*IK*396620050625*PI*44.51*44.51*0
REF*PO*0020050626
REF*ST*03966
REF*DP*043
DTM*999*20050625
RMR*IK*396620050626*PI*15.41*15.41*0
REF*PO*0020050627
REF*ST*03966
REF*DP*043
DTM*999*20050626
RMR*IK*396620050627*PI*5.67*5.67*0
REF*PO*0020050628
REF*ST*03966
REF*DP*043
DTM*999*20050627
RMR*IK*396620050628*PI*6.16*6.16*0
REF*PO*0020050629
REF*ST*03966
REF*DP*043
DTM*999*20050628
RMR*IK*396620050629*PI*20.25*20.25*0
REF*PO*0020050630
REF*ST*03966
REF*DP*043
DTM*999*20050629
RMR*IK*397820050623*PI*8.92*8.92*0
REF*PO*0020050624
REF*ST*03978
REF*DP*043
DTM*999*20050623
RMR*IK*397820050624*PI*9.4*9.4*0
REF*PO*0020050625
REF*ST*03978
REF*DP*043
DTM*999*20050624
RMR*IK*397820050625*PI*11.3*11.3*0
REF*PO*0020050626
REF*ST*03978
REF*DP*043
DTM*999*20050625
RMR*IK*397820050626*PI*10.56*10.56*0
REF*PO*0020050627
REF*ST*03978
REF*DP*043
DTM*999*20050626
RMR*IK*397820050627*PI*9.6*9.6*0
REF*PO*0020050628
REF*ST*03978
REF*DP*043
DTM*999*20050627
RMR*IK*397820050628*PI*11.25*11.25*0
REF*PO*0020050629
REF*ST*03978
REF*DP*043
DTM*999*20050628
RMR*IK*397820050629*PI*6.39*6.39*0
REF*PO*0020050630
REF*ST*03978
REF*DP*043
DTM*999*20050629
RMR*IK*399620050623*PI*5.56*5.56*0
REF*PO*0020050624
REF*ST*03996
REF*DP*043
DTM*999*20050623
RMR*IK*399620050624*PI*8.7*8.7*0
REF*PO*0020050625
REF*ST*03996
REF*DP*043
DTM*999*20050624
RMR*IK*399620050625*PI*39.53*39.53*0
REF*PO*0020050626
REF*ST*03996
REF*DP*043
DTM*999*20050625
RMR*IK*399620050626*PI*4.8*4.8*0
REF*PO*0020050627
REF*ST*03996
REF*DP*043
DTM*999*20050626
RMR*IK*399620050627*PI*18.46*18.46*0
REF*PO*0020050628
REF*ST*03996
REF*DP*043
DTM*999*20050627
RMR*IK*399620050628*PI*3.4*3.4*0
REF*PO*0020050629
REF*ST*03996
REF*DP*043
DTM*999*20050628
RMR*IK*407120050623*PI*32.76*32.76*0
REF*PO*0020050624
REF*ST*04071
REF*DP*043
DTM*999*20050623
RMR*IK*407120050624*PI*57.51*57.51*0
REF*PO*0020050625
REF*ST*04071
REF*DP*043
DTM*999*20050624
RMR*IK*407120050625*PI*30.89*30.89*0
REF*PO*0020050626
REF*ST*04071
REF*DP*043
DTM*999*20050625
RMR*IK*407120050626*PI*18.83*18.83*0
REF*PO*0020050627
REF*ST*04071
REF*DP*043
DTM*999*20050626
RMR*IK*407120050627*PI*31.62*31.62*0
REF*PO*0020050628
REF*ST*04071
REF*DP*043
DTM*999*20050627
RMR*IK*407120050628*PI*27.51*27.51*0
REF*PO*0020050629
REF*ST*04071
REF*DP*043
DTM*999*20050628
RMR*IK*407120050629*PI*18.08*18.08*0
REF*PO*0020050630
REF*ST*04071
REF*DP*043
DTM*999*20050629
RMR*IK*409320050623*PI*178.98*178.98*0
REF*PO*0020050624
REF*ST*04093
REF*DP*043
DTM*999*20050623
RMR*IK*409320050624*PI*38.38*38.38*0
REF*PO*0020050625
REF*ST*04093
REF*DP*043
DTM*999*20050624
RMR*IK*409320050624*PI*109.09*109.09*0
REF*PO*0020050626
REF*ST*04093
REF*DP*043
DTM*999*20050624
RMR*IK*409320050625*PI*166.8*166.8*0
REF*PO*0020050626
REF*ST*04093
REF*DP*043
DTM*999*20050625
RMR*IK*409320050626*PI*138.13*138.13*0
REF*PO*0020050627
REF*ST*04093
REF*DP*043
DTM*999*20050626
RMR*IK*409320050627*PI*74*74*0
REF*PO*0020050628
REF*ST*04093
REF*DP*043
DTM*999*20050627
RMR*IK*409320050628*PI*75.92*75.92*0
REF*PO*0020050629
REF*ST*04093
REF*DP*043
DTM*999*20050628
RMR*IK*409320050629*PI*40.74*40.74*0
REF*PO*0020050630
REF*ST*04093
REF*DP*043
DTM*999*20050629
RMR*IK*410320050623*PI*155.31*155.31*0
REF*PO*0020050624
REF*ST*04103
REF*DP*043
DTM*999*20050623
RMR*IK*410320050624*PI*118.7*118.7*0
REF*PO*0020050625
REF*ST*04103
REF*DP*043
DTM*999*20050624
RMR*IK*410320050625*PI*261.95*261.95*0
REF*PO*0020050626
REF*ST*04103
REF*DP*043
DTM*999*20050625
RMR*IK*410320050626*PI*129.89*129.89*0
REF*PO*0020050627
REF*ST*04103
REF*DP*043
DTM*999*20050626
RMR*IK*410320050627*PI*96.14*96.14*0
REF*PO*0020050628
REF*ST*04103
REF*DP*043
DTM*999*20050627
RMR*IK*410320050628*PI*64.87*64.87*0
REF*PO*0020050629
REF*ST*04103
REF*DP*043
DTM*999*20050628
RMR*IK*410320050629*PI*56.99*56.99*0
REF*PO*0020050630
REF*ST*04103
REF*DP*043
DTM*999*20050629
RMR*IK*421320050623*PI*16.67*16.67*0
REF*PO*0020050624
REF*ST*04213
REF*DP*043
DTM*999*20050623
RMR*IK*421320050624*PI*23.5*23.5*0
REF*PO*0020050625
REF*ST*04213
REF*DP*043
DTM*999*20050624
RMR*IK*421320050625*PI*14.25*14.25*0
REF*PO*0020050626
REF*ST*04213
REF*DP*043
DTM*999*20050625
RMR*IK*421320050626*PI*41.25*41.25*0
REF*PO*0020050627
REF*ST*04213
REF*DP*043
DTM*999*20050626
RMR*IK*421320050627*PI*30*30*0
REF*PO*0020050628
REF*ST*04213
REF*DP*043
DTM*999*20050627
RMR*IK*424420050623*PI*110.85*110.85*0
REF*PO*0020050624
REF*ST*04244
REF*DP*043
DTM*999*20050623
RMR*IK*424420050624*PI*74.17*74.17*0
REF*PO*0020050625
REF*ST*04244
REF*DP*043
DTM*999*20050624
RMR*IK*424420050625*PI*86.96*86.96*0
REF*PO*0020050626
REF*ST*04244
REF*DP*043
DTM*999*20050625
RMR*IK*424420050626*PI*82.1*82.1*0
REF*PO*0020050627
REF*ST*04244
REF*DP*043
DTM*999*20050626
RMR*IK*424420050627*PI*127.77*127.77*0
REF*PO*0020050628
REF*ST*04244
REF*DP*043
DTM*999*20050627
RMR*IK*424420050628*PI*179.89*179.89*0
REF*PO*0020050629
REF*ST*04244
REF*DP*043
DTM*999*20050628
RMR*IK*424420050629*PI*235.02*235.02*0
REF*PO*0020050630
REF*ST*04244
REF*DP*043
DTM*999*20050629
RMR*IK*430820050623*PI*8.7*8.7*0
REF*PO*0020050624
REF*ST*04308
REF*DP*043
DTM*999*20050623
RMR*IK*430820050624*PI*5.32*5.32*0
REF*PO*0020050625
REF*ST*04308
REF*DP*043
DTM*999*20050624
RMR*IK*430820050625*PI*6.14*6.14*0
REF*PO*0020050626
REF*ST*04308
REF*DP*043
DTM*999*20050625
RMR*IK*430820050626*PI*2.25*2.25*0
REF*PO*0020050627
REF*ST*04308
REF*DP*043
DTM*999*20050626
RMR*IK*430820050629*PI*3.9*3.9*0
REF*PO*0020050630
REF*ST*04308
REF*DP*043
DTM*999*20050629
RMR*IK*431220050623*PI*2.4*2.4*0
REF*PO*0020050624
REF*ST*04312
REF*DP*043
DTM*999*20050623
RMR*IK*431220050625*PI*.75*.75*0
REF*PO*0020050626
REF*ST*04312
REF*DP*043
DTM*999*20050625
RMR*IK*431220050628*PI*9.6*9.6*0
REF*PO*0020050629
REF*ST*04312
REF*DP*043
DTM*999*20050628
RMR*IK*431220050629*PI*7.2*7.2*0
REF*PO*0020050630
REF*ST*04312
REF*DP*043
DTM*999*20050629
RMR*IK*447520050623*PI*25.51*25.51*0
REF*PO*0020050624
REF*ST*04475
REF*DP*043
DTM*999*20050623
RMR*IK*447520050624*PI*8.03*8.03*0
REF*PO*0020050625
REF*ST*04475
REF*DP*043
DTM*999*20050624
RMR*IK*447520050625*PI*18.75*18.75*0
REF*PO*0020050626
REF*ST*04475
REF*DP*043
DTM*999*20050625
RMR*IK*447520050626*PI*7.5*7.5*0
REF*PO*0020050627
REF*ST*04475
REF*DP*043
DTM*999*20050626
RMR*IK*447520050627*PI*5.5*5.5*0
REF*PO*0020050628
REF*ST*04475
REF*DP*043
DTM*999*20050627
RMR*IK*471720050623*PI*38.4*38.4*0
REF*PO*0020050624
REF*ST*04717
REF*DP*043
DTM*999*20050623
RMR*IK*471720050624*PI*64.18*64.18*0
REF*PO*0020050625
REF*ST*04717
REF*DP*043
DTM*999*20050624
RMR*IK*471720050625*PI*40.65*40.65*0
REF*PO*0020050626
REF*ST*04717
REF*DP*043
DTM*999*20050625
RMR*IK*471720050626*PI*32.39*32.39*0
REF*PO*0020050627
REF*ST*04717
REF*DP*043
DTM*999*20050626
RMR*IK*471720050627*PI*22.78*22.78*0
REF*PO*0020050628
REF*ST*04717
REF*DP*043
DTM*999*20050627
RMR*IK*471720050628*PI*29.7*29.7*0
REF*PO*0020050629
REF*ST*04717
REF*DP*043
DTM*999*20050628
RMR*IK*471720050629*PI*25.65*25.65*0
REF*PO*0020050630
REF*ST*04717
REF*DP*043
DTM*999*20050629
RMR*IK*471920050623*PI*49.8*49.8*0
REF*PO*0020050624
REF*ST*04719
REF*DP*043
DTM*999*20050623
RMR*IK*471920050624*PI*18*18*0
REF*PO*0020050625
REF*ST*04719
REF*DP*043
DTM*999*20050624
RMR*IK*471920050625*PI*18.75*18.75*0
REF*PO*0020050626
REF*ST*04719
REF*DP*043
DTM*999*20050625
RMR*IK*471920050626*PI*16.5*16.5*0
REF*PO*0020050627
REF*ST*04719
REF*DP*043
DTM*999*20050626
RMR*IK*471920050627*PI*27.55*27.55*0
REF*PO*0020050628
REF*ST*04719
REF*DP*043
DTM*999*20050627
RMR*IK*471920050628*PI*15.75*15.75*0
REF*PO*0020050629
REF*ST*04719
REF*DP*043
DTM*999*20050628
RMR*IK*471920050629*PI*21.25*21.25*0
REF*PO*0020050630
REF*ST*04719
REF*DP*043
DTM*999*20050629
RMR*IK*473920050624*PI*1.5*1.5*0
REF*PO*0020050625
REF*ST*04739
REF*DP*043
DTM*999*20050624
RMR*IK*473920050625*PI*16.07*16.07*0
REF*PO*0020050626
REF*ST*04739
REF*DP*043
DTM*999*20050625
RMR*IK*473920050626*PI*7.8*7.8*0
REF*PO*0020050627
REF*ST*04739
REF*DP*043
DTM*999*20050626
RMR*IK*473920050627*PI*7.58*7.58*0
REF*PO*0020050628
REF*ST*04739
REF*DP*043
DTM*999*20050627
RMR*IK*473920050629*PI*3*3*0
REF*PO*0020050630
REF*ST*04739
REF*DP*043
DTM*999*20050629
RMR*IK*475320050623*PI*7.28*7.28*0
REF*PO*0020050624
REF*ST*04753
REF*DP*043
DTM*999*20050623
RMR*IK*475320050624*PI*8.26*8.26*0
REF*PO*0020050625
REF*ST*04753
REF*DP*043
DTM*999*20050624
RMR*IK*475320050625*PI*6.68*6.68*0
REF*PO*0020050626
REF*ST*04753
REF*DP*043
DTM*999*20050625
RMR*IK*475320050626*PI*15*15*0
REF*PO*0020050627
REF*ST*04753
REF*DP*043
DTM*999*20050626
RMR*IK*475320050627*PI*3.26*3.26*0
REF*PO*0020050628
REF*ST*04753
REF*DP*043
DTM*999*20050627
RMR*IK*475320050628*PI*12.29*12.29*0
REF*PO*0020050629
REF*ST*04753
REF*DP*043
DTM*999*20050628
RMR*IK*475320050629*PI*16.26*16.26*0
REF*PO*0020050630
REF*ST*04753
REF*DP*043
DTM*999*20050629
RMR*IK*476020050623*PI*9.29*9.29*0
REF*PO*0020050624
REF*ST*04760
REF*DP*043
DTM*999*20050623
RMR*IK*476020050624*PI*11*11*0
REF*PO*0020050625
REF*ST*04760
REF*DP*043
DTM*999*20050624
RMR*IK*476020050625*PI*15.45*15.45*0
REF*PO*0020050626
REF*ST*04760
REF*DP*043
DTM*999*20050625
RMR*IK*476020050626*PI*3.75*3.75*0
REF*PO*0020050627
REF*ST*04760
REF*DP*043
DTM*999*20050626
RMR*IK*476020050627*PI*11.43*11.43*0
REF*PO*0020050628
REF*ST*04760
REF*DP*043
DTM*999*20050627
RMR*IK*476020050628*PI*4.96*4.96*0
REF*PO*0020050629
REF*ST*04760
REF*DP*043
DTM*999*20050628
RMR*IK*476020050629*PI*6.57*6.57*0
REF*PO*0020050630
REF*ST*04760
REF*DP*043
DTM*999*20050629
RMR*IK*476920050623*PI*3.38*3.38*0
REF*PO*0020050624
REF*ST*04769
REF*DP*043
DTM*999*20050623
RMR*IK*476920050624*PI*14.25*14.25*0
REF*PO*0020050625
REF*ST*04769
REF*DP*043
DTM*999*20050624
RMR*IK*476920050625*PI*3.21*3.21*0
REF*PO*0020050626
REF*ST*04769
REF*DP*043
DTM*999*20050625
RMR*IK*476920050626*PI*24*24*0
REF*PO*0020050627
REF*ST*04769
REF*DP*043
DTM*999*20050626
RMR*IK*476920050627*PI*14.64*14.64*0
REF*PO*0020050628
REF*ST*04769
REF*DP*043
DTM*999*20050627
RMR*IK*476920050628*PI*10.05*10.05*0
REF*PO*0020050629
REF*ST*04769
REF*DP*043
DTM*999*20050628
RMR*IK*476920050629*PI*1.34*1.34*0
REF*PO*0020050630
REF*ST*04769
REF*DP*043
DTM*999*20050629
RMR*IK*481720050623*PI*9.98*9.98*0
REF*PO*0020050624
REF*ST*04817
REF*DP*043
DTM*999*20050623
RMR*IK*481720050624*PI*6.8*6.8*0
REF*PO*0020050625
REF*ST*04817
REF*DP*043
DTM*999*20050624
RMR*IK*481720050625*PI*6*6*0
REF*PO*0020050626
REF*ST*04817
REF*DP*043
DTM*999*20050625
RMR*IK*481720050627*PI*3*3*0
REF*PO*0020050628
REF*ST*04817
REF*DP*043
DTM*999*20050627
RMR*IK*481720050628*PI*4.8*4.8*0
REF*PO*0020050629
REF*ST*04817
REF*DP*043
DTM*999*20050628
RMR*IK*481720050629*PI*24*24*0
REF*PO*0020050630
REF*ST*04817
REF*DP*043
DTM*999*20050629
RMR*IK*483520050623*PI*8.25*8.25*0
REF*PO*0020050624
REF*ST*04835
REF*DP*043
DTM*999*20050623
RMR*IK*483520050624*PI*2.66*2.66*0
REF*PO*0020050625
REF*ST*04835
REF*DP*043
DTM*999*20050624
RMR*IK*483520050625*PI*13.1*13.1*0
REF*PO*0020050626
REF*ST*04835
REF*DP*043
DTM*999*20050625
RMR*IK*483520050628*PI*3.75*3.75*0
REF*PO*0020050629
REF*ST*04835
REF*DP*043
DTM*999*20050628
RMR*IK*483520050629*PI*1.5*1.5*0
REF*PO*0020050630
REF*ST*04835
REF*DP*043
DTM*999*20050629
RMR*IK*488320050623*PI*27.01*27.01*0
REF*PO*0020050624
REF*ST*04883
REF*DP*043
DTM*999*20050623
RMR*IK*488320050624*PI*19.14*19.14*0
REF*PO*0020050625
REF*ST*04883
REF*DP*043
DTM*999*20050624
RMR*IK*488320050625*PI*26.11*26.11*0
REF*PO*0020050626
REF*ST*04883
REF*DP*043
DTM*999*20050625
RMR*IK*488320050626*PI*30.31*30.31*0
REF*PO*0020050627
REF*ST*04883
REF*DP*043
DTM*999*20050626
RMR*IK*488320050627*PI*14.52*14.52*0
REF*PO*0020050628
REF*ST*04883
REF*DP*043
DTM*999*20050627
RMR*IK*488320050628*PI*19.13*19.13*0
REF*PO*0020050629
REF*ST*04883
REF*DP*043
DTM*999*20050628
RMR*IK*488320050629*PI*19.5*19.5*0
REF*PO*0020050630
REF*ST*04883
REF*DP*043
DTM*999*20050629
RMR*IK*489820050623*PI*3*3*0
REF*PO*0020050624
REF*ST*04898
REF*DP*043
DTM*999*20050623
RMR*IK*489820050624*PI*22.95*22.95*0
REF*PO*0020050625
REF*ST*04898
REF*DP*043
DTM*999*20050624
RMR*IK*489820050625*PI*14.7*14.7*0
REF*PO*0020050626
REF*ST*04898
REF*DP*043
DTM*999*20050625
RMR*IK*489820050626*PI*21.6*21.6*0
REF*PO*0020050627
REF*ST*04898
REF*DP*043
DTM*999*20050626
RMR*IK*489820050627*PI*3*3*0
REF*PO*0020050628
REF*ST*04898
REF*DP*043
DTM*999*20050627
RMR*IK*489820050629*PI*2.26*2.26*0
REF*PO*0020050630
REF*ST*04898
REF*DP*043
DTM*999*20050629
RMR*IK*496820050623*PI*7.25*7.25*0
REF*PO*0020050624
REF*ST*04968
REF*DP*043
DTM*999*20050623
RMR*IK*496820050624*PI*6.75*6.75*0
REF*PO*0020050625
REF*ST*04968
REF*DP*043
DTM*999*20050624
RMR*IK*496820050625*PI*8.58*8.58*0
REF*PO*0020050626
REF*ST*04968
REF*DP*043
DTM*999*20050625
RMR*IK*496820050626*PI*6*6*0
REF*PO*0020050627
REF*ST*04968
REF*DP*043
DTM*999*20050626
RMR*IK*496820050627*PI*8*8*0
REF*PO*0020050628
REF*ST*04968
REF*DP*043
DTM*999*20050627
RMR*IK*496820050628*PI*.75*.75*0
REF*PO*0020050629
REF*ST*04968
REF*DP*043
DTM*999*20050628
RMR*IK*496920050626*PI*1.35*1.35*0
REF*PO*0020050627
REF*ST*04969
REF*DP*043
DTM*999*20050626
RMR*IK*704520050623*PI*4.98*4.98*0
REF*PO*0020050624
REF*ST*07045
REF*DP*043
DTM*999*20050623
RMR*IK*704520050624*PI*3.41*3.41*0
REF*PO*0020050625
REF*ST*07045
REF*DP*043
DTM*999*20050624
RMR*IK*704520050627*PI*3*3*0
REF*PO*0020050628
REF*ST*07045
REF*DP*043
DTM*999*20050627
RMR*IK*705920050623*PI*1.5*1.5*0
REF*PO*0020050624
REF*ST*07059
REF*DP*043
DTM*999*20050623
RMR*IK*705920050624*PI*11.25*11.25*0
REF*PO*0020050625
REF*ST*07059
REF*DP*043
DTM*999*20050624
RMR*IK*705920050625*PI*6*6*0
REF*PO*0020050626
REF*ST*07059
REF*DP*043
DTM*999*20050625
RMR*IK*705920050626*PI*9*9*0
REF*PO*0020050627
REF*ST*07059
REF*DP*043
DTM*999*20050626
RMR*IK*705920050627*PI*3*3*0
REF*PO*0020050628
REF*ST*07059
REF*DP*043
DTM*999*20050627
RMR*IK*705920050628*PI*2.76*2.76*0
REF*PO*0020050629
REF*ST*07059
REF*DP*043
DTM*999*20050628
RMR*IK*705920050629*PI*1.5*1.5*0
REF*PO*0020050630
REF*ST*07059
REF*DP*043
DTM*999*20050629
RMR*IK*706420050623*PI*1.14*1.14*0
REF*PO*0020050624
REF*ST*07064
REF*DP*043
DTM*999*20050623
RMR*IK*706420050626*PI*3*3*0
REF*PO*0020050627
REF*ST*07064
REF*DP*043
DTM*999*20050626
RMR*IK*706420050627*PI*.38*.38*0
REF*PO*0020050628
REF*ST*07064
REF*DP*043
DTM*999*20050627
RMR*IK*706620050623*PI*33.38*33.38*0
REF*PO*0020050624
REF*ST*07066
REF*DP*043
DTM*999*20050623
RMR*IK*706620050625*PI*29.34*29.34*0
REF*PO*0020050626
REF*ST*07066
REF*DP*043
DTM*999*20050625
RMR*IK*706620050626*PI*12*12*0
REF*PO*0020050627
REF*ST*07066
REF*DP*043
DTM*999*20050626
RMR*IK*706620050627*PI*10.2*10.2*0
REF*PO*0020050628
REF*ST*07066
REF*DP*043
DTM*999*20050627
RMR*IK*706620050629*PI*1.5*1.5*0
REF*PO*0020050630
REF*ST*07066
REF*DP*043
DTM*999*20050629
RMR*IK*706920050623*PI*59.76*59.76*0
REF*PO*0020050624
REF*ST*07069
REF*DP*043
DTM*999*20050623
RMR*IK*706920050624*PI*51.34*51.34*0
REF*PO*0020050625
REF*ST*07069
REF*DP*043
DTM*999*20050624
RMR*IK*706920050625*PI*41.66*41.66*0
REF*PO*0020050626
REF*ST*07069
REF*DP*043
DTM*999*20050625
RMR*IK*706920050626*PI*42.66*42.66*0
REF*PO*0020050627
REF*ST*07069
REF*DP*043
DTM*999*20050626
RMR*IK*706920050627*PI*28.19*28.19*0
REF*PO*0020050628
REF*ST*07069
REF*DP*043
DTM*999*20050627
RMR*IK*706920050628*PI*8.44*8.44*0
REF*PO*0020050629
REF*ST*07069
REF*DP*043
DTM*999*20050628
RMR*IK*706920050629*PI*26.78*26.78*0
REF*PO*0020050630
REF*ST*07069
REF*DP*043
DTM*999*20050629
RMR*IK*707620050623*PI*56.68*56.68*0
REF*PO*0020050624
REF*ST*07076
REF*DP*043
DTM*999*20050623
RMR*IK*707620050624*PI*9.46*9.46*0
REF*PO*0020050625
REF*ST*07076
REF*DP*043
DTM*999*20050624
RMR*IK*707620050625*PI*.76*.76*0
REF*PO*0020050626
REF*ST*07076
REF*DP*043
DTM*999*20050625
RMR*IK*707620050626*PI*6.46*6.46*0
REF*PO*0020050627
REF*ST*07076
REF*DP*043
DTM*999*20050626
RMR*IK*707620050627*PI*5.27*5.27*0
REF*PO*0020050628
REF*ST*07076
REF*DP*043
DTM*999*20050627
RMR*IK*707620050628*PI*6.02*6.02*0
REF*PO*0020050629
REF*ST*07076
REF*DP*043
DTM*999*20050628
RMR*IK*707620050629*PI*2.28*2.28*0
REF*PO*0020050630
REF*ST*07076
REF*DP*043
DTM*999*20050629
RMR*IK*713220050623*PI*80.87*80.87*0
REF*PO*0020050624
REF*ST*07132
REF*DP*043
DTM*999*20050623
RMR*IK*713220050624*PI*27.22*27.22*0
REF*PO*0020050625
REF*ST*07132
REF*DP*043
DTM*999*20050624
RMR*IK*713220050625*PI*44.96*44.96*0
REF*PO*0020050626
REF*ST*07132
REF*DP*043
DTM*999*20050625
RMR*IK*713220050626*PI*62.44*62.44*0
REF*PO*0020050627
REF*ST*07132
REF*DP*043
DTM*999*20050626
RMR*IK*713220050627*PI*18.82*18.82*0
REF*PO*0020050628
REF*ST*07132
REF*DP*043
DTM*999*20050627
RMR*IK*713220050628*PI*25.2*25.2*0
REF*PO*0020050629
REF*ST*07132
REF*DP*043
DTM*999*20050628
RMR*IK*713220050629*PI*32.53*32.53*0
REF*PO*0020050630
REF*ST*07132
REF*DP*043
DTM*999*20050629
RMR*IK*714620050623*PI*44.24*44.24*0
REF*PO*0020050624
REF*ST*07146
REF*DP*043
DTM*999*20050623
RMR*IK*714620050624*PI*68.83*68.83*0
REF*PO*0020050625
REF*ST*07146
REF*DP*043
DTM*999*20050624
RMR*IK*714620050625*PI*59.25*59.25*0
REF*PO*0020050626
REF*ST*07146
REF*DP*043
DTM*999*20050625
RMR*IK*714620050626*PI*22.77*22.77*0
REF*PO*0020050627
REF*ST*07146
REF*DP*043
DTM*999*20050626
RMR*IK*714620050627*PI*36.73*36.73*0
REF*PO*0020050628
REF*ST*07146
REF*DP*043
DTM*999*20050627
RMR*IK*714620050628*PI*29.79*29.79*0
REF*PO*0020050629
REF*ST*07146
REF*DP*043
DTM*999*20050628
RMR*IK*714620050629*PI*9.88*9.88*0
REF*PO*0020050630
REF*ST*07146
REF*DP*043
DTM*999*20050629
RMR*IK*715420050623*PI*2.25*2.25*0
REF*PO*0020050624
REF*ST*07154
REF*DP*043
DTM*999*20050623
RMR*IK*715420050624*PI*3*3*0
REF*PO*0020050625
REF*ST*07154
REF*DP*043
DTM*999*20050624
RMR*IK*715420050625*PI*9.75*9.75*0
REF*PO*0020050626
REF*ST*07154
REF*DP*043
DTM*999*20050625
RMR*IK*715420050628*PI*3.75*3.75*0
REF*PO*0020050629
REF*ST*07154
REF*DP*043
DTM*999*20050628
RMR*IK*715420050629*PI*1.5*1.5*0
REF*PO*0020050630
REF*ST*07154
REF*DP*043
DTM*999*20050629
RMR*IK*718420050623*PI*170.83*170.83*0
REF*PO*0020050624
REF*ST*07184
REF*DP*043
DTM*999*20050623
RMR*IK*718420050624*PI*143.58*143.58*0
REF*PO*0020050625
REF*ST*07184
REF*DP*043
DTM*999*20050624
RMR*IK*718420050625*PI*212.25*212.25*0
REF*PO*0020050626
REF*ST*07184
REF*DP*043
DTM*999*20050625
RMR*IK*718420050626*PI*67.82*67.82*0
REF*PO*0020050627
REF*ST*07184
REF*DP*043
DTM*999*20050626
RMR*IK*718420050627*PI*29.17*29.17*0
REF*PO*0020050628
REF*ST*07184
REF*DP*043
DTM*999*20050627
RMR*IK*718420050628*PI*56.25*56.25*0
REF*PO*0020050629
REF*ST*07184
REF*DP*043
DTM*999*20050628
RMR*IK*718420050629*PI*66.43*66.43*0
REF*PO*0020050630
REF*ST*07184
REF*DP*043
DTM*999*20050629
RMR*IK*718420050718*PI*-4*-4*0
REF*PO*0020050719
REF*ST*07184
REF*DP*043
DTM*999*20050718
RMR*IK*725520050623*PI*104*104*0
REF*PO*0020050624
REF*ST*07255
REF*DP*043
DTM*999*20050623
RMR*IK*725520050624*PI*108.28*108.28*0
REF*PO*0020050625
REF*ST*07255
REF*DP*043
DTM*999*20050624
RMR*IK*725520050625*PI*61.37*61.37*0
REF*PO*0020050626
REF*ST*07255
REF*DP*043
DTM*999*20050625
RMR*IK*725520050626*PI*81.23*81.23*0
REF*PO*0020050627
REF*ST*07255
REF*DP*043
DTM*999*20050626
RMR*IK*725520050627*PI*27.55*27.55*0
REF*PO*0020050628
REF*ST*07255
REF*DP*043
DTM*999*20050627
RMR*IK*725520050628*PI*38.32*38.32*0
REF*PO*0020050629
REF*ST*07255
REF*DP*043
DTM*999*20050628
RMR*IK*725520050629*PI*30.42*30.42*0
REF*PO*0020050630
REF*ST*07255
REF*DP*043
DTM*999*20050629
RMR*IK*735820050623*PI*181.5*181.5*0
REF*PO*0020050624
REF*ST*07358
REF*DP*043
DTM*999*20050623
RMR*IK*735820050624*PI*164.31*164.31*0
REF*PO*0020050625
REF*ST*07358
REF*DP*043
DTM*999*20050624
RMR*IK*735820050625*PI*233.8*233.8*0
REF*PO*0020050626
REF*ST*07358
REF*DP*043
DTM*999*20050625
RMR*IK*735820050626*PI*143.43*143.43*0
REF*PO*0020050627
REF*ST*07358
REF*DP*043
DTM*999*20050626
RMR*IK*735820050627*PI*144.83*144.83*0
REF*PO*0020050628
REF*ST*07358
REF*DP*043
DTM*999*20050627
RMR*IK*735820050628*PI*103.18*103.18*0
REF*PO*0020050629
REF*ST*07358
REF*DP*043
DTM*999*20050628
RMR*IK*735820050629*PI*92.08*92.08*0
REF*PO*0020050630
REF*ST*07358
REF*DP*043
DTM*999*20050629
RMR*IK*736220050623*PI*21.35*21.35*0
REF*PO*0020050624
REF*ST*07362
REF*DP*043
DTM*999*20050623
RMR*IK*736220050624*PI*8.9*8.9*0
REF*PO*0020050625
REF*ST*07362
REF*DP*043
DTM*999*20050624
RMR*IK*736220050625*PI*19.41*19.41*0
REF*PO*0020050626
REF*ST*07362
REF*DP*043
DTM*999*20050625
RMR*IK*736220050626*PI*7.63*7.63*0
REF*PO*0020050627
REF*ST*07362
REF*DP*043
DTM*999*20050626
RMR*IK*736220050627*PI*9.42*9.42*0
REF*PO*0020050628
REF*ST*07362
REF*DP*043
DTM*999*20050627
RMR*IK*736220050628*PI*18.35*18.35*0
REF*PO*0020050629
REF*ST*07362
REF*DP*043
DTM*999*20050628
RMR*IK*736220050629*PI*1.88*1.88*0
REF*PO*0020050630
REF*ST*07362
REF*DP*043
DTM*999*20050629
RMR*IK*743720050623*PI*9.75*9.75*0
REF*PO*0020050624
REF*ST*07437
REF*DP*043
DTM*999*20050623
RMR*IK*743720050624*PI*12.97*12.97*0
REF*PO*0020050625
REF*ST*07437
REF*DP*043
DTM*999*20050624
RMR*IK*743720050625*PI*11.86*11.86*0
REF*PO*0020050626
REF*ST*07437
REF*DP*043
DTM*999*20050625
RMR*IK*743720050626*PI*5.25*5.25*0
REF*PO*0020050627
REF*ST*07437
REF*DP*043
DTM*999*20050626
RMR*IK*743720050627*PI*.38*.38*0
REF*PO*0020050628
REF*ST*07437
REF*DP*043
DTM*999*20050627
RMR*IK*743720050628*PI*3.03*3.03*0
REF*PO*0020050629
REF*ST*07437
REF*DP*043
DTM*999*20050628
RMR*IK*743720050629*PI*3.38*3.38*0
REF*PO*0020050630
REF*ST*07437
REF*DP*043
DTM*999*20050629
RMR*IK*746020050623*PI*36.5*36.5*0
REF*PO*0020050624
REF*ST*07460
REF*DP*043
DTM*999*20050623
RMR*IK*746020050624*PI*.38*.38*0
REF*PO*0020050625
REF*ST*07460
REF*DP*043
DTM*999*20050624
RMR*IK*746020050626*PI*23.78*23.78*0
REF*PO*0020050627
REF*ST*07460
REF*DP*043
DTM*999*20050626
RMR*IK*746020050627*PI*12.38*12.38*0
REF*PO*0020050628
REF*ST*07460
REF*DP*043
DTM*999*20050627
RMR*IK*746020050628*PI*3*3*0
REF*PO*0020050629
REF*ST*07460
REF*DP*043
DTM*999*20050628
RMR*IK*746020050629*PI*9.28*9.28*0
REF*PO*0020050630
REF*ST*07460
REF*DP*043
DTM*999*20050629
RMR*IK*746120050623*PI*14.18*14.18*0
REF*PO*0020050624
REF*ST*07461
REF*DP*043
DTM*999*20050623
RMR*IK*746120050624*PI*17.56*17.56*0
REF*PO*0020050625
REF*ST*07461
REF*DP*043
DTM*999*20050624
RMR*IK*746120050625*PI*30.38*30.38*0
REF*PO*0020050626
REF*ST*07461
REF*DP*043
DTM*999*20050625
RMR*IK*746120050626*PI*18*18*0
REF*PO*0020050627
REF*ST*07461
REF*DP*043
DTM*999*20050626
RMR*IK*746120050627*PI*27.28*27.28*0
REF*PO*0020050628
REF*ST*07461
REF*DP*043
DTM*999*20050627
RMR*IK*746120050628*PI*17*17*0
REF*PO*0020050629
REF*ST*07461
REF*DP*043
DTM*999*20050628
RMR*IK*746120050629*PI*.38*.38*0
REF*PO*0020050630
REF*ST*07461
REF*DP*043
DTM*999*20050629
RMR*IK*760720050623*PI*20.97*20.97*0
REF*PO*0020050624
REF*ST*07607
REF*DP*043
DTM*999*20050623
RMR*IK*760720050624*PI*16.03*16.03*0
REF*PO*0020050625
REF*ST*07607
REF*DP*043
DTM*999*20050624
RMR*IK*760720050625*PI*41.05*41.05*0
REF*PO*0020050626
REF*ST*07607
REF*DP*043
DTM*999*20050625
RMR*IK*760720050626*PI*49.15*49.15*0
REF*PO*0020050627
REF*ST*07607
REF*DP*043
DTM*999*20050626
RMR*IK*760720050627*PI*22.37*22.37*0
REF*PO*0020050628
REF*ST*07607
REF*DP*043
DTM*999*20050627
RMR*IK*760720050628*PI*27.3*27.3*0
REF*PO*0020050629
REF*ST*07607
REF*DP*043
DTM*999*20050628
RMR*IK*760720050629*PI*28.64*28.64*0
REF*PO*0020050630
REF*ST*07607
REF*DP*043
DTM*999*20050629
RMR*IK*761020050624*PI*.18*.18*0
REF*PO*0020050625
REF*ST*07610
REF*DP*043
DTM*999*20050624
RMR*IK*761020050625*PI*7.14*7.14*0
REF*PO*0020050626
REF*ST*07610
REF*DP*043
DTM*999*20050625
RMR*IK*761020050626*PI*.75*.75*0
REF*PO*0020050627
REF*ST*07610
REF*DP*043
DTM*999*20050626
RMR*IK*761020050627*PI*6*6*0
REF*PO*0020050628
REF*ST*07610
REF*DP*043
DTM*999*20050627
RMR*IK*761020050628*PI*6*6*0
REF*PO*0020050629
REF*ST*07610
REF*DP*043
DTM*999*20050628
RMR*IK*762920050623*PI*.38*.38*0
REF*PO*0020050624
REF*ST*07629
REF*DP*043
DTM*999*20050623
RMR*IK*762920050625*PI*25.7*25.7*0
REF*PO*0020050626
REF*ST*07629
REF*DP*043
DTM*999*20050625
RMR*IK*762920050626*PI*5.76*5.76*0
REF*PO*0020050627
REF*ST*07629
REF*DP*043
DTM*999*20050626
RMR*IK*762920050627*PI*6*6*0
REF*PO*0020050628
REF*ST*07629
REF*DP*043
DTM*999*20050627
RMR*IK*762920050628*PI*12.9*12.9*0
REF*PO*0020050629
REF*ST*07629
REF*DP*043
DTM*999*20050628
RMR*IK*763720050623*PI*3*3*0
REF*PO*0020050624
REF*ST*07637
REF*DP*043
DTM*999*20050623
RMR*IK*763720050624*PI*21.9*21.9*0
REF*PO*0020050625
REF*ST*07637
REF*DP*043
DTM*999*20050624
RMR*IK*763720050625*PI*14.45*14.45*0
REF*PO*0020050626
REF*ST*07637
REF*DP*043
DTM*999*20050625
RMR*IK*763720050626*PI*9.6*9.6*0
REF*PO*0020050627
REF*ST*07637
REF*DP*043
DTM*999*20050626
RMR*IK*763720050628*PI*2*2*0
REF*PO*0020050629
REF*ST*07637
REF*DP*043
DTM*999*20050628
RMR*IK*763720050629*PI*5.25*5.25*0
REF*PO*0020050630
REF*ST*07637
REF*DP*043
DTM*999*20050629
RMR*IK*771820050623*PI*34.05*34.05*0
REF*PO*0020050624
REF*ST*07718
REF*DP*043
DTM*999*20050623
RMR*IK*771820050624*PI*15*15*0
REF*PO*0020050625
REF*ST*07718
REF*DP*043
DTM*999*20050624
RMR*IK*771820050625*PI*10.57*10.57*0
REF*PO*0020050626
REF*ST*07718
REF*DP*043
DTM*999*20050625
RMR*IK*771820050626*PI*12.28*12.28*0
REF*PO*0020050627
REF*ST*07718
REF*DP*043
DTM*999*20050626
RMR*IK*771820050627*PI*11.95*11.95*0
REF*PO*0020050628
REF*ST*07718
REF*DP*043
DTM*999*20050627
RMR*IK*771820050628*PI*6*6*0
REF*PO*0020050629
REF*ST*07718
REF*DP*043
DTM*999*20050628
RMR*IK*771920050623*PI*8.32*8.32*0
REF*PO*0020050624
REF*ST*07719
REF*DP*043
DTM*999*20050623
RMR*IK*771920050624*PI*7.5*7.5*0
REF*PO*0020050625
REF*ST*07719
REF*DP*043
DTM*999*20050624
RMR*IK*771920050625*PI*18.33*18.33*0
REF*PO*0020050626
REF*ST*07719
REF*DP*043
DTM*999*20050625
RMR*IK*771920050627*PI*8.25*8.25*0
REF*PO*0020050628
REF*ST*07719
REF*DP*043
DTM*999*20050627
RMR*IK*771920050629*PI*3*3*0
REF*PO*0020050630
REF*ST*07719
REF*DP*043
DTM*999*20050629
RMR*IK*956020050623*PI*39.56*39.56*0
REF*PO*0020050624
REF*ST*09560
REF*DP*043
DTM*999*20050623
RMR*IK*956020050624*PI*14.14*14.14*0
REF*PO*0020050625
REF*ST*09560
REF*DP*043
DTM*999*20050624
RMR*IK*956020050625*PI*21.35*21.35*0
REF*PO*0020050626
REF*ST*09560
REF*DP*043
DTM*999*20050625
RMR*IK*956020050626*PI*12.87*12.87*0
REF*PO*0020050627
REF*ST*09560
REF*DP*043
DTM*999*20050626
RMR*IK*956020050627*PI*7.2*7.2*0
REF*PO*0020050628
REF*ST*09560
REF*DP*043
DTM*999*20050627
RMR*IK*956020050628*PI*15.5*15.5*0
REF*PO*0020050629
REF*ST*09560
REF*DP*043
DTM*999*20050628
RMR*IK*957120050623*PI*11.25*11.25*0
REF*PO*0020050624
REF*ST*09571
REF*DP*043
DTM*999*20050623
RMR*IK*957120050625*PI*.75*.75*0
REF*PO*0020050626
REF*ST*09571
REF*DP*043
DTM*999*20050625
RMR*IK*957120050628*PI*3*3*0
REF*PO*0020050629
REF*ST*09571
REF*DP*043
DTM*999*20050628
RMR*IK*962020050623*PI*18.35*18.35*0
REF*PO*0020050624
REF*ST*09620
REF*DP*043
DTM*999*20050623
RMR*IK*962020050624*PI*23.55*23.55*0
REF*PO*0020050625
REF*ST*09620
REF*DP*043
DTM*999*20050624
RMR*IK*962020050625*PI*24.89*24.89*0
REF*PO*0020050626
REF*ST*09620
REF*DP*043
DTM*999*20050625
RMR*IK*962020050626*PI*12.9*12.9*0
REF*PO*0020050627
REF*ST*09620
REF*DP*043
DTM*999*20050626
RMR*IK*962020050627*PI*2.9*2.9*0
REF*PO*0020050628
REF*ST*09620
REF*DP*043
DTM*999*20050627
RMR*IK*962020050629*PI*7.5*7.5*0
REF*PO*0020050630
REF*ST*09620
REF*DP*043
DTM*999*20050629
RMR*IK*962120050623*PI*36.56*36.56*0
REF*PO*0020050624
REF*ST*09621
REF*DP*043
DTM*999*20050623
RMR*IK*962120050624*PI*32.91*32.91*0
REF*PO*0020050625
REF*ST*09621
REF*DP*043
DTM*999*20050624
RMR*IK*962120050625*PI*33.99*33.99*0
REF*PO*0020050626
REF*ST*09621
REF*DP*043
DTM*999*20050625
RMR*IK*962120050626*PI*25.87*25.87*0
REF*PO*0020050627
REF*ST*09621
REF*DP*043
DTM*999*20050626
RMR*IK*962120050627*PI*19.81*19.81*0
REF*PO*0020050628
REF*ST*09621
REF*DP*043
DTM*999*20050627
RMR*IK*962120050628*PI*39.9*39.9*0
REF*PO*0020050629
REF*ST*09621
REF*DP*043
DTM*999*20050628
RMR*IK*962120050629*PI*9*9*0
REF*PO*0020050630
REF*ST*09621
REF*DP*043
DTM*999*20050629
RMR*IK*962220050624*PI*27.04*27.04*0
REF*PO*0020050625
REF*ST*09622
REF*DP*043
DTM*999*20050624
RMR*IK*962220050625*PI*9.52*9.52*0
REF*PO*0020050626
REF*ST*09622
REF*DP*043
DTM*999*20050625
RMR*IK*962220050626*PI*11*11*0
REF*PO*0020050627
REF*ST*09622
REF*DP*043
DTM*999*20050626
RMR*IK*962220050627*PI*5.5*5.5*0
REF*PO*0020050628
REF*ST*09622
REF*DP*043
DTM*999*20050627
RMR*IK*962220050628*PI*12.38*12.38*0
REF*PO*0020050629
REF*ST*09622
REF*DP*043
DTM*999*20050628
RMR*IK*962220050629*PI*3*3*0
REF*PO*0020050630
REF*ST*09622
REF*DP*043
DTM*999*20050629
RMR*IK*962520050623*PI*15.75*15.75*0
REF*PO*0020050624
REF*ST*09625
REF*DP*043
DTM*999*20050623
RMR*IK*962520050624*PI*23*23*0
REF*PO*0020050625
REF*ST*09625
REF*DP*043
DTM*999*20050624
RMR*IK*962520050625*PI*32.25*32.25*0
REF*PO*0020050626
REF*ST*09625
REF*DP*043
DTM*999*20050625
RMR*IK*962520050626*PI*20.25*20.25*0
REF*PO*0020050627
REF*ST*09625
REF*DP*043
DTM*999*20050626
RMR*IK*962520050627*PI*4.16*4.16*0
REF*PO*0020050628
REF*ST*09625
REF*DP*043
DTM*999*20050627
RMR*IK*962520050628*PI*6*6*0
REF*PO*0020050629
REF*ST*09625
REF*DP*043
DTM*999*20050628
RMR*IK*962520050629*PI*14.75*14.75*0
REF*PO*0020050630
REF*ST*09625
REF*DP*043
DTM*999*20050629
RMR*IK*962920050623*PI*11.75*11.75*0
REF*PO*0020050624
REF*ST*09629
REF*DP*043
DTM*999*20050623
RMR*IK*962920050624*PI*10.75*10.75*0
REF*PO*0020050625
REF*ST*09629
REF*DP*043
DTM*999*20050624
RMR*IK*962920050625*PI*48.76*48.76*0
REF*PO*0020050626
REF*ST*09629
REF*DP*043
DTM*999*20050625
RMR*IK*962920050626*PI*15.77*15.77*0
REF*PO*0020050627
REF*ST*09629
REF*DP*043
DTM*999*20050626
RMR*IK*962920050627*PI*12.14*12.14*0
REF*PO*0020050628
REF*ST*09629
REF*DP*043
DTM*999*20050627
RMR*IK*962920050628*PI*18*18*0
REF*PO*0020050629
REF*ST*09629
REF*DP*043
DTM*999*20050628
RMR*IK*962920050629*PI*8.38*8.38*0
REF*PO*0020050630
REF*ST*09629
REF*DP*043
DTM*999*20050629
RMR*IK*962920050720*PI*-3*-3*0
REF*PO*0020050721
REF*ST*09629
REF*DP*043
DTM*999*20050720
RMR*IK*963320050623*PI*95.8*95.8*0
REF*PO*0020050624
REF*ST*09633
REF*DP*043
DTM*999*20050623
RMR*IK*963320050624*PI*101.95*101.95*0
REF*PO*0020050625
REF*ST*09633
REF*DP*043
DTM*999*20050624
RMR*IK*963320050625*PI*91.08*91.08*0
REF*PO*0020050626
REF*ST*09633
REF*DP*043
DTM*999*20050625
RMR*IK*963320050626*PI*44.6*44.6*0
REF*PO*0020050627
REF*ST*09633
REF*DP*043
DTM*999*20050626
RMR*IK*963320050627*PI*38*38*0
REF*PO*0020050628
REF*ST*09633
REF*DP*043
DTM*999*20050627
RMR*IK*963320050628*PI*10.5*10.5*0
REF*PO*0020050629
REF*ST*09633
REF*DP*043
DTM*999*20050628
RMR*IK*963320050629*PI*32.9*32.9*0
REF*PO*0020050630
REF*ST*09633
REF*DP*043
DTM*999*20050629
RMR*IK*963920050623*PI*1.13*1.13*0
REF*PO*0020050624
REF*ST*09639
REF*DP*043
DTM*999*20050623
RMR*IK*963920050624*PI*9.96*9.96*0
REF*PO*0020050625
REF*ST*09639
REF*DP*043
DTM*999*20050624
RMR*IK*963920050625*PI*4.74*4.74*0
REF*PO*0020050626
REF*ST*09639
REF*DP*043
DTM*999*20050625
RMR*IK*963920050626*PI*7.64*7.64*0
REF*PO*0020050627
REF*ST*09639
REF*DP*043
DTM*999*20050626
RMR*IK*963920050627*PI*.75*.75*0
REF*PO*0020050628
REF*ST*09639
REF*DP*043
DTM*999*20050627
RMR*IK*963920050628*PI*5.8*5.8*0
REF*PO*0020050629
REF*ST*09639
REF*DP*043
DTM*999*20050628
RMR*IK*963920050629*PI*4.74*4.74*0
REF*PO*0020050630
REF*ST*09639
REF*DP*043
DTM*999*20050629
RMR*IK*964820050623*PI*30.7*30.7*0
REF*PO*0020050624
REF*ST*09648
REF*DP*043
DTM*999*20050623
RMR*IK*964820050624*PI*21.4*21.4*0
REF*PO*0020050625
REF*ST*09648
REF*DP*043
DTM*999*20050624
RMR*IK*964820050625*PI*45.76*45.76*0
REF*PO*0020050626
REF*ST*09648
REF*DP*043
DTM*999*20050625
RMR*IK*964820050626*PI*23.99*23.99*0
REF*PO*0020050627
REF*ST*09648
REF*DP*043
DTM*999*20050626
RMR*IK*964820050627*PI*28.8*28.8*0
REF*PO*0020050628
REF*ST*09648
REF*DP*043
DTM*999*20050627
RMR*IK*964820050628*PI*24.62*24.62*0
REF*PO*0020050629
REF*ST*09648
REF*DP*043
DTM*999*20050628
RMR*IK*964820050629*PI*3*3*0
REF*PO*0020050630
REF*ST*09648
REF*DP*043
DTM*999*20050629
RMR*IK*967420050623*PI*65.27*65.27*0
REF*PO*0020050624
REF*ST*09674
REF*DP*043
DTM*999*20050623
RMR*IK*967420050624*PI*77.76*77.76*0
REF*PO*0020050625
REF*ST*09674
REF*DP*043
DTM*999*20050624
RMR*IK*967420050625*PI*74.07*74.07*0
REF*PO*0020050626
REF*ST*09674
REF*DP*043
DTM*999*20050625
RMR*IK*967420050626*PI*47.2*47.2*0
REF*PO*0020050627
REF*ST*09674
REF*DP*043
DTM*999*20050626
RMR*IK*967420050627*PI*62.86*62.86*0
REF*PO*0020050628
REF*ST*09674
REF*DP*043
DTM*999*20050627
RMR*IK*967420050628*PI*68.45*68.45*0
REF*PO*0020050629
REF*ST*09674
REF*DP*043
DTM*999*20050628
RMR*IK*967420050629*PI*55.44*55.44*0
REF*PO*0020050630
REF*ST*09674
REF*DP*043
DTM*999*20050629
RMR*IK*972820050623*PI*34.65*34.65*0
REF*PO*0020050624
REF*ST*09728
REF*DP*043
DTM*999*20050623
RMR*IK*972820050624*PI*31.67*31.67*0
REF*PO*0020050625
REF*ST*09728
REF*DP*043
DTM*999*20050624
RMR*IK*972820050625*PI*21.05*21.05*0
REF*PO*0020050626
REF*ST*09728
REF*DP*043
DTM*999*20050625
RMR*IK*972820050626*PI*39.9*39.9*0
REF*PO*0020050627
REF*ST*09728
REF*DP*043
DTM*999*20050626
RMR*IK*972820050627*PI*4.55*4.55*0
REF*PO*0020050628
REF*ST*09728
REF*DP*043
DTM*999*20050627
RMR*IK*972820050628*PI*23.57*23.57*0
REF*PO*0020050629
REF*ST*09728
REF*DP*043
DTM*999*20050628
RMR*IK*972820050629*PI*12.19*12.19*0
REF*PO*0020050630
REF*ST*09728
REF*DP*043
DTM*999*20050629
RMR*IK*973520050623*PI*73.03*73.03*0
REF*PO*0020050624
REF*ST*09735
REF*DP*043
DTM*999*20050623
RMR*IK*973520050624*PI*16.99*16.99*0
REF*PO*0020050625
REF*ST*09735
REF*DP*043
DTM*999*20050624
RMR*IK*973520050625*PI*4.17*4.17*0
REF*PO*0020050626
REF*ST*09735
REF*DP*043
DTM*999*20050625
RMR*IK*973520050626*PI*21.06*21.06*0
REF*PO*0020050627
REF*ST*09735
REF*DP*043
DTM*999*20050626
RMR*IK*973520050627*PI*4.92*4.92*0
REF*PO*0020050628
REF*ST*09735
REF*DP*043
DTM*999*20050627
RMR*IK*973520050628*PI*9.12*9.12*0
REF*PO*0020050629
REF*ST*09735
REF*DP*043
DTM*999*20050628
RMR*IK*973520050629*PI*3.41*3.41*0
REF*PO*0020050630
REF*ST*09735
REF*DP*043
DTM*999*20050629
RMR*IK*975820050623*PI*6.69*6.69*0
REF*PO*0020050624
REF*ST*09758
REF*DP*043
DTM*999*20050623
RMR*IK*975820050624*PI*1.16*1.16*0
REF*PO*0020050625
REF*ST*09758
REF*DP*043
DTM*999*20050624
RMR*IK*975820050627*PI*6*6*0
REF*PO*0020050628
REF*ST*09758
REF*DP*043
DTM*999*20050627
RMR*IK*975820050628*PI*3*3*0
REF*PO*0020050629
REF*ST*09758
REF*DP*043
DTM*999*20050628
RMR*IK*981820050624*PI*1.5*1.5*0
REF*PO*0020050625
REF*ST*09818
REF*DP*043
DTM*999*20050624
RMR*IK*981820050625*PI*.75*.75*0
REF*PO*0020050626
REF*ST*09818
REF*DP*043
DTM*999*20050625
RMR*IK*981820050628*PI*4.06*4.06*0
REF*PO*0020050629
REF*ST*09818
REF*DP*043
DTM*999*20050628
RMR*IK*981820050629*PI*2.32*2.32*0
REF*PO*0020050630
REF*ST*09818
REF*DP*043
DTM*999*20050629
SE*2539*000000001
GE*1*100200
IEA*1*000100291
ISA*00*          *00*          *09*006985290AC    *12*6154525825     *050726*0427*U*00400*000000794*0*P*>
GS*PD*006985290AC*6154525825*20050726*04274761*171*X*004010
ST*852*000000001
XQ*H*20050726
N9*AD*T00000040
LIN**CB*970956116*ZZ*43*UP*831664000019*****DG*1*VS*00000
ZA*QS***006*20050725
CTP**UCP*.38
SDQ*EA*ZZ*3672*1*4717*3*7132*6
CTT*1
SE*9*000000001
ST*852*000000002
XQ*H*20050726
N9*AD*T00000040
LIN**CB*970957114*ZZ*43*UP*831664000255*****DG*1*VS*00000
ZA*QS***006*20050725
CTP**UCP*.58
SDQ*EA*ZZ*7064*5
CTT*1
SE*9*000000002
ST*852*000000003
XQ*H*20050726
N9*AD*T00000040
LIN**CB*970958112*ZZ*43*UP*831664000699*****DG*1*VS*00000
ZA*QS***006*20050725
CTP**UCP*.58
SDQ*EA*ZZ*4717*1
CTT*1
SE*9*000000003
ST*852*000000004
XQ*H*20050726
N9*AD*T00000040
LIN**CB*970960118*ZZ*43*UP*831664000682*****DG*1*VS*00000
ZA*QS***006*20050725
CTP**UCP*.75
SDQ*EA*ZZ*4717*4
CTT*1
SE*9*000000004
ST*852*000000005
XQ*H*20050726
N9*AD*T00000040
LIN**CB*970961116*ZZ*43*UP*831664000330*****DG*1*VS*00000
ZA*QS***006*20050725
CTP**UCP*.75
SDQ*EA*ZZ*4717*4*4883*3
CTT*1
SE*9*000000005
ST*852*000000006
XQ*H*20050726
N9*AD*T00000040
LIN**CB*970964110*ZZ*43*UP*831664000453*****DG*1*VS*00000
ZA*QS***006*20050725
CTP**UCP*3
SDQ*EA*ZZ*3063*2*4739*1
CTT*1
SE*9*000000006
ST*852*000000007
XQ*H*20050726
N9*AD*T00000040
LIN**CB*970965117*ZZ*43*UP*831664000460*****DG*1*VS*00000
ZA*QS***006*20050725
CTP**UCP*3
SDQ*EA*ZZ*3836*1
CTT*1
SE*9*000000007
ST*852*000000008
XQ*H*20050726
N9*AD*T00000040
LIN**CB*970970117*ZZ*43*UP*831664000859*****DG*1*VS*00000
ZA*QS***006*20050725
CTP**UCP*2.4
SDQ*EA*ZZ*3848*3*4093*8*7637*3*9560*1
LIN**CB*970970117*ZZ*43*UP*831664000859*****DG*4*VS*00000
ZA*QS***006*20050725
CTP**UCP*2.4
SDQ*EA*ZZ*3848*4
CTT*2
SE*13*000000008
ST*852*000000009
XQ*H*20050726
N9*AD*T00000040
LIN**CB*970982112*ZZ*43*UP*831664000989*****DG*1*VS*00000
ZA*QS***006*20050725
CTP**UCP*1
SDQ*EA*ZZ*7607*2
CTT*1
SE*9*000000009
ST*852*000000010
XQ*H*20050726
N9*AD*T00000040
LIN**CB*970984118*ZZ*43*UP*831664001009*****DG*5*VS*00000
ZA*QS***006*20050725
CTP**UCP*1.65
SDQ*EA*ZZ*7255*3
CTT*1
SE*9*000000010
ST*852*000000011
XQ*H*20050726
N9*AD*T00000040
LIN**CB*970988119*ZZ*43*UP*831664001047*****DG*1*VS*00000
ZA*QS***006*20050725
CTP**UCP*.5
SDQ*EA*ZZ*7132*3
CTT*1
SE*9*000000011
GE*11*171
IEA*1*000000794
*** SUPERTRACS READY FOR INPUT
