ISA*00*          *00*          *09*006985290EFT   *12*6154525825     *070112*2235*U*00400*001000056*0*P*>
GS*RA*006985290EFT*6154525825*20070112*2235*1000056*X*004010
ST*820*0001
BPR*I*30338.59*C*ACH*CCP*01*021000018*DA*0300955622*9008965873**01*064102601*DA*3000289*20070116*VEN
TRN*3*770208176*9008965873
DTM*097*20070112
N1*PR*KMART CORPORATION*1*008965873
N1*PE*YOUNGS FARMS*92*00069099588
N1*SE*YOUNGS FARMS*92*00069099588
ENT*1
RMR*IK*302220061214*PI*4.44*4.44*0
REF*PO*0020061215
REF*ST*03022
REF*DP*043
DTM*999*20061214
RMR*IK*302220061215*PI*7.4*7.4*0
REF*PO*0020061216
REF*ST*03022
REF*DP*043
DTM*999*20061215
RMR*IK*302220061216*PI*23.68*23.68*0
REF*PO*0020061217
REF*ST*03022
REF*DP*043
DTM*999*20061216
RMR*IK*302220061217*PI*12.48*12.48*0
REF*PO*0020061218
REF*ST*03022
REF*DP*043
DTM*999*20061217
RMR*IK*302220061218*PI*13.32*13.32*0
REF*PO*0020061219
REF*ST*03022
REF*DP*043
DTM*999*20061218
RMR*IK*302220061219*PI*8.88*8.88*0
REF*PO*0020061220
REF*ST*03022
REF*DP*043
DTM*999*20061219
RMR*IK*302220061220*PI*1.48*1.48*0
REF*PO*0020061221
REF*ST*03022
REF*DP*043
DTM*999*20061220
RMR*IK*306320061214*PI*32.6*32.6*0
REF*PO*0020061215
REF*ST*03063
REF*DP*043
DTM*999*20061214
RMR*IK*306320061215*PI*50*50*0
REF*PO*0020061216
REF*ST*03063
REF*DP*043
DTM*999*20061215
RMR*IK*306320061216*PI*58.6*58.6*0
REF*PO*0020061217
REF*ST*03063
REF*DP*043
DTM*999*20061216
RMR*IK*306320061218*PI*36.84*36.84*0
REF*PO*0020061219
REF*ST*03063
REF*DP*043
DTM*999*20061218
RMR*IK*306320061219*PI*45.68*45.68*0
REF*PO*0020061220
REF*ST*03063
REF*DP*043
DTM*999*20061219
RMR*IK*306320061220*PI*31.16*31.16*0
REF*PO*0020061221
REF*ST*03063
REF*DP*043
DTM*999*20061220
RMR*IK*308220061214*PI*39.8*39.8*0
REF*PO*0020061215
REF*ST*03082
REF*DP*043
DTM*999*20061214
RMR*IK*308220061215*PI*64.64*64.64*0
REF*PO*0020061216
REF*ST*03082
REF*DP*043
DTM*999*20061215
RMR*IK*308220061216*PI*85.44*85.44*0
REF*PO*0020061217
REF*ST*03082
REF*DP*043
DTM*999*20061216
RMR*IK*308220061217*PI*132.36*132.36*0
REF*PO*0020061218
REF*ST*03082
REF*DP*043
DTM*999*20061217
RMR*IK*308220061218*PI*51.64*51.64*0
REF*PO*0020061219
REF*ST*03082
REF*DP*043
DTM*999*20061218
RMR*IK*308220061219*PI*11.88*11.88*0
REF*PO*0020061220
REF*ST*03082
REF*DP*043
DTM*999*20061219
RMR*IK*308220061220*PI*16.36*16.36*0
REF*PO*0020061221
REF*ST*03082
REF*DP*043
DTM*999*20061220
RMR*IK*308320061214*PI*24.8*24.8*0
REF*PO*0020061215
REF*ST*03083
REF*DP*043
DTM*999*20061214
RMR*IK*308320061215*PI*42.24*42.24*0
REF*PO*0020061216
REF*ST*03083
REF*DP*043
DTM*999*20061215
RMR*IK*308320061216*PI*32.56*32.56*0
REF*PO*0020061217
REF*ST*03083
REF*DP*043
DTM*999*20061216
RMR*IK*308320061217*PI*35.52*35.52*0
REF*PO*0020061218
REF*ST*03083
REF*DP*043
DTM*999*20061217
RMR*IK*308320061218*PI*20.72*20.72*0
REF*PO*0020061219
REF*ST*03083
REF*DP*043
DTM*999*20061218
RMR*IK*308320061219*PI*248.68*248.68*0
REF*PO*0020061220
REF*ST*03083
REF*DP*043
DTM*999*20061219
RMR*IK*308320061220*PI*58.37*58.37*0
REF*PO*0020061221
REF*ST*03083
REF*DP*043
DTM*999*20061220
RMR*IK*308420061214*PI*43.16*43.16*0
REF*PO*0020061215
REF*ST*03084
REF*DP*043
DTM*999*20061214
RMR*IK*308420061215*PI*98.12*98.12*0
REF*PO*0020061216
REF*ST*03084
REF*DP*043
DTM*999*20061215
RMR*IK*308420061216*PI*129.2*129.2*0
REF*PO*0020061217
REF*ST*03084
REF*DP*043
DTM*999*20061216
RMR*IK*308420061217*PI*59.64*59.64*0
REF*PO*0020061218
REF*ST*03084
REF*DP*043
DTM*999*20061217
RMR*IK*308420061218*PI*128.4*128.4*0
REF*PO*0020061219
REF*ST*03084
REF*DP*043
DTM*999*20061218
RMR*IK*308420061219*PI*115.24*115.24*0
REF*PO*0020061220
REF*ST*03084
REF*DP*043
DTM*999*20061219
RMR*IK*308420061220*PI*35.52*35.52*0
REF*PO*0020061221
REF*ST*03084
REF*DP*043
DTM*999*20061220
RMR*IK*308420070109*PI*-5.6*-5.6*0
REF*PO*0020070110
REF*ST*03084
REF*DP*043
DTM*999*20070109
RMR*IK*310320061214*PI*1.48*1.48*0
REF*PO*0020061215
REF*ST*03103
REF*DP*043
DTM*999*20061214
RMR*IK*310320061215*PI*8.96*8.96*0
REF*PO*0020061216
REF*ST*03103
REF*DP*043
DTM*999*20061215
RMR*IK*310320061218*PI*1.48*1.48*0
REF*PO*0020061219
REF*ST*03103
REF*DP*043
DTM*999*20061218
RMR*IK*310320061219*PI*1.48*1.48*0
REF*PO*0020061220
REF*ST*03103
REF*DP*043
DTM*999*20061219
RMR*IK*314320061214*PI*48.44*48.44*0
REF*PO*0020061215
REF*ST*03143
REF*DP*043
DTM*999*20061214
RMR*IK*314320061215*PI*54.84*54.84*0
REF*PO*0020061216
REF*ST*03143
REF*DP*043
DTM*999*20061215
RMR*IK*314320061216*PI*89*89*0
REF*PO*0020061217
REF*ST*03143
REF*DP*043
DTM*999*20061216
RMR*IK*314320061217*PI*83.43*83.43*0
REF*PO*0020061218
REF*ST*03143
REF*DP*043
DTM*999*20061217
RMR*IK*314320061218*PI*59.4*59.4*0
REF*PO*0020061219
REF*ST*03143
REF*DP*043
DTM*999*20061218
RMR*IK*314320061219*PI*44.24*44.24*0
REF*PO*0020061220
REF*ST*03143
REF*DP*043
DTM*999*20061219
RMR*IK*314320061220*PI*36.55*36.55*0
REF*PO*0020061221
REF*ST*03143
REF*DP*043
DTM*999*20061220
RMR*IK*319420061214*PI*67.52*67.52*0
REF*PO*0020061215
REF*ST*03194
REF*DP*043
DTM*999*20061214
RMR*IK*319420061215*PI*53.92*53.92*0
REF*PO*0020061216
REF*ST*03194
REF*DP*043
DTM*999*20061215
RMR*IK*319420061216*PI*30.72*30.72*0
REF*PO*0020061217
REF*ST*03194
REF*DP*043
DTM*999*20061216
RMR*IK*319420061217*PI*10.4*10.4*0
REF*PO*0020061218
REF*ST*03194
REF*DP*043
DTM*999*20061217
RMR*IK*319420061218*PI*34.28*34.28*0
REF*PO*0020061219
REF*ST*03194
REF*DP*043
DTM*999*20061218
RMR*IK*319420061219*PI*85.28*85.28*0
REF*PO*0020061220
REF*ST*03194
REF*DP*043
DTM*999*20061219
RMR*IK*319420061220*PI*51*51*0
REF*PO*0020061221
REF*ST*03194
REF*DP*043
DTM*999*20061220
RMR*IK*321920061214*PI*10.36*10.36*0
REF*PO*0020061215
REF*ST*03219
REF*DP*043
DTM*999*20061214
RMR*IK*321920061215*PI*37*37*0
REF*PO*0020061216
REF*ST*03219
REF*DP*043
DTM*999*20061215
RMR*IK*321920061216*PI*1.48*1.48*0
REF*PO*0020061217
REF*ST*03219
REF*DP*043
DTM*999*20061216
RMR*IK*321920061217*PI*11.84*11.84*0
REF*PO*0020061218
REF*ST*03219
REF*DP*043
DTM*999*20061217
RMR*IK*321920061218*PI*16.12*16.12*0
REF*PO*0020061219
REF*ST*03219
REF*DP*043
DTM*999*20061218
RMR*IK*321920061219*PI*26.64*26.64*0
REF*PO*0020061220
REF*ST*03219
REF*DP*043
DTM*999*20061219
RMR*IK*321920061220*PI*14.88*14.88*0
REF*PO*0020061221
REF*ST*03219
REF*DP*043
DTM*999*20061220
RMR*IK*322320061214*PI*81.99*81.99*0
REF*PO*0020061215
REF*ST*03223
REF*DP*043
DTM*999*20061214
RMR*IK*322320061215*PI*52.74*52.74*0
REF*PO*0020061216
REF*ST*03223
REF*DP*043
DTM*999*20061215
RMR*IK*322320061216*PI*178.41*178.41*0
REF*PO*0020061217
REF*ST*03223
REF*DP*043
DTM*999*20061216
RMR*IK*322320061217*PI*66.15*66.15*0
REF*PO*0020061218
REF*ST*03223
REF*DP*043
DTM*999*20061217
RMR*IK*322320061218*PI*67.12*67.12*0
REF*PO*0020061219
REF*ST*03223
REF*DP*043
DTM*999*20061218
RMR*IK*322320061219*PI*51.36*51.36*0
REF*PO*0020061220
REF*ST*03223
REF*DP*043
DTM*999*20061219
RMR*IK*322320061220*PI*20.88*20.88*0
REF*PO*0020061221
REF*ST*03223
REF*DP*043
DTM*999*20061220
RMR*IK*328920061214*PI*29.76*29.76*0
REF*PO*0020061215
REF*ST*03289
REF*DP*043
DTM*999*20061214
RMR*IK*328920061215*PI*14.84*14.84*0
REF*PO*0020061216
REF*ST*03289
REF*DP*043
DTM*999*20061215
RMR*IK*328920061216*PI*8.88*8.88*0
REF*PO*0020061217
REF*ST*03289
REF*DP*043
DTM*999*20061216
RMR*IK*328920061217*PI*40.72*40.72*0
REF*PO*0020061218
REF*ST*03289
REF*DP*043
DTM*999*20061217
RMR*IK*328920061218*PI*20.8*20.8*0
REF*PO*0020061219
REF*ST*03289
REF*DP*043
DTM*999*20061218
RMR*IK*328920061219*PI*25.2*25.2*0
REF*PO*0020061220
REF*ST*03289
REF*DP*043
DTM*999*20061219
RMR*IK*328920061220*PI*14.92*14.92*0
REF*PO*0020061221
REF*ST*03289
REF*DP*043
DTM*999*20061220
RMR*IK*334820061214*PI*45.92*45.92*0
REF*PO*0020061215
REF*ST*03348
REF*DP*043
DTM*999*20061214
RMR*IK*334820061215*PI*57.44*57.44*0
REF*PO*0020061216
REF*ST*03348
REF*DP*043
DTM*999*20061215
RMR*IK*334820061216*PI*38.6*38.6*0
REF*PO*0020061217
REF*ST*03348
REF*DP*043
DTM*999*20061216
RMR*IK*334820061217*PI*23.76*23.76*0
REF*PO*0020061218
REF*ST*03348
REF*DP*043
DTM*999*20061217
RMR*IK*334820061218*PI*31.12*31.12*0
REF*PO*0020061219
REF*ST*03348
REF*DP*043
DTM*999*20061218
RMR*IK*334820061219*PI*34.16*34.16*0
REF*PO*0020061220
REF*ST*03348
REF*DP*043
DTM*999*20061219
RMR*IK*334820061220*PI*22.24*22.24*0
REF*PO*0020061221
REF*ST*03348
REF*DP*043
DTM*999*20061220
RMR*IK*335520061214*PI*22.24*22.24*0
REF*PO*0020061215
REF*ST*03355
REF*DP*043
DTM*999*20061214
RMR*IK*335520061215*PI*29.72*29.72*0
REF*PO*0020061216
REF*ST*03355
REF*DP*043
DTM*999*20061215
RMR*IK*335520061216*PI*36.2*36.2*0
REF*PO*0020061217
REF*ST*03355
REF*DP*043
DTM*999*20061216
RMR*IK*335520061217*PI*59.08*59.08*0
REF*PO*0020061218
REF*ST*03355
REF*DP*043
DTM*999*20061217
RMR*IK*335520061218*PI*41.52*41.52*0
REF*PO*0020061219
REF*ST*03355
REF*DP*043
DTM*999*20061218
RMR*IK*335520061219*PI*36.6*36.6*0
REF*PO*0020061220
REF*ST*03355
REF*DP*043
DTM*999*20061219
RMR*IK*335520061220*PI*20.72*20.72*0
REF*PO*0020061221
REF*ST*03355
REF*DP*043
DTM*999*20061220
RMR*IK*335920061214*PI*35.64*35.64*0
REF*PO*0020061215
REF*ST*03359
REF*DP*043
DTM*999*20061214
RMR*IK*335920061215*PI*31.12*31.12*0
REF*PO*0020061216
REF*ST*03359
REF*DP*043
DTM*999*20061215
RMR*IK*335920061216*PI*63.68*63.68*0
REF*PO*0020061217
REF*ST*03359
REF*DP*043
DTM*999*20061216
RMR*IK*335920061217*PI*22.2*22.2*0
REF*PO*0020061218
REF*ST*03359
REF*DP*043
DTM*999*20061217
RMR*IK*335920061218*PI*10.36*10.36*0
REF*PO*0020061219
REF*ST*03359
REF*DP*043
DTM*999*20061218
RMR*IK*335920061219*PI*53.36*53.36*0
REF*PO*0020061220
REF*ST*03359
REF*DP*043
DTM*999*20061219
RMR*IK*335920061220*PI*8.88*8.88*0
REF*PO*0020061221
REF*ST*03359
REF*DP*043
DTM*999*20061220
RMR*IK*340820061214*PI*22*22*0
REF*PO*0020061215
REF*ST*03408
REF*DP*043
DTM*999*20061214
RMR*IK*340820061215*PI*51.4*51.4*0
REF*PO*0020061216
REF*ST*03408
REF*DP*043
DTM*999*20061215
RMR*IK*340820061216*PI*138.72*138.72*0
REF*PO*0020061217
REF*ST*03408
REF*DP*043
DTM*999*20061216
RMR*IK*340820061217*PI*98.36*98.36*0
REF*PO*0020061218
REF*ST*03408
REF*DP*043
DTM*999*20061217
RMR*IK*340820061218*PI*95.56*95.56*0
REF*PO*0020061219
REF*ST*03408
REF*DP*043
DTM*999*20061218
RMR*IK*340820061219*PI*108.4*108.4*0
REF*PO*0020061220
REF*ST*03408
REF*DP*043
DTM*999*20061219
RMR*IK*340820061220*PI*151.73*151.73*0
REF*PO*0020061221
REF*ST*03408
REF*DP*043
DTM*999*20061220
RMR*IK*360220061214*PI*13.24*13.24*0
REF*PO*0020061215
REF*ST*03602
REF*DP*043
DTM*999*20061214
RMR*IK*360220061215*PI*9.64*9.64*0
REF*PO*0020061216
REF*ST*03602
REF*DP*043
DTM*999*20061215
RMR*IK*360220061216*PI*5.92*5.92*0
REF*PO*0020061217
REF*ST*03602
REF*DP*043
DTM*999*20061216
RMR*IK*360220061217*PI*14.8*14.8*0
REF*PO*0020061218
REF*ST*03602
REF*DP*043
DTM*999*20061217
RMR*IK*360220061218*PI*13.96*13.96*0
REF*PO*0020061219
REF*ST*03602
REF*DP*043
DTM*999*20061218
RMR*IK*360220061219*PI*5.92*5.92*0
REF*PO*0020061220
REF*ST*03602
REF*DP*043
DTM*999*20061219
RMR*IK*360220061220*PI*13.44*13.44*0
REF*PO*0020061221
REF*ST*03602
REF*DP*043
DTM*999*20061220
RMR*IK*364420061214*PI*34.04*34.04*0
REF*PO*0020061215
REF*ST*03644
REF*DP*043
DTM*999*20061214
RMR*IK*364420061215*PI*29.6*29.6*0
REF*PO*0020061216
REF*ST*03644
REF*DP*043
DTM*999*20061215
RMR*IK*364420061216*PI*65.24*65.24*0
REF*PO*0020061217
REF*ST*03644
REF*DP*043
DTM*999*20061216
RMR*IK*364420061217*PI*47.48*47.48*0
REF*PO*0020061218
REF*ST*03644
REF*DP*043
DTM*999*20061217
RMR*IK*364420061218*PI*41.48*41.48*0
REF*PO*0020061219
REF*ST*03644
REF*DP*043
DTM*999*20061218
RMR*IK*364420061219*PI*4.44*4.44*0
REF*PO*0020061220
REF*ST*03644
REF*DP*043
DTM*999*20061219
RMR*IK*364420061220*PI*2.96*2.96*0
REF*PO*0020061221
REF*ST*03644
REF*DP*043
DTM*999*20061220
RMR*IK*364620061214*PI*50.44*50.44*0
REF*PO*0020061215
REF*ST*03646
REF*DP*043
DTM*999*20061214
RMR*IK*364620061215*PI*185.26*185.26*0
REF*PO*0020061216
REF*ST*03646
REF*DP*043
DTM*999*20061215
RMR*IK*364620061216*PI*131.11*131.11*0
REF*PO*0020061217
REF*ST*03646
REF*DP*043
DTM*999*20061216
RMR*IK*364620061217*PI*19.28*19.28*0
REF*PO*0020061218
REF*ST*03646
REF*DP*043
DTM*999*20061217
RMR*IK*364620061218*PI*48.24*48.24*0
REF*PO*0020061219
REF*ST*03646
REF*DP*043
DTM*999*20061218
RMR*IK*364620061219*PI*45.28*45.28*0
REF*PO*0020061220
REF*ST*03646
REF*DP*043
DTM*999*20061219
RMR*IK*364620061220*PI*52.88*52.88*0
REF*PO*0020061221
REF*ST*03646
REF*DP*043
DTM*999*20061220
RMR*IK*366020061214*PI*5.92*5.92*0
REF*PO*0020061215
REF*ST*03660
REF*DP*043
DTM*999*20061214
RMR*IK*366020061215*PI*1.48*1.48*0
REF*PO*0020061216
REF*ST*03660
REF*DP*043
DTM*999*20061215
RMR*IK*366020061216*PI*1.48*1.48*0
REF*PO*0020061217
REF*ST*03660
REF*DP*043
DTM*999*20061216
RMR*IK*366020061218*PI*1.48*1.48*0
REF*PO*0020061219
REF*ST*03660
REF*DP*043
DTM*999*20061218
RMR*IK*366020061219*PI*22.2*22.2*0
REF*PO*0020061220
REF*ST*03660
REF*DP*043
DTM*999*20061219
RMR*IK*366020061220*PI*4.44*4.44*0
REF*PO*0020061221
REF*ST*03660
REF*DP*043
DTM*999*20061220
RMR*IK*366120061214*PI*70.24*70.24*0
REF*PO*0020061215
REF*ST*03661
REF*DP*043
DTM*999*20061214
RMR*IK*366120061215*PI*61.71*61.71*0
REF*PO*0020061216
REF*ST*03661
REF*DP*043
DTM*999*20061215
RMR*IK*366120061216*PI*154.39*154.39*0
REF*PO*0020061217
REF*ST*03661
REF*DP*043
DTM*999*20061216
RMR*IK*366120061217*PI*80.6*80.6*0
REF*PO*0020061218
REF*ST*03661
REF*DP*043
DTM*999*20061217
RMR*IK*366120061218*PI*86.64*86.64*0
REF*PO*0020061219
REF*ST*03661
REF*DP*043
DTM*999*20061218
RMR*IK*366120061219*PI*37.04*37.04*0
REF*PO*0020061220
REF*ST*03661
REF*DP*043
DTM*999*20061219
RMR*IK*366120061220*PI*29.64*29.64*0
REF*PO*0020061221
REF*ST*03661
REF*DP*043
DTM*999*20061220
RMR*IK*367220061214*PI*13.96*13.96*0
REF*PO*0020061215
REF*ST*03672
REF*DP*043
DTM*999*20061214
RMR*IK*367220061215*PI*2.96*2.96*0
REF*PO*0020061216
REF*ST*03672
REF*DP*043
DTM*999*20061215
RMR*IK*367220061216*PI*22.08*22.08*0
REF*PO*0020061217
REF*ST*03672
REF*DP*043
DTM*999*20061216
RMR*IK*367220061217*PI*22.84*22.84*0
REF*PO*0020061218
REF*ST*03672
REF*DP*043
DTM*999*20061217
RMR*IK*367220061218*PI*3*3*0
REF*PO*0020061219
REF*ST*03672
REF*DP*043
DTM*999*20061218
RMR*IK*367220061219*PI*5.92*5.92*0
REF*PO*0020061220
REF*ST*03672
REF*DP*043
DTM*999*20061219
RMR*IK*367520061214*PI*70.2*70.2*0
REF*PO*0020061215
REF*ST*03675
REF*DP*043
DTM*999*20061214
RMR*IK*367520061215*PI*6.56*6.56*0
REF*PO*0020061216
REF*ST*03675
REF*DP*043
DTM*999*20061215
RMR*IK*367520061216*PI*19.24*19.24*0
REF*PO*0020061217
REF*ST*03675
REF*DP*043
DTM*999*20061216
RMR*IK*367520061217*PI*35.52*35.52*0
REF*PO*0020061218
REF*ST*03675
REF*DP*043
DTM*999*20061217
RMR*IK*367520061218*PI*68.28*68.28*0
REF*PO*0020061219
REF*ST*03675
REF*DP*043
DTM*999*20061218
RMR*IK*367520061219*PI*64.6*64.6*0
REF*PO*0020061220
REF*ST*03675
REF*DP*043
DTM*999*20061219
RMR*IK*367520061220*PI*25.32*25.32*0
REF*PO*0020061221
REF*ST*03675
REF*DP*043
DTM*999*20061220
RMR*IK*368520061214*PI*21.92*21.92*0
REF*PO*0020061215
REF*ST*03685
REF*DP*043
DTM*999*20061214
RMR*IK*368520061215*PI*5.56*5.56*0
REF*PO*0020061216
REF*ST*03685
REF*DP*043
DTM*999*20061215
RMR*IK*368520061216*PI*37.79*37.79*0
REF*PO*0020061217
REF*ST*03685
REF*DP*043
DTM*999*20061216
RMR*IK*368520061217*PI*5.56*5.56*0
REF*PO*0020061218
REF*ST*03685
REF*DP*043
DTM*999*20061217
RMR*IK*368520061218*PI*14.8*14.8*0
REF*PO*0020061219
REF*ST*03685
REF*DP*043
DTM*999*20061218
RMR*IK*368520061219*PI*4.44*4.44*0
REF*PO*0020061220
REF*ST*03685
REF*DP*043
DTM*999*20061219
RMR*IK*368520061220*PI*11.43*11.43*0
REF*PO*0020061221
REF*ST*03685
REF*DP*043
DTM*999*20061220
RMR*IK*370120061214*PI*80.52*80.52*0
REF*PO*0020061215
REF*ST*03701
REF*DP*043
DTM*999*20061214
RMR*IK*370120061215*PI*124.12*124.12*0
REF*PO*0020061216
REF*ST*03701
REF*DP*043
DTM*999*20061215
RMR*IK*370120061216*PI*81.92*81.92*0
REF*PO*0020061217
REF*ST*03701
REF*DP*043
DTM*999*20061216
RMR*IK*370120061217*PI*75.92*75.92*0
REF*PO*0020061218
REF*ST*03701
REF*DP*043
DTM*999*20061217
RMR*IK*370120061218*PI*22.36*22.36*0
REF*PO*0020061219
REF*ST*03701
REF*DP*043
DTM*999*20061218
RMR*IK*370120061219*PI*7.4*7.4*0
REF*PO*0020061220
REF*ST*03701
REF*DP*043
DTM*999*20061219
RMR*IK*370320061214*PI*25.31*25.31*0
REF*PO*0020061215
REF*ST*03703
REF*DP*043
DTM*999*20061214
RMR*IK*370320061215*PI*46.82*46.82*0
REF*PO*0020061216
REF*ST*03703
REF*DP*043
DTM*999*20061215
RMR*IK*370320061216*PI*42.16*42.16*0
REF*PO*0020061217
REF*ST*03703
REF*DP*043
DTM*999*20061216
RMR*IK*370320061217*PI*123.24*123.24*0
REF*PO*0020061218
REF*ST*03703
REF*DP*043
DTM*999*20061217
RMR*IK*370320061218*PI*97.46*97.46*0
REF*PO*0020061219
REF*ST*03703
REF*DP*043
DTM*999*20061218
RMR*IK*370320061219*PI*108.43*108.43*0
REF*PO*0020061220
REF*ST*03703
REF*DP*043
DTM*999*20061219
RMR*IK*370320061220*PI*49.92*49.92*0
REF*PO*0020061221
REF*ST*03703
REF*DP*043
DTM*999*20061220
RMR*IK*371320061214*PI*14.39*14.39*0
REF*PO*0020061215
REF*ST*03713
REF*DP*043
DTM*999*20061214
RMR*IK*371320061215*PI*11.43*11.43*0
REF*PO*0020061216
REF*ST*03713
REF*DP*043
DTM*999*20061215
RMR*IK*371320061216*PI*38.23*38.23*0
REF*PO*0020061217
REF*ST*03713
REF*DP*043
DTM*999*20061216
RMR*IK*371320061217*PI*45.63*45.63*0
REF*PO*0020061218
REF*ST*03713
REF*DP*043
DTM*999*20061217
RMR*IK*371320061218*PI*8.88*8.88*0
REF*PO*0020061219
REF*ST*03713
REF*DP*043
DTM*999*20061218
RMR*IK*371320061219*PI*29.6*29.6*0
REF*PO*0020061220
REF*ST*03713
REF*DP*043
DTM*999*20061219
RMR*IK*371320061220*PI*19.28*19.28*0
REF*PO*0020061221
REF*ST*03713
REF*DP*043
DTM*999*20061220
RMR*IK*371520061214*PI*18.6*18.6*0
REF*PO*0020061215
REF*ST*03715
REF*DP*043
DTM*999*20061214
RMR*IK*371520061215*PI*31.76*31.76*0
REF*PO*0020061216
REF*ST*03715
REF*DP*043
DTM*999*20061215
RMR*IK*371520061216*PI*26.68*26.68*0
REF*PO*0020061217
REF*ST*03715
REF*DP*043
DTM*999*20061216
RMR*IK*371520061217*PI*13.12*13.12*0
REF*PO*0020061218
REF*ST*03715
REF*DP*043
DTM*999*20061217
RMR*IK*371520061218*PI*9.28*9.28*0
REF*PO*0020061219
REF*ST*03715
REF*DP*043
DTM*999*20061218
RMR*IK*371520061219*PI*5.92*5.92*0
REF*PO*0020061220
REF*ST*03715
REF*DP*043
DTM*999*20061219
RMR*IK*377320061214*PI*19.24*19.24*0
REF*PO*0020061215
REF*ST*03773
REF*DP*043
DTM*999*20061214
RMR*IK*377320061215*PI*25.2*25.2*0
REF*PO*0020061216
REF*ST*03773
REF*DP*043
DTM*999*20061215
RMR*IK*377320061216*PI*16.28*16.28*0
REF*PO*0020061217
REF*ST*03773
REF*DP*043
DTM*999*20061216
RMR*IK*377320061217*PI*13.32*13.32*0
REF*PO*0020061218
REF*ST*03773
REF*DP*043
DTM*999*20061217
RMR*IK*377320061218*PI*25.2*25.2*0
REF*PO*0020061219
REF*ST*03773
REF*DP*043
DTM*999*20061218
RMR*IK*377320061219*PI*49.56*49.56*0
REF*PO*0020061220
REF*ST*03773
REF*DP*043
DTM*999*20061219
RMR*IK*377320061220*PI*34.12*34.12*0
REF*PO*0020061221
REF*ST*03773
REF*DP*043
DTM*999*20061220
RMR*IK*382220061214*PI*23.68*23.68*0
REF*PO*0020061215
REF*ST*03822
REF*DP*043
DTM*999*20061214
RMR*IK*382220061215*PI*23.72*23.72*0
REF*PO*0020061216
REF*ST*03822
REF*DP*043
DTM*999*20061215
RMR*IK*382220061216*PI*66.68*66.68*0
REF*PO*0020061217
REF*ST*03822
REF*DP*043
DTM*999*20061216
RMR*IK*382220061217*PI*49.68*49.68*0
REF*PO*0020061218
REF*ST*03822
REF*DP*043
DTM*999*20061217
RMR*IK*382220061218*PI*61.32*61.32*0
REF*PO*0020061219
REF*ST*03822
REF*DP*043
DTM*999*20061218
RMR*IK*382220061219*PI*72.11*72.11*0
REF*PO*0020061220
REF*ST*03822
REF*DP*043
DTM*999*20061219
RMR*IK*382220061220*PI*12.52*12.52*0
REF*PO*0020061221
REF*ST*03822
REF*DP*043
DTM*999*20061220
RMR*IK*383620061214*PI*41.28*41.28*0
REF*PO*0020061215
REF*ST*03836
REF*DP*043
DTM*999*20061214
RMR*IK*383620061215*PI*27.08*27.08*0
REF*PO*0020061216
REF*ST*03836
REF*DP*043
DTM*999*20061215
RMR*IK*383620061216*PI*36.55*36.55*0
REF*PO*0020061217
REF*ST*03836
REF*DP*043
DTM*999*20061216
RMR*IK*383620061217*PI*23.68*23.68*0
REF*PO*0020061218
REF*ST*03836
REF*DP*043
DTM*999*20061217
RMR*IK*383620061218*PI*20.72*20.72*0
REF*PO*0020061219
REF*ST*03836
REF*DP*043
DTM*999*20061218
RMR*IK*383620061219*PI*7.4*7.4*0
REF*PO*0020061220
REF*ST*03836
REF*DP*043
DTM*999*20061219
RMR*IK*383620061220*PI*16.28*16.28*0
REF*PO*0020061221
REF*ST*03836
REF*DP*043
DTM*999*20061220
RMR*IK*384820061214*PI*19.88*19.88*0
REF*PO*0020061215
REF*ST*03848
REF*DP*043
DTM*999*20061214
RMR*IK*384820061215*PI*88.88*88.88*0
REF*PO*0020061216
REF*ST*03848
REF*DP*043
DTM*999*20061215
RMR*IK*384820061216*PI*74.24*74.24*0
REF*PO*0020061217
REF*ST*03848
REF*DP*043
DTM*999*20061216
RMR*IK*384820061217*PI*17*17*0
REF*PO*0020061218
REF*ST*03848
REF*DP*043
DTM*999*20061217
RMR*IK*384820061218*PI*75.82*75.82*0
REF*PO*0020061219
REF*ST*03848
REF*DP*043
DTM*999*20061218
RMR*IK*384820061219*PI*19.36*19.36*0
REF*PO*0020061220
REF*ST*03848
REF*DP*043
DTM*999*20061219
RMR*IK*384820061220*PI*7.44*7.44*0
REF*PO*0020061221
REF*ST*03848
REF*DP*043
DTM*999*20061220
RMR*IK*387620061214*PI*9.52*9.52*0
REF*PO*0020061215
REF*ST*03876
REF*DP*043
DTM*999*20061214
RMR*IK*387620061215*PI*4.44*4.44*0
REF*PO*0020061216
REF*ST*03876
REF*DP*043
DTM*999*20061215
RMR*IK*387620061216*PI*61.28*61.28*0
REF*PO*0020061217
REF*ST*03876
REF*DP*043
DTM*999*20061216
RMR*IK*387620061217*PI*44.12*44.12*0
REF*PO*0020061218
REF*ST*03876
REF*DP*043
DTM*999*20061217
RMR*IK*387620061218*PI*28.6*28.6*0
REF*PO*0020061219
REF*ST*03876
REF*DP*043
DTM*999*20061218
RMR*IK*387620061219*PI*10.36*10.36*0
REF*PO*0020061220
REF*ST*03876
REF*DP*043
DTM*999*20061219
RMR*IK*387620061220*PI*31.76*31.76*0
REF*PO*0020061221
REF*ST*03876
REF*DP*043
DTM*999*20061220
RMR*IK*390520061214*PI*5.92*5.92*0
REF*PO*0020061215
REF*ST*03905
REF*DP*043
DTM*999*20061214
RMR*IK*390520061215*PI*16.28*16.28*0
REF*PO*0020061216
REF*ST*03905
REF*DP*043
DTM*999*20061215
RMR*IK*390520061216*PI*41.44*41.44*0
REF*PO*0020061217
REF*ST*03905
REF*DP*043
DTM*999*20061216
RMR*IK*390520061217*PI*1.48*1.48*0
REF*PO*0020061218
REF*ST*03905
REF*DP*043
DTM*999*20061217
RMR*IK*390520061218*PI*8.88*8.88*0
REF*PO*0020061219
REF*ST*03905
REF*DP*043
DTM*999*20061218
RMR*IK*390520061219*PI*2.96*2.96*0
REF*PO*0020061220
REF*ST*03905
REF*DP*043
DTM*999*20061219
RMR*IK*390520061220*PI*8.88*8.88*0
REF*PO*0020061221
REF*ST*03905
REF*DP*043
DTM*999*20061220
RMR*IK*392920061214*PI*34.32*34.32*0
REF*PO*0020061215
REF*ST*03929
REF*DP*043
DTM*999*20061214
RMR*IK*392920061215*PI*7.44*7.44*0
REF*PO*0020061216
REF*ST*03929
REF*DP*043
DTM*999*20061215
RMR*IK*392920061216*PI*20.8*20.8*0
REF*PO*0020061217
REF*ST*03929
REF*DP*043
DTM*999*20061216
RMR*IK*392920061217*PI*7.4*7.4*0
REF*PO*0020061218
REF*ST*03929
REF*DP*043
DTM*999*20061217
RMR*IK*392920061218*PI*16.32*16.32*0
REF*PO*0020061219
REF*ST*03929
REF*DP*043
DTM*999*20061218
RMR*IK*392920061219*PI*10.4*10.4*0
REF*PO*0020061220
REF*ST*03929
REF*DP*043
DTM*999*20061219
RMR*IK*392920061220*PI*1.48*1.48*0
REF*PO*0020061221
REF*ST*03929
REF*DP*043
DTM*999*20061220
RMR*IK*393120061214*PI*16.32*16.32*0
REF*PO*0020061215
REF*ST*03931
REF*DP*043
DTM*999*20061214
RMR*IK*393120061215*PI*22.24*22.24*0
REF*PO*0020061216
REF*ST*03931
REF*DP*043
DTM*999*20061215
RMR*IK*393120061216*PI*34.16*34.16*0
REF*PO*0020061217
REF*ST*03931
REF*DP*043
DTM*999*20061216
RMR*IK*393120061217*PI*20.76*20.76*0
REF*PO*0020061218
REF*ST*03931
REF*DP*043
DTM*999*20061217
RMR*IK*393120061218*PI*7.4*7.4*0
REF*PO*0020061219
REF*ST*03931
REF*DP*043
DTM*999*20061218
RMR*IK*393120061219*PI*29.6*29.6*0
REF*PO*0020061220
REF*ST*03931
REF*DP*043
DTM*999*20061219
RMR*IK*393120061220*PI*20.72*20.72*0
REF*PO*0020061221
REF*ST*03931
REF*DP*043
DTM*999*20061220
RMR*IK*393920061214*PI*14.8*14.8*0
REF*PO*0020061215
REF*ST*03939
REF*DP*043
DTM*999*20061214
RMR*IK*393920061215*PI*33.24*33.24*0
REF*PO*0020061216
REF*ST*03939
REF*DP*043
DTM*999*20061215
RMR*IK*393920061216*PI*30.88*30.88*0
REF*PO*0020061217
REF*ST*03939
REF*DP*043
DTM*999*20061216
RMR*IK*393920061217*PI*27.12*27.12*0
REF*PO*0020061218
REF*ST*03939
REF*DP*043
DTM*999*20061217
RMR*IK*393920061218*PI*20.32*20.32*0
REF*PO*0020061219
REF*ST*03939
REF*DP*043
DTM*999*20061218
RMR*IK*393920061219*PI*59.84*59.84*0
REF*PO*0020061220
REF*ST*03939
REF*DP*043
DTM*999*20061219
RMR*IK*393920061220*PI*5.92*5.92*0
REF*PO*0020061221
REF*ST*03939
REF*DP*043
DTM*999*20061220
RMR*IK*394120061214*PI*30.12*30.12*0
REF*PO*0020061215
REF*ST*03941
REF*DP*043
DTM*999*20061214
RMR*IK*394120061215*PI*30.24*30.24*0
REF*PO*0020061216
REF*ST*03941
REF*DP*043
DTM*999*20061215
RMR*IK*394120061216*PI*33.2*33.2*0
REF*PO*0020061217
REF*ST*03941
REF*DP*043
DTM*999*20061216
RMR*IK*394120061217*PI*44.28*44.28*0
REF*PO*0020061218
REF*ST*03941
REF*DP*043
DTM*999*20061217
RMR*IK*394120061218*PI*52.52*52.52*0
REF*PO*0020061219
REF*ST*03941
REF*DP*043
DTM*999*20061218
RMR*IK*394120061219*PI*32.56*32.56*0
REF*PO*0020061220
REF*ST*03941
REF*DP*043
DTM*999*20061219
RMR*IK*394120061220*PI*44.2*44.2*0
REF*PO*0020061221
REF*ST*03941
REF*DP*043
DTM*999*20061220
RMR*IK*394620061214*PI*5.96*5.96*0
REF*PO*0020061215
REF*ST*03946
REF*DP*043
DTM*999*20061214
RMR*IK*394620061216*PI*4.44*4.44*0
REF*PO*0020061217
REF*ST*03946
REF*DP*043
DTM*999*20061216
RMR*IK*394620061219*PI*1.48*1.48*0
REF*PO*0020061220
REF*ST*03946
REF*DP*043
DTM*999*20061219
RMR*IK*395720061214*PI*29.64*29.64*0
REF*PO*0020061215
REF*ST*03957
REF*DP*043
DTM*999*20061214
RMR*IK*395720061215*PI*20.76*20.76*0
REF*PO*0020061216
REF*ST*03957
REF*DP*043
DTM*999*20061215
RMR*IK*395720061216*PI*20.72*20.72*0
REF*PO*0020061217
REF*ST*03957
REF*DP*043
DTM*999*20061216
RMR*IK*395720061217*PI*5.92*5.92*0
REF*PO*0020061218
REF*ST*03957
REF*DP*043
DTM*999*20061217
RMR*IK*395720061218*PI*5.92*5.92*0
REF*PO*0020061219
REF*ST*03957
REF*DP*043
DTM*999*20061218
RMR*IK*395720061219*PI*1.48*1.48*0
REF*PO*0020061220
REF*ST*03957
REF*DP*043
DTM*999*20061219
RMR*IK*396620061214*PI*16.28*16.28*0
REF*PO*0020061215
REF*ST*03966
REF*DP*043
DTM*999*20061214
RMR*IK*396620061215*PI*19.28*19.28*0
REF*PO*0020061216
REF*ST*03966
REF*DP*043
DTM*999*20061215
RMR*IK*396620061216*PI*33.24*33.24*0
REF*PO*0020061217
REF*ST*03966
REF*DP*043
DTM*999*20061216
RMR*IK*396620061217*PI*17.8*17.8*0
REF*PO*0020061218
REF*ST*03966
REF*DP*043
DTM*999*20061217
RMR*IK*396620061218*PI*30.24*30.24*0
REF*PO*0020061219
REF*ST*03966
REF*DP*043
DTM*999*20061218
RMR*IK*396620061219*PI*32.6*32.6*0
REF*PO*0020061220
REF*ST*03966
REF*DP*043
DTM*999*20061219
RMR*IK*396620061220*PI*45.88*45.88*0
REF*PO*0020061221
REF*ST*03966
REF*DP*043
DTM*999*20061220
RMR*IK*396720061214*PI*8.88*8.88*0
REF*PO*0020061215
REF*ST*03967
REF*DP*043
DTM*999*20061214
RMR*IK*396720061215*PI*14.8*14.8*0
REF*PO*0020061216
REF*ST*03967
REF*DP*043
DTM*999*20061215
RMR*IK*396720061216*PI*35.56*35.56*0
REF*PO*0020061217
REF*ST*03967
REF*DP*043
DTM*999*20061216
RMR*IK*396720061217*PI*8.92*8.92*0
REF*PO*0020061218
REF*ST*03967
REF*DP*043
DTM*999*20061217
RMR*IK*396720061218*PI*14.8*14.8*0
REF*PO*0020061219
REF*ST*03967
REF*DP*043
DTM*999*20061218
RMR*IK*396720061219*PI*8.08*8.08*0
REF*PO*0020061220
REF*ST*03967
REF*DP*043
DTM*999*20061219
RMR*IK*396720061220*PI*10.36*10.36*0
REF*PO*0020061221
REF*ST*03967
REF*DP*043
DTM*999*20061220
RMR*IK*397520061214*PI*46.32*46.32*0
REF*PO*0020061215
REF*ST*03975
REF*DP*043
DTM*999*20061214
RMR*IK*397520061215*PI*125.08*125.08*0
REF*PO*0020061216
REF*ST*03975
REF*DP*043
DTM*999*20061215
RMR*IK*397520061216*PI*128.14*128.14*0
REF*PO*0020061217
REF*ST*03975
REF*DP*043
DTM*999*20061216
RMR*IK*397520061217*PI*24.44*24.44*0
REF*PO*0020061218
REF*ST*03975
REF*DP*043
DTM*999*20061217
RMR*IK*397520061218*PI*11.96*11.96*0
REF*PO*0020061219
REF*ST*03975
REF*DP*043
DTM*999*20061218
RMR*IK*397520061219*PI*7.4*7.4*0
REF*PO*0020061220
REF*ST*03975
REF*DP*043
DTM*999*20061219
RMR*IK*397520061220*PI*14.39*14.39*0
REF*PO*0020061221
REF*ST*03975
REF*DP*043
DTM*999*20061220
RMR*IK*397820061214*PI*38.48*38.48*0
REF*PO*0020061215
REF*ST*03978
REF*DP*043
DTM*999*20061214
RMR*IK*397820061215*PI*38.48*38.48*0
REF*PO*0020061216
REF*ST*03978
REF*DP*043
DTM*999*20061215
RMR*IK*397820061216*PI*35.03*35.03*0
REF*PO*0020061217
REF*ST*03978
REF*DP*043
DTM*999*20061216
RMR*IK*397820061217*PI*48.35*48.35*0
REF*PO*0020061218
REF*ST*03978
REF*DP*043
DTM*999*20061217
RMR*IK*397820061218*PI*25.16*25.16*0
REF*PO*0020061219
REF*ST*03978
REF*DP*043
DTM*999*20061218
RMR*IK*397820061219*PI*15.79*15.79*0
REF*PO*0020061220
REF*ST*03978
REF*DP*043
DTM*999*20061219
RMR*IK*397820061220*PI*23.68*23.68*0
REF*PO*0020061221
REF*ST*03978
REF*DP*043
DTM*999*20061220
RMR*IK*399120061214*PI*25.16*25.16*0
REF*PO*0020061215
REF*ST*03991
REF*DP*043
DTM*999*20061214
RMR*IK*399120061215*PI*34.04*34.04*0
REF*PO*0020061216
REF*ST*03991
REF*DP*043
DTM*999*20061215
RMR*IK*399120061216*PI*32.36*32.36*0
REF*PO*0020061217
REF*ST*03991
REF*DP*043
DTM*999*20061216
RMR*IK*399120061217*PI*7.4*7.4*0
REF*PO*0020061218
REF*ST*03991
REF*DP*043
DTM*999*20061217
RMR*IK*399120061218*PI*16.92*16.92*0
REF*PO*0020061219
REF*ST*03991
REF*DP*043
DTM*999*20061218
RMR*IK*399120061219*PI*13.32*13.32*0
REF*PO*0020061220
REF*ST*03991
REF*DP*043
DTM*999*20061219
RMR*IK*399120061220*PI*15.44*15.44*0
REF*PO*0020061221
REF*ST*03991
REF*DP*043
DTM*999*20061220
RMR*IK*399420061214*PI*14.88*14.88*0
REF*PO*0020061215
REF*ST*03994
REF*DP*043
DTM*999*20061214
RMR*IK*399420061215*PI*14.84*14.84*0
REF*PO*0020061216
REF*ST*03994
REF*DP*043
DTM*999*20061215
RMR*IK*399420061216*PI*25.16*25.16*0
REF*PO*0020061217
REF*ST*03994
REF*DP*043
DTM*999*20061216
RMR*IK*399420061217*PI*13.32*13.32*0
REF*PO*0020061218
REF*ST*03994
REF*DP*043
DTM*999*20061217
RMR*IK*399420061218*PI*1.48*1.48*0
REF*PO*0020061219
REF*ST*03994
REF*DP*043
DTM*999*20061218
RMR*IK*399420061219*PI*10.36*10.36*0
REF*PO*0020061220
REF*ST*03994
REF*DP*043
DTM*999*20061219
RMR*IK*399420061220*PI*14.8*14.8*0
REF*PO*0020061221
REF*ST*03994
REF*DP*043
DTM*999*20061220
RMR*IK*399620061214*PI*31.16*31.16*0
REF*PO*0020061215
REF*ST*03996
REF*DP*043
DTM*999*20061214
RMR*IK*399620061215*PI*48.84*48.84*0
REF*PO*0020061216
REF*ST*03996
REF*DP*043
DTM*999*20061215
RMR*IK*399620061216*PI*66.24*66.24*0
REF*PO*0020061217
REF*ST*03996
REF*DP*043
DTM*999*20061216
RMR*IK*399620061217*PI*69.81*69.81*0
REF*PO*0020061218
REF*ST*03996
REF*DP*043
DTM*999*20061217
RMR*IK*399620061218*PI*52.04*52.04*0
REF*PO*0020061219
REF*ST*03996
REF*DP*043
DTM*999*20061218
RMR*IK*399620061219*PI*50.11*50.11*0
REF*PO*0020061220
REF*ST*03996
REF*DP*043
DTM*999*20061219
RMR*IK*399620061220*PI*7.44*7.44*0
REF*PO*0020061221
REF*ST*03996
REF*DP*043
DTM*999*20061220
RMR*IK*403320061214*PI*5.92*5.92*0
REF*PO*0020061215
REF*ST*04033
REF*DP*043
DTM*999*20061214
RMR*IK*403320061215*PI*2.96*2.96*0
REF*PO*0020061216
REF*ST*04033
REF*DP*043
DTM*999*20061215
RMR*IK*403320061216*PI*32.36*32.36*0
REF*PO*0020061217
REF*ST*04033
REF*DP*043
DTM*999*20061216
RMR*IK*403320061217*PI*2.96*2.96*0
REF*PO*0020061218
REF*ST*04033
REF*DP*043
DTM*999*20061217
RMR*IK*403320061218*PI*1.48*1.48*0
REF*PO*0020061219
REF*ST*04033
REF*DP*043
DTM*999*20061218
RMR*IK*403320061219*PI*1.48*1.48*0
REF*PO*0020061220
REF*ST*04033
REF*DP*043
DTM*999*20061219
RMR*IK*403320061220*PI*5.43*5.43*0
REF*PO*0020061221
REF*ST*04033
REF*DP*043
DTM*999*20061220
RMR*IK*407120061214*PI*42.96*42.96*0
REF*PO*0020061215
REF*ST*04071
REF*DP*043
DTM*999*20061214
RMR*IK*407120061215*PI*21.36*21.36*0
REF*PO*0020061216
REF*ST*04071
REF*DP*043
DTM*999*20061215
RMR*IK*407120061216*PI*40.6*40.6*0
REF*PO*0020061217
REF*ST*04071
REF*DP*043
DTM*999*20061216
RMR*IK*407120061217*PI*16.36*16.36*0
REF*PO*0020061218
REF*ST*04071
REF*DP*043
DTM*999*20061217
RMR*IK*407120061218*PI*38.72*38.72*0
REF*PO*0020061219
REF*ST*04071
REF*DP*043
DTM*999*20061218
RMR*IK*407120061219*PI*14.42*14.42*0
REF*PO*0020061220
REF*ST*04071
REF*DP*043
DTM*999*20061219
RMR*IK*407220061215*PI*17.76*17.76*0
REF*PO*0020061216
REF*ST*04072
REF*DP*043
DTM*999*20061215
RMR*IK*407220061216*PI*4.48*4.48*0
REF*PO*0020061217
REF*ST*04072
REF*DP*043
DTM*999*20061216
RMR*IK*407220061218*PI*3*3*0
REF*PO*0020061219
REF*ST*04072
REF*DP*043
DTM*999*20061218
RMR*IK*407220061220*PI*5.92*5.92*0
REF*PO*0020061221
REF*ST*04072
REF*DP*043
DTM*999*20061220
RMR*IK*409320061214*PI*26.64*26.64*0
REF*PO*0020061215
REF*ST*04093
REF*DP*043
DTM*999*20061214
RMR*IK*409320061215*PI*38.52*38.52*0
REF*PO*0020061216
REF*ST*04093
REF*DP*043
DTM*999*20061215
RMR*IK*409320061216*PI*108.12*108.12*0
REF*PO*0020061217
REF*ST*04093
REF*DP*043
DTM*999*20061216
RMR*IK*409320061217*PI*126.04*126.04*0
REF*PO*0020061218
REF*ST*04093
REF*DP*043
DTM*999*20061217
RMR*IK*409320061218*PI*144.78*144.78*0
REF*PO*0020061219
REF*ST*04093
REF*DP*043
DTM*999*20061218
RMR*IK*409320061219*PI*148.04*148.04*0
REF*PO*0020061220
REF*ST*04093
REF*DP*043
DTM*999*20061219
RMR*IK*409320061220*PI*157.93*157.93*0
REF*PO*0020061221
REF*ST*04093
REF*DP*043
DTM*999*20061220
RMR*IK*410320061214*PI*31.12*31.12*0
REF*PO*0020061215
REF*ST*04103
REF*DP*043
DTM*999*20061214
RMR*IK*410320061215*PI*72.58*72.58*0
REF*PO*0020061216
REF*ST*04103
REF*DP*043
DTM*999*20061215
RMR*IK*410320061216*PI*127.32*127.32*0
REF*PO*0020061217
REF*ST*04103
REF*DP*043
DTM*999*20061216
RMR*IK*410320061217*PI*34.04*34.04*0
REF*PO*0020061218
REF*ST*04103
REF*DP*043
DTM*999*20061217
RMR*IK*410320061218*PI*89.04*89.04*0
REF*PO*0020061219
REF*ST*04103
REF*DP*043
DTM*999*20061218
RMR*IK*410320061219*PI*107.39*107.39*0
REF*PO*0020061220
REF*ST*04103
REF*DP*043
DTM*999*20061219
RMR*IK*410320061220*PI*232.23*232.23*0
REF*PO*0020061221
REF*ST*04103
REF*DP*043
DTM*999*20061220
RMR*IK*412220061214*PI*1.48*1.48*0
REF*PO*0020061215
REF*ST*04122
REF*DP*043
DTM*999*20061214
RMR*IK*412220061215*PI*2.96*2.96*0
REF*PO*0020061216
REF*ST*04122
REF*DP*043
DTM*999*20061215
RMR*IK*412220061217*PI*34.48*34.48*0
REF*PO*0020061218
REF*ST*04122
REF*DP*043
DTM*999*20061217
RMR*IK*412220061218*PI*2.96*2.96*0
REF*PO*0020061219
REF*ST*04122
REF*DP*043
DTM*999*20061218
RMR*IK*412220061219*PI*10.36*10.36*0
REF*PO*0020061220
REF*ST*04122
REF*DP*043
DTM*999*20061219
RMR*IK*412220061220*PI*7.4*7.4*0
REF*PO*0020061221
REF*ST*04122
REF*DP*043
DTM*999*20061220
RMR*IK*418920061214*PI*48.88*48.88*0
REF*PO*0020061215
REF*ST*04189
REF*DP*043
DTM*999*20061214
RMR*IK*418920061215*PI*20.72*20.72*0
REF*PO*0020061216
REF*ST*04189
REF*DP*043
DTM*999*20061215
RMR*IK*418920061216*PI*11.84*11.84*0
REF*PO*0020061217
REF*ST*04189
REF*DP*043
DTM*999*20061216
RMR*IK*418920061217*PI*7.4*7.4*0
REF*PO*0020061218
REF*ST*04189
REF*DP*043
DTM*999*20061217
RMR*IK*418920061219*PI*2.96*2.96*0
REF*PO*0020061220
REF*ST*04189
REF*DP*043
DTM*999*20061219
RMR*IK*419820061214*PI*112.57*112.57*0
REF*PO*0020061215
REF*ST*04198
REF*DP*043
DTM*999*20061214
RMR*IK*419820061215*PI*39.76*39.76*0
REF*PO*0020061216
REF*ST*04198
REF*DP*043
DTM*999*20061215
RMR*IK*419820061216*PI*26.15*26.15*0
REF*PO*0020061217
REF*ST*04198
REF*DP*043
DTM*999*20061216
RMR*IK*419820061217*PI*39.62*39.62*0
REF*PO*0020061218
REF*ST*04198
REF*DP*043
DTM*999*20061217
RMR*IK*419820061218*PI*28.07*28.07*0
REF*PO*0020061219
REF*ST*04198
REF*DP*043
DTM*999*20061218
RMR*IK*419820061219*PI*19.24*19.24*0
REF*PO*0020061220
REF*ST*04198
REF*DP*043
DTM*999*20061219
RMR*IK*419820061220*PI*42.97*42.97*0
REF*PO*0020061221
REF*ST*04198
REF*DP*043
DTM*999*20061220
RMR*IK*421320061214*PI*14.8*14.8*0
REF*PO*0020061215
REF*ST*04213
REF*DP*043
DTM*999*20061214
RMR*IK*421320061215*PI*7.4*7.4*0
REF*PO*0020061216
REF*ST*04213
REF*DP*043
DTM*999*20061215
RMR*IK*421320061216*PI*50.36*50.36*0
REF*PO*0020061217
REF*ST*04213
REF*DP*043
DTM*999*20061216
RMR*IK*421320061217*PI*10.4*10.4*0
REF*PO*0020061218
REF*ST*04213
REF*DP*043
DTM*999*20061217
RMR*IK*421320061218*PI*11.84*11.84*0
REF*PO*0020061219
REF*ST*04213
REF*DP*043
DTM*999*20061218
RMR*IK*421320061219*PI*7.4*7.4*0
REF*PO*0020061220
REF*ST*04213
REF*DP*043
DTM*999*20061219
RMR*IK*421320061220*PI*29.6*29.6*0
REF*PO*0020061221
REF*ST*04213
REF*DP*043
DTM*999*20061220
RMR*IK*424420061214*PI*45.52*45.52*0
REF*PO*0020061215
REF*ST*04244
REF*DP*043
DTM*999*20061214
RMR*IK*424420061215*PI*58.48*58.48*0
REF*PO*0020061216
REF*ST*04244
REF*DP*043
DTM*999*20061215
RMR*IK*424420061216*PI*42.92*42.92*0
REF*PO*0020061217
REF*ST*04244
REF*DP*043
DTM*999*20061216
RMR*IK*424420061217*PI*45.88*45.88*0
REF*PO*0020061218
REF*ST*04244
REF*DP*043
DTM*999*20061217
RMR*IK*424420061218*PI*93.28*93.28*0
REF*PO*0020061219
REF*ST*04244
REF*DP*043
DTM*999*20061218
RMR*IK*424420061219*PI*45.88*45.88*0
REF*PO*0020061220
REF*ST*04244
REF*DP*043
DTM*999*20061219
RMR*IK*424420061220*PI*84.84*84.84*0
REF*PO*0020061221
REF*ST*04244
REF*DP*043
DTM*999*20061220
RMR*IK*430820061214*PI*38.72*38.72*0
REF*PO*0020061215
REF*ST*04308
REF*DP*043
DTM*999*20061214
RMR*IK*430820061215*PI*81.08*81.08*0
REF*PO*0020061216
REF*ST*04308
REF*DP*043
DTM*999*20061215
RMR*IK*430820061216*PI*64.6*64.6*0
REF*PO*0020061217
REF*ST*04308
REF*DP*043
DTM*999*20061216
RMR*IK*430820061217*PI*57.32*57.32*0
REF*PO*0020061218
REF*ST*04308
REF*DP*043
DTM*999*20061217
RMR*IK*430820061218*PI*33.33*33.33*0
REF*PO*0020061219
REF*ST*04308
REF*DP*043
DTM*999*20061218
RMR*IK*430820061219*PI*26.15*26.15*0
REF*PO*0020061220
REF*ST*04308
REF*DP*043
DTM*999*20061219
RMR*IK*431220061214*PI*23.48*23.48*0
REF*PO*0020061215
REF*ST*04312
REF*DP*043
DTM*999*20061214
RMR*IK*431220061215*PI*20.8*20.8*0
REF*PO*0020061216
REF*ST*04312
REF*DP*043
DTM*999*20061215
RMR*IK*431220061216*PI*190.88*190.88*0
REF*PO*0020061217
REF*ST*04312
REF*DP*043
DTM*999*20061216
RMR*IK*431220061217*PI*65.64*65.64*0
REF*PO*0020061218
REF*ST*04312
REF*DP*043
DTM*999*20061217
RMR*IK*431220061218*PI*77.2*77.2*0
REF*PO*0020061219
REF*ST*04312
REF*DP*043
DTM*999*20061218
RMR*IK*431220061219*PI*57.6*57.6*0
REF*PO*0020061220
REF*ST*04312
REF*DP*043
DTM*999*20061219
RMR*IK*431220061220*PI*57.61*57.61*0
REF*PO*0020061221
REF*ST*04312
REF*DP*043
DTM*999*20061220
RMR*IK*445120061214*PI*11.84*11.84*0
REF*PO*0020061215
REF*ST*04451
REF*DP*043
DTM*999*20061214
RMR*IK*445120061215*PI*38.48*38.48*0
REF*PO*0020061216
REF*ST*04451
REF*DP*043
DTM*999*20061215
RMR*IK*445120061216*PI*31.08*31.08*0
REF*PO*0020061217
REF*ST*04451
REF*DP*043
DTM*999*20061216
RMR*IK*445120061217*PI*5.92*5.92*0
REF*PO*0020061218
REF*ST*04451
REF*DP*043
DTM*999*20061217
RMR*IK*445120061218*PI*2.96*2.96*0
REF*PO*0020061219
REF*ST*04451
REF*DP*043
DTM*999*20061218
RMR*IK*445120061219*PI*4.44*4.44*0
REF*PO*0020061220
REF*ST*04451
REF*DP*043
DTM*999*20061219
RMR*IK*445120061220*PI*2.96*2.96*0
REF*PO*0020061221
REF*ST*04451
REF*DP*043
DTM*999*20061220
RMR*IK*447520061214*PI*10.4*10.4*0
REF*PO*0020061215
REF*ST*04475
REF*DP*043
DTM*999*20061214
RMR*IK*447520061215*PI*23.88*23.88*0
REF*PO*0020061216
REF*ST*04475
REF*DP*043
DTM*999*20061215
RMR*IK*447520061216*PI*12.38*12.38*0
REF*PO*0020061217
REF*ST*04475
REF*DP*043
DTM*999*20061216
RMR*IK*447520061217*PI*29.6*29.6*0
REF*PO*0020061218
REF*ST*04475
REF*DP*043
DTM*999*20061217
RMR*IK*447520061218*PI*11.84*11.84*0
REF*PO*0020061219
REF*ST*04475
REF*DP*043
DTM*999*20061218
RMR*IK*447520061219*PI*50.32*50.32*0
REF*PO*0020061220
REF*ST*04475
REF*DP*043
DTM*999*20061219
RMR*IK*447520061220*PI*23.68*23.68*0
REF*PO*0020061221
REF*ST*04475
REF*DP*043
DTM*999*20061220
RMR*IK*448920061214*PI*22.24*22.24*0
REF*PO*0020061215
REF*ST*04489
REF*DP*043
DTM*999*20061214
RMR*IK*448920061215*PI*26.64*26.64*0
REF*PO*0020061216
REF*ST*04489
REF*DP*043
DTM*999*20061215
RMR*IK*448920061216*PI*35.56*35.56*0
REF*PO*0020061217
REF*ST*04489
REF*DP*043
DTM*999*20061216
RMR*IK*448920061217*PI*20.92*20.92*0
REF*PO*0020061218
REF*ST*04489
REF*DP*043
DTM*999*20061217
RMR*IK*448920061218*PI*27.28*27.28*0
REF*PO*0020061219
REF*ST*04489
REF*DP*043
DTM*999*20061218
RMR*IK*448920061219*PI*22*22*0
REF*PO*0020061220
REF*ST*04489
REF*DP*043
DTM*999*20061219
RMR*IK*448920061220*PI*2.96*2.96*0
REF*PO*0020061221
REF*ST*04489
REF*DP*043
DTM*999*20061220
RMR*IK*471720061214*PI*42.2*42.2*0
REF*PO*0020061215
REF*ST*04717
REF*DP*043
DTM*999*20061214
RMR*IK*471720061215*PI*15.83*15.83*0
REF*PO*0020061216
REF*ST*04717
REF*DP*043
DTM*999*20061215
RMR*IK*471720061216*PI*87.65*87.65*0
REF*PO*0020061217
REF*ST*04717
REF*DP*043
DTM*999*20061216
RMR*IK*471720061217*PI*57.76*57.76*0
REF*PO*0020061218
REF*ST*04717
REF*DP*043
DTM*999*20061217
RMR*IK*471720061218*PI*37.16*37.16*0
REF*PO*0020061219
REF*ST*04717
REF*DP*043
DTM*999*20061218
RMR*IK*471720061219*PI*25.2*25.2*0
REF*PO*0020061220
REF*ST*04717
REF*DP*043
DTM*999*20061219
RMR*IK*471720061220*PI*19.24*19.24*0
REF*PO*0020061221
REF*ST*04717
REF*DP*043
DTM*999*20061220
RMR*IK*471920061214*PI*81.25*81.25*0
REF*PO*0020061215
REF*ST*04719
REF*DP*043
DTM*999*20061214
RMR*IK*471920061215*PI*80.65*80.65*0
REF*PO*0020061216
REF*ST*04719
REF*DP*043
DTM*999*20061215
RMR*IK*471920061216*PI*362.31*362.31*0
REF*PO*0020061217
REF*ST*04719
REF*DP*043
DTM*999*20061216
RMR*IK*471920061217*PI*274.46*274.46*0
REF*PO*0020061218
REF*ST*04719
REF*DP*043
DTM*999*20061217
RMR*IK*471920061218*PI*284.79*284.79*0
REF*PO*0020061219
REF*ST*04719
REF*DP*043
DTM*999*20061218
RMR*IK*471920061219*PI*240.97*240.97*0
REF*PO*0020061220
REF*ST*04719
REF*DP*043
DTM*999*20061219
RMR*IK*471920061220*PI*276.06*276.06*0
REF*PO*0020061221
REF*ST*04719
REF*DP*043
DTM*999*20061220
RMR*IK*472320061214*PI*20.72*20.72*0
REF*PO*0020061215
REF*ST*04723
REF*DP*043
DTM*999*20061214
RMR*IK*472320061215*PI*17.76*17.76*0
REF*PO*0020061216
REF*ST*04723
REF*DP*043
DTM*999*20061215
RMR*IK*472320061216*PI*38.48*38.48*0
REF*PO*0020061217
REF*ST*04723
REF*DP*043
DTM*999*20061216
RMR*IK*472320061217*PI*27.67*27.67*0
REF*PO*0020061218
REF*ST*04723
REF*DP*043
DTM*999*20061217
RMR*IK*472320061218*PI*40.8*40.8*0
REF*PO*0020061219
REF*ST*04723
REF*DP*043
DTM*999*20061218
RMR*IK*472320061219*PI*22.32*22.32*0
REF*PO*0020061220
REF*ST*04723
REF*DP*043
DTM*999*20061219
RMR*IK*472320061220*PI*21.44*21.44*0
REF*PO*0020061221
REF*ST*04723
REF*DP*043
DTM*999*20061220
RMR*IK*473920061214*PI*25.16*25.16*0
REF*PO*0020061215
REF*ST*04739
REF*DP*043
DTM*999*20061214
RMR*IK*473920061215*PI*25.16*25.16*0
REF*PO*0020061216
REF*ST*04739
REF*DP*043
DTM*999*20061215
RMR*IK*473920061216*PI*38.48*38.48*0
REF*PO*0020061217
REF*ST*04739
REF*DP*043
DTM*999*20061216
RMR*IK*473920061217*PI*50.82*50.82*0
REF*PO*0020061218
REF*ST*04739
REF*DP*043
DTM*999*20061217
RMR*IK*473920061218*PI*16.28*16.28*0
REF*PO*0020061219
REF*ST*04739
REF*DP*043
DTM*999*20061218
RMR*IK*473920061220*PI*2.96*2.96*0
REF*PO*0020061221
REF*ST*04739
REF*DP*043
DTM*999*20061220
RMR*IK*475320061214*PI*5.92*5.92*0
REF*PO*0020061215
REF*ST*04753
REF*DP*043
DTM*999*20061214
RMR*IK*475320061215*PI*14.8*14.8*0
REF*PO*0020061216
REF*ST*04753
REF*DP*043
DTM*999*20061215
RMR*IK*475320061216*PI*17.76*17.76*0
REF*PO*0020061217
REF*ST*04753
REF*DP*043
DTM*999*20061216
RMR*IK*475320061217*PI*1.48*1.48*0
REF*PO*0020061218
REF*ST*04753
REF*DP*043
DTM*999*20061217
RMR*IK*475320061218*PI*2.96*2.96*0
REF*PO*0020061219
REF*ST*04753
REF*DP*043
DTM*999*20061218
RMR*IK*475320061219*PI*1.48*1.48*0
REF*PO*0020061220
REF*ST*04753
REF*DP*043
DTM*999*20061219
RMR*IK*475320061220*PI*22.2*22.2*0
REF*PO*0020061221
REF*ST*04753
REF*DP*043
DTM*999*20061220
RMR*IK*476020061214*PI*28.12*28.12*0
REF*PO*0020061215
REF*ST*04760
REF*DP*043
DTM*999*20061214
RMR*IK*476020061215*PI*13.32*13.32*0
REF*PO*0020061216
REF*ST*04760
REF*DP*043
DTM*999*20061215
RMR*IK*476020061216*PI*37.15*37.15*0
REF*PO*0020061217
REF*ST*04760
REF*DP*043
DTM*999*20061216
RMR*IK*476020061217*PI*1.48*1.48*0
REF*PO*0020061218
REF*ST*04760
REF*DP*043
DTM*999*20061217
RMR*IK*476920061214*PI*48.96*48.96*0
REF*PO*0020061215
REF*ST*04769
REF*DP*043
DTM*999*20061214
RMR*IK*476920061215*PI*25.8*25.8*0
REF*PO*0020061216
REF*ST*04769
REF*DP*043
DTM*999*20061215
RMR*IK*476920061216*PI*38.08*38.08*0
REF*PO*0020061217
REF*ST*04769
REF*DP*043
DTM*999*20061216
RMR*IK*476920061217*PI*11.96*11.96*0
REF*PO*0020061218
REF*ST*04769
REF*DP*043
DTM*999*20061217
RMR*IK*476920061218*PI*4.44*4.44*0
REF*PO*0020061219
REF*ST*04769
REF*DP*043
DTM*999*20061218
RMR*IK*476920061219*PI*4.44*4.44*0
REF*PO*0020061220
REF*ST*04769
REF*DP*043
DTM*999*20061219
RMR*IK*476920061220*PI*8.04*8.04*0
REF*PO*0020061221
REF*ST*04769
REF*DP*043
DTM*999*20061220
RMR*IK*481720061214*PI*95.32*95.32*0
REF*PO*0020061215
REF*ST*04817
REF*DP*043
DTM*999*20061214
RMR*IK*481720061215*PI*34.08*34.08*0
REF*PO*0020061216
REF*ST*04817
REF*DP*043
DTM*999*20061215
RMR*IK*481720061216*PI*39.32*39.32*0
REF*PO*0020061217
REF*ST*04817
REF*DP*043
DTM*999*20061216
RMR*IK*481720061217*PI*72.96*72.96*0
REF*PO*0020061218
REF*ST*04817
REF*DP*043
DTM*999*20061217
RMR*IK*481720061218*PI*18.48*18.48*0
REF*PO*0020061219
REF*ST*04817
REF*DP*043
DTM*999*20061218
RMR*IK*481720070109*PI*-7.25*-7.25*0
REF*PO*0020070110
REF*ST*04817
REF*DP*043
DTM*999*20070109
RMR*IK*483520061214*PI*16.28*16.28*0
REF*PO*0020061215
REF*ST*04835
REF*DP*043
DTM*999*20061214
RMR*IK*483520061215*PI*11.92*11.92*0
REF*PO*0020061216
REF*ST*04835
REF*DP*043
DTM*999*20061215
RMR*IK*483520061216*PI*53.4*53.4*0
REF*PO*0020061217
REF*ST*04835
REF*DP*043
DTM*999*20061216
RMR*IK*483520061217*PI*4.48*4.48*0
REF*PO*0020061218
REF*ST*04835
REF*DP*043
DTM*999*20061217
RMR*IK*483520061218*PI*13.4*13.4*0
REF*PO*0020061219
REF*ST*04835
REF*DP*043
DTM*999*20061218
RMR*IK*483520061219*PI*14.88*14.88*0
REF*PO*0020061220
REF*ST*04835
REF*DP*043
DTM*999*20061219
RMR*IK*483520061220*PI*7.48*7.48*0
REF*PO*0020061221
REF*ST*04835
REF*DP*043
DTM*999*20061220
RMR*IK*488320061214*PI*44.44*44.44*0
REF*PO*0020061215
REF*ST*04883
REF*DP*043
DTM*999*20061214
RMR*IK*488320061215*PI*32.56*32.56*0
REF*PO*0020061216
REF*ST*04883
REF*DP*043
DTM*999*20061215
RMR*IK*488320061216*PI*124.4*124.4*0
REF*PO*0020061217
REF*ST*04883
REF*DP*043
DTM*999*20061216
RMR*IK*488320061217*PI*106.84*106.84*0
REF*PO*0020061218
REF*ST*04883
REF*DP*043
DTM*999*20061217
RMR*IK*488320061218*PI*89.44*89.44*0
REF*PO*0020061219
REF*ST*04883
REF*DP*043
DTM*999*20061218
RMR*IK*488320061219*PI*74.12*74.12*0
REF*PO*0020061220
REF*ST*04883
REF*DP*043
DTM*999*20061219
RMR*IK*488320061220*PI*40.11*40.11*0
REF*PO*0020061221
REF*ST*04883
REF*DP*043
DTM*999*20061220
RMR*IK*489820061214*PI*37.88*37.88*0
REF*PO*0020061215
REF*ST*04898
REF*DP*043
DTM*999*20061214
RMR*IK*489820061215*PI*30.36*30.36*0
REF*PO*0020061216
REF*ST*04898
REF*DP*043
DTM*999*20061215
RMR*IK*489820061216*PI*25.88*25.88*0
REF*PO*0020061217
REF*ST*04898
REF*DP*043
DTM*999*20061216
RMR*IK*489820061217*PI*24.12*24.12*0
REF*PO*0020061218
REF*ST*04898
REF*DP*043
DTM*999*20061217
RMR*IK*489820061218*PI*7.4*7.4*0
REF*PO*0020061219
REF*ST*04898
REF*DP*043
DTM*999*20061218
RMR*IK*489820061219*PI*7.4*7.4*0
REF*PO*0020061220
REF*ST*04898
REF*DP*043
DTM*999*20061219
RMR*IK*489820061220*PI*7.4*7.4*0
REF*PO*0020061221
REF*ST*04898
REF*DP*043
DTM*999*20061220
RMR*IK*497020061214*PI*39.12*39.12*0
REF*PO*0020061215
REF*ST*04970
REF*DP*043
DTM*999*20061214
RMR*IK*497020061215*PI*50.48*50.48*0
REF*PO*0020061216
REF*ST*04970
REF*DP*043
DTM*999*20061215
RMR*IK*497020061216*PI*81.84*81.84*0
REF*PO*0020061217
REF*ST*04970
REF*DP*043
DTM*999*20061216
RMR*IK*497020061217*PI*196.12*196.12*0
REF*PO*0020061218
REF*ST*04970
REF*DP*043
DTM*999*20061217
RMR*IK*497020061218*PI*157.52*157.52*0
REF*PO*0020061219
REF*ST*04970
REF*DP*043
DTM*999*20061218
RMR*IK*497020061219*PI*59.88*59.88*0
REF*PO*0020061220
REF*ST*04970
REF*DP*043
DTM*999*20061219
RMR*IK*497020061220*PI*44.2*44.2*0
REF*PO*0020061221
REF*ST*04970
REF*DP*043
DTM*999*20061220
RMR*IK*502320061214*PI*12.96*12.96*0
REF*PO*0020061216
REF*ST*05023
REF*DP*043
DTM*999*20061214
RMR*IK*502320061215*PI*17.08*17.08*0
REF*PO*0020061217
REF*ST*05023
REF*DP*043
DTM*999*20061215
RMR*IK*502320061216*PI*23.4*23.4*0
REF*PO*0020061218
REF*ST*05023
REF*DP*043
DTM*999*20061216
RMR*IK*502320061217*PI*29.68*29.68*0
REF*PO*0020061219
REF*ST*05023
REF*DP*043
DTM*999*20061217
RMR*IK*502320061218*PI*16.28*16.28*0
REF*PO*0020061220
REF*ST*05023
REF*DP*043
DTM*999*20061218
RMR*IK*502320061219*PI*29.6*29.6*0
REF*PO*0020061221
REF*ST*05023
REF*DP*043
DTM*999*20061219
RMR*IK*502320061220*PI*10.36*10.36*0
REF*PO*0020061222
REF*ST*05023
REF*DP*043
DTM*999*20061220
RMR*IK*506620061214*PI*19.28*19.28*0
REF*PO*0020061216
REF*ST*05066
REF*DP*043
DTM*999*20061214
RMR*IK*506620061215*PI*19.28*19.28*0
REF*PO*0020061217
REF*ST*05066
REF*DP*043
DTM*999*20061215
RMR*IK*506620061216*PI*47.92*47.92*0
REF*PO*0020061218
REF*ST*05066
REF*DP*043
DTM*999*20061216
RMR*IK*506620061217*PI*20.72*20.72*0
REF*PO*0020061219
REF*ST*05066
REF*DP*043
DTM*999*20061217
RMR*IK*506620061218*PI*22.2*22.2*0
REF*PO*0020061220
REF*ST*05066
REF*DP*043
DTM*999*20061218
RMR*IK*506620061219*PI*19.24*19.24*0
REF*PO*0020061221
REF*ST*05066
REF*DP*043
DTM*999*20061219
RMR*IK*506620061220*PI*4.44*4.44*0
REF*PO*0020061222
REF*ST*05066
REF*DP*043
DTM*999*20061220
RMR*IK*507020061214*PI*2.88*2.88*0
REF*PO*0020061216
REF*ST*05070
REF*DP*043
DTM*999*20061214
RMR*IK*507020061215*PI*11.88*11.88*0
REF*PO*0020061217
REF*ST*05070
REF*DP*043
DTM*999*20061215
RMR*IK*507020061216*PI*16.32*16.32*0
REF*PO*0020061218
REF*ST*05070
REF*DP*043
DTM*999*20061216
RMR*IK*507020061217*PI*8.92*8.92*0
REF*PO*0020061219
REF*ST*05070
REF*DP*043
DTM*999*20061217
RMR*IK*507020061218*PI*13.48*13.48*0
REF*PO*0020061220
REF*ST*05070
REF*DP*043
DTM*999*20061218
RMR*IK*507020061219*PI*1.48*1.48*0
REF*PO*0020061221
REF*ST*05070
REF*DP*043
DTM*999*20061219
RMR*IK*507020061220*PI*1.48*1.48*0
REF*PO*0020061222
REF*ST*05070
REF*DP*043
DTM*999*20061220
RMR*IK*507720061214*PI*49.32*49.32*0
REF*PO*0020061216
REF*ST*05077
REF*DP*043
DTM*999*20061214
RMR*IK*507720061215*PI*87.96*87.96*0
REF*PO*0020061217
REF*ST*05077
REF*DP*043
DTM*999*20061215
RMR*IK*507720061216*PI*98.03*98.03*0
REF*PO*0020061218
REF*ST*05077
REF*DP*043
DTM*999*20061216
RMR*IK*507720061217*PI*17.8*17.8*0
REF*PO*0020061220
REF*ST*05077
REF*DP*043
DTM*999*20061217
RMR*IK*702820061214*PI*61.52*61.52*0
REF*PO*0020061215
REF*ST*07028
REF*DP*043
DTM*999*20061214
RMR*IK*702820061215*PI*3*3*0
REF*PO*0020061216
REF*ST*07028
REF*DP*043
DTM*999*20061215
RMR*IK*702820061216*PI*13.4*13.4*0
REF*PO*0020061217
REF*ST*07028
REF*DP*043
DTM*999*20061216
RMR*IK*702820061217*PI*2.96*2.96*0
REF*PO*0020061218
REF*ST*07028
REF*DP*043
DTM*999*20061217
RMR*IK*702820061218*PI*2.96*2.96*0
REF*PO*0020061219
REF*ST*07028
REF*DP*043
DTM*999*20061218
RMR*IK*704520061214*PI*14.48*14.48*0
REF*PO*0020061215
REF*ST*07045
REF*DP*043
DTM*999*20061214
RMR*IK*704520061215*PI*10.99*10.99*0
REF*PO*0020061216
REF*ST*07045
REF*DP*043
DTM*999*20061215
RMR*IK*704520061216*PI*1.48*1.48*0
REF*PO*0020061217
REF*ST*07045
REF*DP*043
DTM*999*20061216
RMR*IK*704520061217*PI*16.32*16.32*0
REF*PO*0020061218
REF*ST*07045
REF*DP*043
DTM*999*20061217
RMR*IK*704520061218*PI*2.6*2.6*0
REF*PO*0020061219
REF*ST*07045
REF*DP*043
DTM*999*20061218
RMR*IK*704520061219*PI*23.68*23.68*0
REF*PO*0020061220
REF*ST*07045
REF*DP*043
DTM*999*20061219
RMR*IK*704520061220*PI*14.8*14.8*0
REF*PO*0020061221
REF*ST*07045
REF*DP*043
DTM*999*20061220
RMR*IK*705920061214*PI*31.08*31.08*0
REF*PO*0020061215
REF*ST*07059
REF*DP*043
DTM*999*20061214
RMR*IK*706320061214*PI*31.12*31.12*0
REF*PO*0020061215
REF*ST*07063
REF*DP*043
DTM*999*20061214
RMR*IK*706320061215*PI*7.4*7.4*0
REF*PO*0020061216
REF*ST*07063
REF*DP*043
DTM*999*20061215
RMR*IK*706320061216*PI*32.36*32.36*0
REF*PO*0020061217
REF*ST*07063
REF*DP*043
DTM*999*20061216
RMR*IK*706320061217*PI*10.44*10.44*0
REF*PO*0020061218
REF*ST*07063
REF*DP*043
DTM*999*20061217
RMR*IK*706320061218*PI*5.92*5.92*0
REF*PO*0020061219
REF*ST*07063
REF*DP*043
DTM*999*20061218
RMR*IK*706320061219*PI*19.32*19.32*0
REF*PO*0020061220
REF*ST*07063
REF*DP*043
DTM*999*20061219
RMR*IK*706320061220*PI*1.48*1.48*0
REF*PO*0020061221
REF*ST*07063
REF*DP*043
DTM*999*20061220
RMR*IK*706420061214*PI*58.16*58.16*0
REF*PO*0020061215
REF*ST*07064
REF*DP*043
DTM*999*20061214
RMR*IK*706420061215*PI*30.24*30.24*0
REF*PO*0020061216
REF*ST*07064
REF*DP*043
DTM*999*20061215
RMR*IK*706420061216*PI*34.04*34.04*0
REF*PO*0020061217
REF*ST*07064
REF*DP*043
DTM*999*20061216
RMR*IK*706420061217*PI*14.8*14.8*0
REF*PO*0020061218
REF*ST*07064
REF*DP*043
DTM*999*20061217
RMR*IK*706420061218*PI*11.84*11.84*0
REF*PO*0020061219
REF*ST*07064
REF*DP*043
DTM*999*20061218
RMR*IK*706420061220*PI*10.36*10.36*0
REF*PO*0020061221
REF*ST*07064
REF*DP*043
DTM*999*20061220
RMR*IK*706620061216*PI*1.48*1.48*0
REF*PO*0020061217
REF*ST*07066
REF*DP*043
DTM*999*20061216
RMR*IK*706920061214*PI*23.19*23.19*0
REF*PO*0020061215
REF*ST*07069
REF*DP*043
DTM*999*20061214
RMR*IK*706920061215*PI*19.24*19.24*0
REF*PO*0020061216
REF*ST*07069
REF*DP*043
DTM*999*20061215
RMR*IK*706920061216*PI*29.64*29.64*0
REF*PO*0020061217
REF*ST*07069
REF*DP*043
DTM*999*20061216
RMR*IK*706920061217*PI*13.32*13.32*0
REF*PO*0020061218
REF*ST*07069
REF*DP*043
DTM*999*20061217
RMR*IK*706920061218*PI*50.32*50.32*0
REF*PO*0020061219
REF*ST*07069
REF*DP*043
DTM*999*20061218
RMR*IK*706920061219*PI*27.14*27.14*0
REF*PO*0020061220
REF*ST*07069
REF*DP*043
DTM*999*20061219
RMR*IK*706920061220*PI*21.75*21.75*0
REF*PO*0020061221
REF*ST*07069
REF*DP*043
DTM*999*20061220
RMR*IK*707620061214*PI*12.48*12.48*0
REF*PO*0020061215
REF*ST*07076
REF*DP*043
DTM*999*20061214
RMR*IK*707620061215*PI*19.04*19.04*0
REF*PO*0020061216
REF*ST*07076
REF*DP*043
DTM*999*20061215
RMR*IK*707620061216*PI*53.4*53.4*0
REF*PO*0020061217
REF*ST*07076
REF*DP*043
DTM*999*20061216
RMR*IK*707620061217*PI*26.64*26.64*0
REF*PO*0020061218
REF*ST*07076
REF*DP*043
DTM*999*20061217
RMR*IK*707620061218*PI*2.96*2.96*0
REF*PO*0020061219
REF*ST*07076
REF*DP*043
DTM*999*20061218
RMR*IK*707620061219*PI*5.92*5.92*0
REF*PO*0020061220
REF*ST*07076
REF*DP*043
DTM*999*20061219
RMR*IK*707620061220*PI*2.96*2.96*0
REF*PO*0020061221
REF*ST*07076
REF*DP*043
DTM*999*20061220
RMR*IK*713220061214*PI*22.35*22.35*0
REF*PO*0020061215
REF*ST*07132
REF*DP*043
DTM*999*20061214
RMR*IK*713220061215*PI*11.64*11.64*0
REF*PO*0020061216
REF*ST*07132
REF*DP*043
DTM*999*20061215
RMR*IK*713220061216*PI*40.2*40.2*0
REF*PO*0020061217
REF*ST*07132
REF*DP*043
DTM*999*20061216
RMR*IK*713220061217*PI*46.12*46.12*0
REF*PO*0020061218
REF*ST*07132
REF*DP*043
DTM*999*20061217
RMR*IK*713220061218*PI*24.32*24.32*0
REF*PO*0020061219
REF*ST*07132
REF*DP*043
DTM*999*20061218
RMR*IK*713220061219*PI*72.52*72.52*0
REF*PO*0020061220
REF*ST*07132
REF*DP*043
DTM*999*20061219
RMR*IK*713220061220*PI*28.66*28.66*0
REF*PO*0020061221
REF*ST*07132
REF*DP*043
DTM*999*20061220
RMR*IK*714620061214*PI*1.48*1.48*0
REF*PO*0020061215
REF*ST*07146
REF*DP*043
DTM*999*20061214
RMR*IK*714620061215*PI*9.87*9.87*0
REF*PO*0020061216
REF*ST*07146
REF*DP*043
DTM*999*20061215
RMR*IK*714620061216*PI*8.92*8.92*0
REF*PO*0020061217
REF*ST*07146
REF*DP*043
DTM*999*20061216
RMR*IK*714620061217*PI*8.88*8.88*0
REF*PO*0020061218
REF*ST*07146
REF*DP*043
DTM*999*20061217
RMR*IK*714620061218*PI*10.4*10.4*0
REF*PO*0020061219
REF*ST*07146
REF*DP*043
DTM*999*20061218
RMR*IK*714620061219*PI*2.96*2.96*0
REF*PO*0020061220
REF*ST*07146
REF*DP*043
DTM*999*20061219
RMR*IK*714620061220*PI*40*40*0
REF*PO*0020061221
REF*ST*07146
REF*DP*043
DTM*999*20061220
RMR*IK*715420061214*PI*7.4*7.4*0
REF*PO*0020061215
REF*ST*07154
REF*DP*043
DTM*999*20061214
RMR*IK*715420061215*PI*35.72*35.72*0
REF*PO*0020061216
REF*ST*07154
REF*DP*043
DTM*999*20061215
RMR*IK*715420061216*PI*34.32*34.32*0
REF*PO*0020061217
REF*ST*07154
REF*DP*043
DTM*999*20061216
RMR*IK*715420061217*PI*38.68*38.68*0
REF*PO*0020061218
REF*ST*07154
REF*DP*043
DTM*999*20061217
RMR*IK*715420061218*PI*78.52*78.52*0
REF*PO*0020061219
REF*ST*07154
REF*DP*043
DTM*999*20061218
RMR*IK*715420061219*PI*19.28*19.28*0
REF*PO*0020061220
REF*ST*07154
REF*DP*043
DTM*999*20061219
RMR*IK*715420061220*PI*5.92*5.92*0
REF*PO*0020061221
REF*ST*07154
REF*DP*043
DTM*999*20061220
RMR*IK*718420061214*PI*81*81*0
REF*PO*0020061215
REF*ST*07184
REF*DP*043
DTM*999*20061214
RMR*IK*718420061215*PI*130.22*130.22*0
REF*PO*0020061216
REF*ST*07184
REF*DP*043
DTM*999*20061215
RMR*IK*718420061216*PI*258.15*258.15*0
REF*PO*0020061217
REF*ST*07184
REF*DP*043
DTM*999*20061216
RMR*IK*718420061217*PI*256.83*256.83*0
REF*PO*0020061218
REF*ST*07184
REF*DP*043
DTM*999*20061217
RMR*IK*718420061218*PI*131.72*131.72*0
REF*PO*0020061219
REF*ST*07184
REF*DP*043
DTM*999*20061218
RMR*IK*718420061219*PI*66.26*66.26*0
REF*PO*0020061220
REF*ST*07184
REF*DP*043
DTM*999*20061219
RMR*IK*718420061220*PI*16.28*16.28*0
REF*PO*0020061221
REF*ST*07184
REF*DP*043
DTM*999*20061220
RMR*IK*725520061214*PI*52.32*52.32*0
REF*PO*0020061215
REF*ST*07255
REF*DP*043
DTM*999*20061214
RMR*IK*725520061215*PI*157.27*157.27*0
REF*PO*0020061216
REF*ST*07255
REF*DP*043
DTM*999*20061215
RMR*IK*725520061216*PI*78.28*78.28*0
REF*PO*0020061217
REF*ST*07255
REF*DP*043
DTM*999*20061216
RMR*IK*725520061217*PI*15.79*15.79*0
REF*PO*0020061218
REF*ST*07255
REF*DP*043
DTM*999*20061217
RMR*IK*725520061218*PI*61.02*61.02*0
REF*PO*0020061219
REF*ST*07255
REF*DP*043
DTM*999*20061218
RMR*IK*725520061219*PI*64.19*64.19*0
REF*PO*0020061220
REF*ST*07255
REF*DP*043
DTM*999*20061219
RMR*IK*725520061220*PI*56.38*56.38*0
REF*PO*0020061221
REF*ST*07255
REF*DP*043
DTM*999*20061220
RMR*IK*735320061214*PI*20.8*20.8*0
REF*PO*0020061215
REF*ST*07353
REF*DP*043
DTM*999*20061214
RMR*IK*735320061215*PI*5.92*5.92*0
REF*PO*0020061216
REF*ST*07353
REF*DP*043
DTM*999*20061215
RMR*IK*735320061216*PI*19.28*19.28*0
REF*PO*0020061217
REF*ST*07353
REF*DP*043
DTM*999*20061216
RMR*IK*735320061217*PI*29.6*29.6*0
REF*PO*0020061218
REF*ST*07353
REF*DP*043
DTM*999*20061217
RMR*IK*735320061218*PI*26.64*26.64*0
REF*PO*0020061219
REF*ST*07353
REF*DP*043
DTM*999*20061218
RMR*IK*735320061219*PI*28.2*28.2*0
REF*PO*0020061220
REF*ST*07353
REF*DP*043
DTM*999*20061219
RMR*IK*735420061214*PI*11.84*11.84*0
REF*PO*0020061215
REF*ST*07354
REF*DP*043
DTM*999*20061214
RMR*IK*735420061215*PI*4.44*4.44*0
REF*PO*0020061216
REF*ST*07354
REF*DP*043
DTM*999*20061215
RMR*IK*735420061216*PI*3*3*0
REF*PO*0020061217
REF*ST*07354
REF*DP*043
DTM*999*20061216
RMR*IK*735420061217*PI*14.84*14.84*0
REF*PO*0020061218
REF*ST*07354
REF*DP*043
DTM*999*20061217
RMR*IK*735420061218*PI*17.76*17.76*0
REF*PO*0020061219
REF*ST*07354
REF*DP*043
DTM*999*20061218
RMR*IK*735420061219*PI*16.28*16.28*0
REF*PO*0020061220
REF*ST*07354
REF*DP*043
DTM*999*20061219
RMR*IK*735420061220*PI*14.8*14.8*0
REF*PO*0020061221
REF*ST*07354
REF*DP*043
DTM*999*20061220
RMR*IK*735820061214*PI*19.88*19.88*0
REF*PO*0020061215
REF*ST*07358
REF*DP*043
DTM*999*20061214
RMR*IK*735820061215*PI*106.16*106.16*0
REF*PO*0020061216
REF*ST*07358
REF*DP*043
DTM*999*20061215
RMR*IK*735820061216*PI*161.92*161.92*0
REF*PO*0020061217
REF*ST*07358
REF*DP*043
DTM*999*20061216
RMR*IK*735820061217*PI*96.32*96.32*0
REF*PO*0020061218
REF*ST*07358
REF*DP*043
DTM*999*20061217
RMR*IK*735820061218*PI*77.24*77.24*0
REF*PO*0020061219
REF*ST*07358
REF*DP*043
DTM*999*20061218
RMR*IK*735820061219*PI*73.84*73.84*0
REF*PO*0020061220
REF*ST*07358
REF*DP*043
DTM*999*20061219
RMR*IK*735820061220*PI*155.5*155.5*0
REF*PO*0020061221
REF*ST*07358
REF*DP*043
DTM*999*20061220
RMR*IK*736020061214*PI*33.92*33.92*0
REF*PO*0020061215
REF*ST*07360
REF*DP*043
DTM*999*20061214
RMR*IK*736020061215*PI*35.4*35.4*0
REF*PO*0020061216
REF*ST*07360
REF*DP*043
DTM*999*20061215
RMR*IK*736020061216*PI*30.04*30.04*0
REF*PO*0020061217
REF*ST*07360
REF*DP*043
DTM*999*20061216
RMR*IK*736020061217*PI*28.84*28.84*0
REF*PO*0020061218
REF*ST*07360
REF*DP*043
DTM*999*20061217
RMR*IK*736020061218*PI*47.88*47.88*0
REF*PO*0020061219
REF*ST*07360
REF*DP*043
DTM*999*20061218
RMR*IK*736020061219*PI*25.16*25.16*0
REF*PO*0020061220
REF*ST*07360
REF*DP*043
DTM*999*20061219
RMR*IK*736020061220*PI*1.48*1.48*0
REF*PO*0020061221
REF*ST*07360
REF*DP*043
DTM*999*20061220
RMR*IK*736220061214*PI*62.16*62.16*0
REF*PO*0020061215
REF*ST*07362
REF*DP*043
DTM*999*20061214
RMR*IK*736220061215*PI*26.64*26.64*0
REF*PO*0020061216
REF*ST*07362
REF*DP*043
DTM*999*20061215
RMR*IK*736220061216*PI*23.68*23.68*0
REF*PO*0020061217
REF*ST*07362
REF*DP*043
DTM*999*20061216
RMR*IK*736220061217*PI*37.08*37.08*0
REF*PO*0020061218
REF*ST*07362
REF*DP*043
DTM*999*20061217
RMR*IK*736220061218*PI*23.76*23.76*0
REF*PO*0020061219
REF*ST*07362
REF*DP*043
DTM*999*20061218
RMR*IK*736220061219*PI*32.68*32.68*0
REF*PO*0020061220
REF*ST*07362
REF*DP*043
DTM*999*20061219
RMR*IK*736220061220*PI*29.76*29.76*0
REF*PO*0020061221
REF*ST*07362
REF*DP*043
DTM*999*20061220
RMR*IK*738820061214*PI*8.88*8.88*0
REF*PO*0020061215
REF*ST*07388
REF*DP*043
DTM*999*20061214
RMR*IK*738820061215*PI*98.4*98.4*0
REF*PO*0020061216
REF*ST*07388
REF*DP*043
DTM*999*20061215
RMR*IK*738820061216*PI*79.16*79.16*0
REF*PO*0020061217
REF*ST*07388
REF*DP*043
DTM*999*20061216
RMR*IK*738820061217*PI*25.4*25.4*0
REF*PO*0020061218
REF*ST*07388
REF*DP*043
DTM*999*20061217
RMR*IK*738820061218*PI*50.56*50.56*0
REF*PO*0020061219
REF*ST*07388
REF*DP*043
DTM*999*20061218
RMR*IK*738820061219*PI*4.44*4.44*0
REF*PO*0020061220
REF*ST*07388
REF*DP*043
DTM*999*20061219
RMR*IK*738820061220*PI*1.48*1.48*0
REF*PO*0020061221
REF*ST*07388
REF*DP*043
DTM*999*20061220
RMR*IK*743720061214*PI*11.6*11.6*0
REF*PO*0020061215
REF*ST*07437
REF*DP*043
DTM*999*20061214
RMR*IK*743720061215*PI*4.44*4.44*0
REF*PO*0020061216
REF*ST*07437
REF*DP*043
DTM*999*20061215
RMR*IK*743720061217*PI*1.48*1.48*0
REF*PO*0020061218
REF*ST*07437
REF*DP*043
DTM*999*20061217
RMR*IK*746020061214*PI*7.4*7.4*0
REF*PO*0020061215
REF*ST*07460
REF*DP*043
DTM*999*20061214
RMR*IK*746020061215*PI*5.92*5.92*0
REF*PO*0020061216
REF*ST*07460
REF*DP*043
DTM*999*20061215
RMR*IK*746020061216*PI*10.36*10.36*0
REF*PO*0020061217
REF*ST*07460
REF*DP*043
DTM*999*20061216
RMR*IK*746020061217*PI*20.72*20.72*0
REF*PO*0020061218
REF*ST*07460
REF*DP*043
DTM*999*20061217
RMR*IK*746020061218*PI*19.24*19.24*0
REF*PO*0020061219
REF*ST*07460
REF*DP*043
DTM*999*20061218
RMR*IK*746020061219*PI*17.76*17.76*0
REF*PO*0020061220
REF*ST*07460
REF*DP*043
DTM*999*20061219
RMR*IK*746020061220*PI*10.36*10.36*0
REF*PO*0020061221
REF*ST*07460
REF*DP*043
DTM*999*20061220
RMR*IK*746120061214*PI*15.24*15.24*0
REF*PO*0020061215
REF*ST*07461
REF*DP*043
DTM*999*20061214
RMR*IK*746120061215*PI*15.6*15.6*0
REF*PO*0020061216
REF*ST*07461
REF*DP*043
DTM*999*20061215
RMR*IK*746120061216*PI*17.8*17.8*0
REF*PO*0020061217
REF*ST*07461
REF*DP*043
DTM*999*20061216
RMR*IK*746120061217*PI*2.96*2.96*0
REF*PO*0020061218
REF*ST*07461
REF*DP*043
DTM*999*20061217
RMR*IK*746120061218*PI*10.36*10.36*0
REF*PO*0020061219
REF*ST*07461
REF*DP*043
DTM*999*20061218
RMR*IK*746120061219*PI*10.36*10.36*0
REF*PO*0020061220
REF*ST*07461
REF*DP*043
DTM*999*20061219
RMR*IK*746120061220*PI*13.96*13.96*0
REF*PO*0020061221
REF*ST*07461
REF*DP*043
DTM*999*20061220
RMR*IK*755820061214*PI*21.16*21.16*0
REF*PO*0020061215
REF*ST*07558
REF*DP*043
DTM*999*20061214
RMR*IK*755820061215*PI*26.64*26.64*0
REF*PO*0020061216
REF*ST*07558
REF*DP*043
DTM*999*20061215
RMR*IK*755820061216*PI*31.6*31.6*0
REF*PO*0020061217
REF*ST*07558
REF*DP*043
DTM*999*20061216
RMR*IK*755820061217*PI*63.56*63.56*0
REF*PO*0020061218
REF*ST*07558
REF*DP*043
DTM*999*20061217
RMR*IK*755820061218*PI*33.51*33.51*0
REF*PO*0020061219
REF*ST*07558
REF*DP*043
DTM*999*20061218
RMR*IK*755820061219*PI*49.1*49.1*0
REF*PO*0020061220
REF*ST*07558
REF*DP*043
DTM*999*20061219
RMR*IK*755820061220*PI*14.88*14.88*0
REF*PO*0020061221
REF*ST*07558
REF*DP*043
DTM*999*20061220
RMR*IK*760720061214*PI*46.03*46.03*0
REF*PO*0020061215
REF*ST*07607
REF*DP*043
DTM*999*20061214
RMR*IK*760720061215*PI*23.52*23.52*0
REF*PO*0020061216
REF*ST*07607
REF*DP*043
DTM*999*20061215
RMR*IK*760720061216*PI*91.56*91.56*0
REF*PO*0020061217
REF*ST*07607
REF*DP*043
DTM*999*20061216
RMR*IK*760720061217*PI*51.23*51.23*0
REF*PO*0020061218
REF*ST*07607
REF*DP*043
DTM*999*20061217
RMR*IK*760720061218*PI*53.08*53.08*0
REF*PO*0020061219
REF*ST*07607
REF*DP*043
DTM*999*20061218
RMR*IK*760720061219*PI*83.67*83.67*0
REF*PO*0020061220
REF*ST*07607
REF*DP*043
DTM*999*20061219
RMR*IK*760720061220*PI*71.68*71.68*0
REF*PO*0020061221
REF*ST*07607
REF*DP*043
DTM*999*20061220
RMR*IK*761020061214*PI*10.4*10.4*0
REF*PO*0020061215
REF*ST*07610
REF*DP*043
DTM*999*20061214
RMR*IK*761020061215*PI*18.44*18.44*0
REF*PO*0020061216
REF*ST*07610
REF*DP*043
DTM*999*20061215
RMR*IK*761020061216*PI*72.67*72.67*0
REF*PO*0020061217
REF*ST*07610
REF*DP*043
DTM*999*20061216
RMR*IK*761020061217*PI*40.88*40.88*0
REF*PO*0020061218
REF*ST*07610
REF*DP*043
DTM*999*20061217
RMR*IK*761020061218*PI*40.08*40.08*0
REF*PO*0020061219
REF*ST*07610
REF*DP*043
DTM*999*20061218
RMR*IK*761020061219*PI*32.56*32.56*0
REF*PO*0020061220
REF*ST*07610
REF*DP*043
DTM*999*20061219
RMR*IK*761020061220*PI*35.6*35.6*0
REF*PO*0020061221
REF*ST*07610
REF*DP*043
DTM*999*20061220
RMR*IK*761320061214*PI*72.19*72.19*0
REF*PO*0020061215
REF*ST*07613
REF*DP*043
DTM*999*20061214
RMR*IK*761320061215*PI*27.18*27.18*0
REF*PO*0020061216
REF*ST*07613
REF*DP*043
DTM*999*20061215
RMR*IK*761320061216*PI*67.67*67.67*0
REF*PO*0020061217
REF*ST*07613
REF*DP*043
DTM*999*20061216
RMR*IK*761320061217*PI*14.81*14.81*0
REF*PO*0020061218
REF*ST*07613
REF*DP*043
DTM*999*20061217
RMR*IK*761320061218*PI*7.44*7.44*0
REF*PO*0020061219
REF*ST*07613
REF*DP*043
DTM*999*20061218
RMR*IK*761320061219*PI*27.75*27.75*0
REF*PO*0020061220
REF*ST*07613
REF*DP*043
DTM*999*20061219
RMR*IK*761320061220*PI*33.63*33.63*0
REF*PO*0020061221
REF*ST*07613
REF*DP*043
DTM*999*20061220
RMR*IK*762920061214*PI*40.6*40.6*0
REF*PO*0020061215
REF*ST*07629
REF*DP*043
DTM*999*20061214
RMR*IK*762920061215*PI*16.28*16.28*0
REF*PO*0020061216
REF*ST*07629
REF*DP*043
DTM*999*20061215
RMR*IK*762920061216*PI*129.44*129.44*0
REF*PO*0020061217
REF*ST*07629
REF*DP*043
DTM*999*20061216
RMR*IK*762920061217*PI*108.32*108.32*0
REF*PO*0020061218
REF*ST*07629
REF*DP*043
DTM*999*20061217
RMR*IK*762920061218*PI*58.44*58.44*0
REF*PO*0020061219
REF*ST*07629
REF*DP*043
DTM*999*20061218
RMR*IK*762920061219*PI*31.62*31.62*0
REF*PO*0020061220
REF*ST*07629
REF*DP*043
DTM*999*20061219
RMR*IK*762920061220*PI*20.72*20.72*0
REF*PO*0020061221
REF*ST*07629
REF*DP*043
DTM*999*20061220
RMR*IK*763720061215*PI*4.48*4.48*0
REF*PO*0020061216
REF*ST*07637
REF*DP*043
DTM*999*20061215
RMR*IK*763720061216*PI*5.92*5.92*0
REF*PO*0020061217
REF*ST*07637
REF*DP*043
DTM*999*20061216
RMR*IK*763720061217*PI*3.95*3.95*0
REF*PO*0020061218
REF*ST*07637
REF*DP*043
DTM*999*20061217
RMR*IK*763720061218*PI*17.84*17.84*0
REF*PO*0020061219
REF*ST*07637
REF*DP*043
DTM*999*20061218
RMR*IK*763720061219*PI*11.84*11.84*0
REF*PO*0020061220
REF*ST*07637
REF*DP*043
DTM*999*20061219
RMR*IK*763720061220*PI*1.48*1.48*0
REF*PO*0020061221
REF*ST*07637
REF*DP*043
DTM*999*20061220
RMR*IK*771820061214*PI*12.83*12.83*0
REF*PO*0020061215
REF*ST*07718
REF*DP*043
DTM*999*20061214
RMR*IK*771820061215*PI*43.92*43.92*0
REF*PO*0020061216
REF*ST*07718
REF*DP*043
DTM*999*20061215
RMR*IK*771820061216*PI*103.89*103.89*0
REF*PO*0020061217
REF*ST*07718
REF*DP*043
DTM*999*20061216
RMR*IK*771820061217*PI*30.04*30.04*0
REF*PO*0020061218
REF*ST*07718
REF*DP*043
DTM*999*20061217
RMR*IK*771920061214*PI*100.12*100.12*0
REF*PO*0020061215
REF*ST*07719
REF*DP*043
DTM*999*20061214
RMR*IK*771920061215*PI*54.8*54.8*0
REF*PO*0020061216
REF*ST*07719
REF*DP*043
DTM*999*20061215
RMR*IK*771920061216*PI*54.28*54.28*0
REF*PO*0020061217
REF*ST*07719
REF*DP*043
DTM*999*20061216
RMR*IK*771920061217*PI*43.2*43.2*0
REF*PO*0020061218
REF*ST*07719
REF*DP*043
DTM*999*20061217
RMR*IK*771920061218*PI*26.56*26.56*0
REF*PO*0020061219
REF*ST*07719
REF*DP*043
DTM*999*20061218
RMR*IK*771920061219*PI*12.87*12.87*0
REF*PO*0020061220
REF*ST*07719
REF*DP*043
DTM*999*20061219
RMR*IK*771920061220*PI*36.2*36.2*0
REF*PO*0020061221
REF*ST*07719
REF*DP*043
DTM*999*20061220
RMR*IK*921720061214*PI*2.96*2.96*0
REF*PO*0020061215
REF*ST*09217
REF*DP*043
DTM*999*20061214
RMR*IK*921720061215*PI*24.4*24.4*0
REF*PO*0020061216
REF*ST*09217
REF*DP*043
DTM*999*20061215
RMR*IK*921720061216*PI*14.8*14.8*0
REF*PO*0020061217
REF*ST*09217
REF*DP*043
DTM*999*20061216
RMR*IK*921720061217*PI*9.52*9.52*0
REF*PO*0020061218
REF*ST*09217
REF*DP*043
DTM*999*20061217
RMR*IK*921720061218*PI*22.2*22.2*0
REF*PO*0020061219
REF*ST*09217
REF*DP*043
DTM*999*20061218
RMR*IK*921720061219*PI*19.24*19.24*0
REF*PO*0020061220
REF*ST*09217
REF*DP*043
DTM*999*20061219
RMR*IK*921720061220*PI*20.72*20.72*0
REF*PO*0020061221
REF*ST*09217
REF*DP*043
DTM*999*20061220
RMR*IK*951320061214*PI*5.08*5.08*0
REF*PO*0020061215
REF*ST*09513
REF*DP*043
DTM*999*20061214
RMR*IK*951320061215*PI*4.44*4.44*0
REF*PO*0020061216
REF*ST*09513
REF*DP*043
DTM*999*20061215
RMR*IK*951320061216*PI*13.96*13.96*0
REF*PO*0020061217
REF*ST*09513
REF*DP*043
DTM*999*20061216
RMR*IK*951320061217*PI*11.84*11.84*0
REF*PO*0020061218
REF*ST*09513
REF*DP*043
DTM*999*20061217
RMR*IK*951320061218*PI*16.32*16.32*0
REF*PO*0020061219
REF*ST*09513
REF*DP*043
DTM*999*20061218
RMR*IK*951320061219*PI*4.44*4.44*0
REF*PO*0020061220
REF*ST*09513
REF*DP*043
DTM*999*20061219
RMR*IK*951320061220*PI*8.88*8.88*0
REF*PO*0020061221
REF*ST*09513
REF*DP*043
DTM*999*20061220
RMR*IK*956020061214*PI*10.48*10.48*0
REF*PO*0020061215
REF*ST*09560
REF*DP*043
DTM*999*20061214
RMR*IK*956020061215*PI*3*3*0
REF*PO*0020061216
REF*ST*09560
REF*DP*043
DTM*999*20061215
RMR*IK*956020061216*PI*5.96*5.96*0
REF*PO*0020061217
REF*ST*09560
REF*DP*043
DTM*999*20061216
RMR*IK*956020061217*PI*4.44*4.44*0
REF*PO*0020061218
REF*ST*09560
REF*DP*043
DTM*999*20061217
RMR*IK*956020061218*PI*1.48*1.48*0
REF*PO*0020061219
REF*ST*09560
REF*DP*043
DTM*999*20061218
RMR*IK*956020061219*PI*2.96*2.96*0
REF*PO*0020061220
REF*ST*09560
REF*DP*043
DTM*999*20061219
RMR*IK*956020061220*PI*5.92*5.92*0
REF*PO*0020061221
REF*ST*09560
REF*DP*043
DTM*999*20061220
RMR*IK*957120061214*PI*7.44*7.44*0
REF*PO*0020061215
REF*ST*09571
REF*DP*043
DTM*999*20061214
RMR*IK*957120061215*PI*5.92*5.92*0
REF*PO*0020061216
REF*ST*09571
REF*DP*043
DTM*999*20061215
RMR*IK*957120061216*PI*19.24*19.24*0
REF*PO*0020061217
REF*ST*09571
REF*DP*043
DTM*999*20061216
RMR*IK*957120061217*PI*5.92*5.92*0
REF*PO*0020061218
REF*ST*09571
REF*DP*043
DTM*999*20061217
RMR*IK*957120061218*PI*2.96*2.96*0
REF*PO*0020061219
REF*ST*09571
REF*DP*043
DTM*999*20061218
RMR*IK*957120061219*PI*2.96*2.96*0
REF*PO*0020061220
REF*ST*09571
REF*DP*043
DTM*999*20061219
RMR*IK*962020061214*PI*1.64*1.64*0
REF*PO*0020061215
REF*ST*09620
REF*DP*043
DTM*999*20061214
RMR*IK*962020061215*PI*10.36*10.36*0
REF*PO*0020061216
REF*ST*09620
REF*DP*043
DTM*999*20061215
RMR*IK*962020061216*PI*25.28*25.28*0
REF*PO*0020061217
REF*ST*09620
REF*DP*043
DTM*999*20061216
RMR*IK*962020061217*PI*20.72*20.72*0
REF*PO*0020061218
REF*ST*09620
REF*DP*043
DTM*999*20061217
RMR*IK*962020061218*PI*10.4*10.4*0
REF*PO*0020061219
REF*ST*09620
REF*DP*043
DTM*999*20061218
RMR*IK*962020061219*PI*20.72*20.72*0
REF*PO*0020061220
REF*ST*09620
REF*DP*043
DTM*999*20061219
RMR*IK*962020061220*PI*10.36*10.36*0
REF*PO*0020061221
REF*ST*09620
REF*DP*043
DTM*999*20061220
RMR*IK*962120061214*PI*44.2*44.2*0
REF*PO*0020061215
REF*ST*09621
REF*DP*043
DTM*999*20061214
RMR*IK*962120061215*PI*118.76*118.76*0
REF*PO*0020061216
REF*ST*09621
REF*DP*043
DTM*999*20061215
RMR*IK*962120061216*PI*151.2*151.2*0
REF*PO*0020061217
REF*ST*09621
REF*DP*043
DTM*999*20061216
RMR*IK*962120061217*PI*46.52*46.52*0
REF*PO*0020061218
REF*ST*09621
REF*DP*043
DTM*999*20061217
RMR*IK*962120061218*PI*49.48*49.48*0
REF*PO*0020061219
REF*ST*09621
REF*DP*043
DTM*999*20061218
RMR*IK*962120061219*PI*100.12*100.12*0
REF*PO*0020061220
REF*ST*09621
REF*DP*043
DTM*999*20061219
RMR*IK*962120061220*PI*99.2*99.2*0
REF*PO*0020061221
REF*ST*09621
REF*DP*043
DTM*999*20061220
RMR*IK*962220061214*PI*3*3*0
REF*PO*0020061215
REF*ST*09622
REF*DP*043
DTM*999*20061214
RMR*IK*962220061215*PI*21.52*21.52*0
REF*PO*0020061216
REF*ST*09622
REF*DP*043
DTM*999*20061215
RMR*IK*962220061216*PI*23.23*23.23*0
REF*PO*0020061217
REF*ST*09622
REF*DP*043
DTM*999*20061216
RMR*IK*962220061217*PI*8.04*8.04*0
REF*PO*0020061218
REF*ST*09622
REF*DP*043
DTM*999*20061217
RMR*IK*962220061218*PI*4.44*4.44*0
REF*PO*0020061219
REF*ST*09622
REF*DP*043
DTM*999*20061218
RMR*IK*962220061219*PI*1.48*1.48*0
REF*PO*0020061220
REF*ST*09622
REF*DP*043
DTM*999*20061219
RMR*IK*962220061220*PI*11.84*11.84*0
REF*PO*0020061221
REF*ST*09622
REF*DP*043
DTM*999*20061220
RMR*IK*962520061214*PI*26.79*26.79*0
REF*PO*0020061215
REF*ST*09625
REF*DP*043
DTM*999*20061214
RMR*IK*962520061215*PI*20.72*20.72*0
REF*PO*0020061216
REF*ST*09625
REF*DP*043
DTM*999*20061215
RMR*IK*962520061216*PI*77*77*0
REF*PO*0020061217
REF*ST*09625
REF*DP*043
DTM*999*20061216
RMR*IK*962520061217*PI*28.16*28.16*0
REF*PO*0020061218
REF*ST*09625
REF*DP*043
DTM*999*20061217
RMR*IK*962520061218*PI*16.32*16.32*0
REF*PO*0020061219
REF*ST*09625
REF*DP*043
DTM*999*20061218
RMR*IK*962520061219*PI*38.4*38.4*0
REF*PO*0020061220
REF*ST*09625
REF*DP*043
DTM*999*20061219
RMR*IK*962520061220*PI*31.2*31.2*0
REF*PO*0020061221
REF*ST*09625
REF*DP*043
DTM*999*20061220
RMR*IK*962920061214*PI*100.68*100.68*0
REF*PO*0020061215
REF*ST*09629
REF*DP*043
DTM*999*20061214
RMR*IK*962920061215*PI*8.92*8.92*0
REF*PO*0020061216
REF*ST*09629
REF*DP*043
DTM*999*20061215
RMR*IK*962920061216*PI*59.52*59.52*0
REF*PO*0020061217
REF*ST*09629
REF*DP*043
DTM*999*20061216
RMR*IK*962920061217*PI*47.6*47.6*0
REF*PO*0020061218
REF*ST*09629
REF*DP*043
DTM*999*20061217
RMR*IK*962920061218*PI*37.4*37.4*0
REF*PO*0020061219
REF*ST*09629
REF*DP*043
DTM*999*20061218
RMR*IK*962920061219*PI*8.92*8.92*0
REF*PO*0020061220
REF*ST*09629
REF*DP*043
DTM*999*20061219
RMR*IK*962920061220*PI*140.83*140.83*0
REF*PO*0020061221
REF*ST*09629
REF*DP*043
DTM*999*20061220
RMR*IK*963320061214*PI*25.6*25.6*0
REF*PO*0020061215
REF*ST*09633
REF*DP*043
DTM*999*20061214
RMR*IK*963320061215*PI*32.8*32.8*0
REF*PO*0020061216
REF*ST*09633
REF*DP*043
DTM*999*20061215
RMR*IK*963320061216*PI*93.04*93.04*0
REF*PO*0020061217
REF*ST*09633
REF*DP*043
DTM*999*20061216
RMR*IK*963320061217*PI*44.24*44.24*0
REF*PO*0020061218
REF*ST*09633
REF*DP*043
DTM*999*20061217
RMR*IK*963320061218*PI*193*193*0
REF*PO*0020061219
REF*ST*09633
REF*DP*043
DTM*999*20061218
RMR*IK*963320061219*PI*84.79*84.79*0
REF*PO*0020061220
REF*ST*09633
REF*DP*043
DTM*999*20061219
RMR*IK*963320061220*PI*148.61*148.61*0
REF*PO*0020061221
REF*ST*09633
REF*DP*043
DTM*999*20061220
RMR*IK*963920061214*PI*1.48*1.48*0
REF*PO*0020061215
REF*ST*09639
REF*DP*043
DTM*999*20061214
RMR*IK*963920061215*PI*7.4*7.4*0
REF*PO*0020061216
REF*ST*09639
REF*DP*043
DTM*999*20061215
RMR*IK*963920061216*PI*5.92*5.92*0
REF*PO*0020061217
REF*ST*09639
REF*DP*043
DTM*999*20061216
RMR*IK*963920061217*PI*1.48*1.48*0
REF*PO*0020061218
REF*ST*09639
REF*DP*043
DTM*999*20061217
RMR*IK*963920061218*PI*10.36*10.36*0
REF*PO*0020061219
REF*ST*09639
REF*DP*043
DTM*999*20061218
RMR*IK*963920061219*PI*2.96*2.96*0
REF*PO*0020061220
REF*ST*09639
REF*DP*043
DTM*999*20061219
RMR*IK*963920061220*PI*7.4*7.4*0
REF*PO*0020061221
REF*ST*09639
REF*DP*043
DTM*999*20061220
RMR*IK*964820061214*PI*20.52*20.52*0
REF*PO*0020061215
REF*ST*09648
REF*DP*043
DTM*999*20061214
RMR*IK*964820061215*PI*68.19*68.19*0
REF*PO*0020061216
REF*ST*09648
REF*DP*043
DTM*999*20061215
RMR*IK*964820061216*PI*45.92*45.92*0
REF*PO*0020061217
REF*ST*09648
REF*DP*043
DTM*999*20061216
RMR*IK*964820061217*PI*55.32*55.32*0
REF*PO*0020061218
REF*ST*09648
REF*DP*043
DTM*999*20061217
RMR*IK*964820061218*PI*78.47*78.47*0
REF*PO*0020061219
REF*ST*09648
REF*DP*043
DTM*999*20061218
RMR*IK*964820061219*PI*20.76*20.76*0
REF*PO*0020061220
REF*ST*09648
REF*DP*043
DTM*999*20061219
RMR*IK*964820061220*PI*51.5*51.5*0
REF*PO*0020061221
REF*ST*09648
REF*DP*043
DTM*999*20061220
RMR*IK*967420061214*PI*67.59*67.59*0
REF*PO*0020061215
REF*ST*09674
REF*DP*043
DTM*999*20061214
RMR*IK*967420061215*PI*18.4*18.4*0
REF*PO*0020061216
REF*ST*09674
REF*DP*043
DTM*999*20061215
RMR*IK*967420061216*PI*14.84*14.84*0
REF*PO*0020061217
REF*ST*09674
REF*DP*043
DTM*999*20061216
RMR*IK*967420061217*PI*15.44*15.44*0
REF*PO*0020061218
REF*ST*09674
REF*DP*043
DTM*999*20061217
RMR*IK*967420061218*PI*29.94*29.94*0
REF*PO*0020061219
REF*ST*09674
REF*DP*043
DTM*999*20061218
RMR*IK*967420061219*PI*44.26*44.26*0
REF*PO*0020061220
REF*ST*09674
REF*DP*043
DTM*999*20061219
RMR*IK*967420061220*PI*11.84*11.84*0
REF*PO*0020061221
REF*ST*09674
REF*DP*043
DTM*999*20061220
RMR*IK*971420061214*PI*36.2*36.2*0
REF*PO*0020061215
REF*ST*09714
REF*DP*043
DTM*999*20061214
RMR*IK*971420061215*PI*42.96*42.96*0
REF*PO*0020061216
REF*ST*09714
REF*DP*043
DTM*999*20061215
RMR*IK*971420061216*PI*122.38*122.38*0
REF*PO*0020061217
REF*ST*09714
REF*DP*043
DTM*999*20061216
RMR*IK*971420061217*PI*95.12*95.12*0
REF*PO*0020061218
REF*ST*09714
REF*DP*043
DTM*999*20061217
RMR*IK*971420061218*PI*45.43*45.43*0
REF*PO*0020061219
REF*ST*09714
REF*DP*043
DTM*999*20061218
RMR*IK*971420061219*PI*53.87*53.87*0
REF*PO*0020061220
REF*ST*09714
REF*DP*043
DTM*999*20061219
RMR*IK*971420061220*PI*41.19*41.19*0
REF*PO*0020061221
REF*ST*09714
REF*DP*043
DTM*999*20061220
RMR*IK*972820061214*PI*9.87*9.87*0
REF*PO*0020061215
REF*ST*09728
REF*DP*043
DTM*999*20061214
RMR*IK*972820061215*PI*5.96*5.96*0
REF*PO*0020061216
REF*ST*09728
REF*DP*043
DTM*999*20061215
RMR*IK*972820061216*PI*2.96*2.96*0
REF*PO*0020061217
REF*ST*09728
REF*DP*043
DTM*999*20061216
RMR*IK*972820061217*PI*4.44*4.44*0
REF*PO*0020061218
REF*ST*09728
REF*DP*043
DTM*999*20061217
RMR*IK*972820061219*PI*51.81*51.81*0
REF*PO*0020061220
REF*ST*09728
REF*DP*043
DTM*999*20061219
RMR*IK*972820061220*PI*7.4*7.4*0
REF*PO*0020061221
REF*ST*09728
REF*DP*043
DTM*999*20061220
RMR*IK*973520061214*PI*2.96*2.96*0
REF*PO*0020061215
REF*ST*09735
REF*DP*043
DTM*999*20061214
RMR*IK*973520061215*PI*5.92*5.92*0
REF*PO*0020061216
REF*ST*09735
REF*DP*043
DTM*999*20061215
RMR*IK*973520061217*PI*36.03*36.03*0
REF*PO*0020061218
REF*ST*09735
REF*DP*043
DTM*999*20061217
RMR*IK*973520061218*PI*20.72*20.72*0
REF*PO*0020061219
REF*ST*09735
REF*DP*043
DTM*999*20061218
RMR*IK*973520061219*PI*25.16*25.16*0
REF*PO*0020061220
REF*ST*09735
REF*DP*043
DTM*999*20061219
RMR*IK*973520061220*PI*17.76*17.76*0
REF*PO*0020061221
REF*ST*09735
REF*DP*043
DTM*999*20061220
RMR*IK*975820061214*PI*23.68*23.68*0
REF*PO*0020061215
REF*ST*09758
REF*DP*043
DTM*999*20061214
RMR*IK*975820061215*PI*17.76*17.76*0
REF*PO*0020061216
REF*ST*09758
REF*DP*043
DTM*999*20061215
RMR*IK*975820061216*PI*20.76*20.76*0
REF*PO*0020061217
REF*ST*09758
REF*DP*043
DTM*999*20061216
RMR*IK*975820061217*PI*34.68*34.68*0
REF*PO*0020061218
REF*ST*09758
REF*DP*043
DTM*999*20061217
RMR*IK*975820061218*PI*41.04*41.04*0
REF*PO*0020061219
REF*ST*09758
REF*DP*043
DTM*999*20061218
RMR*IK*975820061219*PI*34.08*34.08*0
REF*PO*0020061220
REF*ST*09758
REF*DP*043
DTM*999*20061219
RMR*IK*975820061220*PI*16.28*16.28*0
REF*PO*0020061221
REF*ST*09758
REF*DP*043
DTM*999*20061220
SE*4074*0001
GE*1*1000056
IEA*1*001000056
*** SUPERTRACS READY FOR INPUT
