ISA*00*          *00*          *09*006985290EFT   *12*6154525825     *080405*0301*U*00400*001000111*0*P*>
GS*RA*006985290EFT*6154525825*20080405*0301*1000111*X*004010
ST*820*0001
BPR*I*6483.17*C*ACH*CCP*01*021000018*DA*0300955622*9008965873**01*064102601*DA*3000289*20080408*VEN
TRN*3*770285030*9008965873
DTM*097*20080405
N1*PR*KMART CORPORATION*1*008965873
N1*PE*YOUNGS FARMS*92*00069099588
N1*SE*YOUNGS FARMS*92*00069099588
ENT*1
RMR*IK*302220080306*PI*3.6*3.6*0
REF*PO*0020080307
REF*ST*03022
REF*DP*043
DTM*999*20080306
RMR*IK*302220080307*PI*2.4*2.4*0
REF*PO*0020080308
REF*ST*03022
REF*DP*043
DTM*999*20080307
RMR*IK*302220080310*PI*29.4*29.4*0
REF*PO*0020080311
REF*ST*03022
REF*DP*043
DTM*999*20080310
RMR*IK*302220080311*PI*32.15*32.15*0
REF*PO*0020080312
REF*ST*03022
REF*DP*043
DTM*999*20080311
RMR*IK*306320080306*PI*23.8*23.8*0
REF*PO*0020080307
REF*ST*03063
REF*DP*043
DTM*999*20080306
RMR*IK*306320080308*PI*2.4*2.4*0
REF*PO*0020080309
REF*ST*03063
REF*DP*043
DTM*999*20080308
RMR*IK*306320080311*PI*8.95*8.95*0
REF*PO*0020080312
REF*ST*03063
REF*DP*043
DTM*999*20080311
RMR*IK*306320080312*PI*30.6*30.6*0
REF*PO*0020080313
REF*ST*03063
REF*DP*043
DTM*999*20080312
RMR*IK*308420080309*PI*7.8*7.8*0
REF*PO*0020080310
REF*ST*03084
REF*DP*043
DTM*999*20080309
RMR*IK*308420080312*PI*10.99*10.99*0
REF*PO*0020080313
REF*ST*03084
REF*DP*043
DTM*999*20080312
RMR*IK*314320080306*PI*8.35*8.35*0
REF*PO*0020080307
REF*ST*03143
REF*DP*043
DTM*999*20080306
RMR*IK*314320080310*PI*2.4*2.4*0
REF*PO*0020080311
REF*ST*03143
REF*DP*043
DTM*999*20080310
RMR*IK*314320080311*PI*11.95*11.95*0
REF*PO*0020080312
REF*ST*03143
REF*DP*043
DTM*999*20080311
RMR*IK*314320080312*PI*7.15*7.15*0
REF*PO*0020080313
REF*ST*03143
REF*DP*043
DTM*999*20080312
RMR*IK*319420080306*PI*10.75*10.75*0
REF*PO*0020080307
REF*ST*03194
REF*DP*043
DTM*999*20080306
RMR*IK*319420080308*PI*3.6*3.6*0
REF*PO*0020080309
REF*ST*03194
REF*DP*043
DTM*999*20080308
RMR*IK*319420080310*PI*13.1*13.1*0
REF*PO*0020080311
REF*ST*03194
REF*DP*043
DTM*999*20080310
RMR*IK*319420080311*PI*4.8*4.8*0
REF*PO*0020080312
REF*ST*03194
REF*DP*043
DTM*999*20080311
RMR*IK*319420080312*PI*14.35*14.35*0
REF*PO*0020080313
REF*ST*03194
REF*DP*043
DTM*999*20080312
RMR*IK*322320080306*PI*1.2*1.2*0
REF*PO*0020080307
REF*ST*03223
REF*DP*043
DTM*999*20080306
RMR*IK*322320080307*PI*10.2*10.2*0
REF*PO*0020080308
REF*ST*03223
REF*DP*043
DTM*999*20080307
RMR*IK*322320080308*PI*7.75*7.75*0
REF*PO*0020080309
REF*ST*03223
REF*DP*043
DTM*999*20080308
RMR*IK*322320080309*PI*7.2*7.2*0
REF*PO*0020080310
REF*ST*03223
REF*DP*043
DTM*999*20080309
RMR*IK*322320080310*PI*21.44*21.44*0
REF*PO*0020080311
REF*ST*03223
REF*DP*043
DTM*999*20080310
RMR*IK*322320080311*PI*7.44*7.44*0
REF*PO*0020080312
REF*ST*03223
REF*DP*043
DTM*999*20080311
RMR*IK*322320080312*PI*25.55*25.55*0
REF*PO*0020080313
REF*ST*03223
REF*DP*043
DTM*999*20080312
RMR*IK*324020080310*PI*2.4*2.4*0
REF*PO*0020080311
REF*ST*03240
REF*DP*043
DTM*999*20080310
RMR*IK*328920080307*PI*4.8*4.8*0
REF*PO*0020080308
REF*ST*03289
REF*DP*043
DTM*999*20080307
RMR*IK*328920080310*PI*9*9*0
REF*PO*0020080311
REF*ST*03289
REF*DP*043
DTM*999*20080310
RMR*IK*334820080306*PI*4.8*4.8*0
REF*PO*0020080307
REF*ST*03348
REF*DP*043
DTM*999*20080306
RMR*IK*334820080310*PI*4.8*4.8*0
REF*PO*0020080311
REF*ST*03348
REF*DP*043
DTM*999*20080310
RMR*IK*334820080312*PI*12.6*12.6*0
REF*PO*0020080313
REF*ST*03348
REF*DP*043
DTM*999*20080312
RMR*IK*335520080306*PI*4.8*4.8*0
REF*PO*0020080307
REF*ST*03355
REF*DP*043
DTM*999*20080306
RMR*IK*335520080307*PI*19.2*19.2*0
REF*PO*0020080308
REF*ST*03355
REF*DP*043
DTM*999*20080307
RMR*IK*335520080309*PI*10.8*10.8*0
REF*PO*0020080310
REF*ST*03355
REF*DP*043
DTM*999*20080309
RMR*IK*335520080310*PI*9*9*0
REF*PO*0020080311
REF*ST*03355
REF*DP*043
DTM*999*20080310
RMR*IK*335520080311*PI*64.75*64.75*0
REF*PO*0020080312
REF*ST*03355
REF*DP*043
DTM*999*20080311
RMR*IK*335520080312*PI*41.95*41.95*0
REF*PO*0020080313
REF*ST*03355
REF*DP*043
DTM*999*20080312
RMR*IK*335920080306*PI*3.6*3.6*0
REF*PO*0020080307
REF*ST*03359
REF*DP*043
DTM*999*20080306
RMR*IK*335920080310*PI*4.8*4.8*0
REF*PO*0020080311
REF*ST*03359
REF*DP*043
DTM*999*20080310
RMR*IK*335920080312*PI*8.85*8.85*0
REF*PO*0020080313
REF*ST*03359
REF*DP*043
DTM*999*20080312
RMR*IK*340820080311*PI*7.2*7.2*0
REF*PO*0020080312
REF*ST*03408
REF*DP*043
DTM*999*20080311
RMR*IK*342820080310*PI*6*6*0
REF*PO*0020080311
REF*ST*03428
REF*DP*043
DTM*999*20080310
RMR*IK*342820080312*PI*26.4*26.4*0
REF*PO*0020080313
REF*ST*03428
REF*DP*043
DTM*999*20080312
RMR*IK*360220080307*PI*27.6*27.6*0
REF*PO*0020080308
REF*ST*03602
REF*DP*043
DTM*999*20080307
RMR*IK*360220080308*PI*2.4*2.4*0
REF*PO*0020080309
REF*ST*03602
REF*DP*043
DTM*999*20080308
RMR*IK*360220080309*PI*29.4*29.4*0
REF*PO*0020080310
REF*ST*03602
REF*DP*043
DTM*999*20080309
RMR*IK*360220080310*PI*26.4*26.4*0
REF*PO*0020080311
REF*ST*03602
REF*DP*043
DTM*999*20080310
RMR*IK*360220080311*PI*2.4*2.4*0
REF*PO*0020080312
REF*ST*03602
REF*DP*043
DTM*999*20080311
RMR*IK*360220080312*PI*1.2*1.2*0
REF*PO*0020080313
REF*ST*03602
REF*DP*043
DTM*999*20080312
RMR*IK*363220080306*PI*3.6*3.6*0
REF*PO*0020080307
REF*ST*03632
REF*DP*043
DTM*999*20080306
RMR*IK*363220080307*PI*2.4*2.4*0
REF*PO*0020080308
REF*ST*03632
REF*DP*043
DTM*999*20080307
RMR*IK*363220080309*PI*6.6*6.6*0
REF*PO*0020080310
REF*ST*03632
REF*DP*043
DTM*999*20080309
RMR*IK*363220080310*PI*2.4*2.4*0
REF*PO*0020080311
REF*ST*03632
REF*DP*043
DTM*999*20080310
RMR*IK*363220080312*PI*30.6*30.6*0
REF*PO*0020080313
REF*ST*03632
REF*DP*043
DTM*999*20080312
RMR*IK*364420080308*PI*6.6*6.6*0
REF*PO*0020080309
REF*ST*03644
REF*DP*043
DTM*999*20080308
RMR*IK*364420080310*PI*13.2*13.2*0
REF*PO*0020080311
REF*ST*03644
REF*DP*043
DTM*999*20080310
RMR*IK*364420080312*PI*9.12*9.12*0
REF*PO*0020080313
REF*ST*03644
REF*DP*043
DTM*999*20080312
RMR*IK*364520080306*PI*9*9*0
REF*PO*0020080307
REF*ST*03645
REF*DP*043
DTM*999*20080306
RMR*IK*364520080309*PI*2.4*2.4*0
REF*PO*0020080310
REF*ST*03645
REF*DP*043
DTM*999*20080309
RMR*IK*364520080310*PI*21.6*21.6*0
REF*PO*0020080311
REF*ST*03645
REF*DP*043
DTM*999*20080310
RMR*IK*364520080311*PI*1.2*1.2*0
REF*PO*0020080312
REF*ST*03645
REF*DP*043
DTM*999*20080311
RMR*IK*364620080306*PI*2.4*2.4*0
REF*PO*0020080307
REF*ST*03646
REF*DP*043
DTM*999*20080306
RMR*IK*364620080307*PI*19.8*19.8*0
REF*PO*0020080308
REF*ST*03646
REF*DP*043
DTM*999*20080307
RMR*IK*364620080308*PI*7.8*7.8*0
REF*PO*0020080309
REF*ST*03646
REF*DP*043
DTM*999*20080308
RMR*IK*364620080309*PI*3.6*3.6*0
REF*PO*0020080310
REF*ST*03646
REF*DP*043
DTM*999*20080309
RMR*IK*364620080310*PI*21*21*0
REF*PO*0020080311
REF*ST*03646
REF*DP*043
DTM*999*20080310
RMR*IK*364620080311*PI*5.95*5.95*0
REF*PO*0020080312
REF*ST*03646
REF*DP*043
DTM*999*20080311
RMR*IK*364620080312*PI*41.4*41.4*0
REF*PO*0020080313
REF*ST*03646
REF*DP*043
DTM*999*20080312
RMR*IK*366120080306*PI*16.08*16.08*0
REF*PO*0020080307
REF*ST*03661
REF*DP*043
DTM*999*20080306
RMR*IK*366120080307*PI*2.4*2.4*0
REF*PO*0020080308
REF*ST*03661
REF*DP*043
DTM*999*20080307
RMR*IK*366120080308*PI*6.6*6.6*0
REF*PO*0020080309
REF*ST*03661
REF*DP*043
DTM*999*20080308
RMR*IK*366120080310*PI*12*12*0
REF*PO*0020080311
REF*ST*03661
REF*DP*043
DTM*999*20080310
RMR*IK*366120080311*PI*13.2*13.2*0
REF*PO*0020080312
REF*ST*03661
REF*DP*043
DTM*999*20080311
RMR*IK*366120080312*PI*31.43*31.43*0
REF*PO*0020080313
REF*ST*03661
REF*DP*043
DTM*999*20080312
RMR*IK*366120080327*PI*-12.25*-12.25*0
REF*PO*0020080329
REF*ST*03661
REF*DP*043
DTM*999*20080327
RMR*IK*367220080306*PI*8.4*8.4*0
REF*PO*0020080307
REF*ST*03672
REF*DP*043
DTM*999*20080306
RMR*IK*367220080307*PI*34.8*34.8*0
REF*PO*0020080308
REF*ST*03672
REF*DP*043
DTM*999*20080307
RMR*IK*367220080308*PI*4.8*4.8*0
REF*PO*0020080309
REF*ST*03672
REF*DP*043
DTM*999*20080308
RMR*IK*367220080309*PI*30*30*0
REF*PO*0020080310
REF*ST*03672
REF*DP*043
DTM*999*20080309
RMR*IK*367220080310*PI*55.75*55.75*0
REF*PO*0020080311
REF*ST*03672
REF*DP*043
DTM*999*20080310
RMR*IK*367220080311*PI*4.8*4.8*0
REF*PO*0020080312
REF*ST*03672
REF*DP*043
DTM*999*20080311
RMR*IK*367220080312*PI*24*24*0
REF*PO*0020080313
REF*ST*03672
REF*DP*043
DTM*999*20080312
RMR*IK*367520080306*PI*13.2*13.2*0
REF*PO*0020080307
REF*ST*03675
REF*DP*043
DTM*999*20080306
RMR*IK*367520080309*PI*8.4*8.4*0
REF*PO*0020080310
REF*ST*03675
REF*DP*043
DTM*999*20080309
RMR*IK*367520080310*PI*7.2*7.2*0
REF*PO*0020080311
REF*ST*03675
REF*DP*043
DTM*999*20080310
RMR*IK*367520080312*PI*6*6*0
REF*PO*0020080313
REF*ST*03675
REF*DP*043
DTM*999*20080312
RMR*IK*368520080307*PI*6.6*6.6*0
REF*PO*0020080308
REF*ST*03685
REF*DP*043
DTM*999*20080307
RMR*IK*368520080309*PI*11.4*11.4*0
REF*PO*0020080310
REF*ST*03685
REF*DP*043
DTM*999*20080309
RMR*IK*368520080312*PI*7.2*7.2*0
REF*PO*0020080313
REF*ST*03685
REF*DP*043
DTM*999*20080312
RMR*IK*370120080306*PI*25.25*25.25*0
REF*PO*0020080307
REF*ST*03701
REF*DP*043
DTM*999*20080306
RMR*IK*370120080307*PI*16.15*16.15*0
REF*PO*0020080308
REF*ST*03701
REF*DP*043
DTM*999*20080307
RMR*IK*370120080308*PI*14.88*14.88*0
REF*PO*0020080309
REF*ST*03701
REF*DP*043
DTM*999*20080308
RMR*IK*370120080309*PI*41.2*41.2*0
REF*PO*0020080310
REF*ST*03701
REF*DP*043
DTM*999*20080309
RMR*IK*370120080310*PI*53.18*53.18*0
REF*PO*0020080311
REF*ST*03701
REF*DP*043
DTM*999*20080310
RMR*IK*370120080311*PI*37.55*37.55*0
REF*PO*0020080312
REF*ST*03701
REF*DP*043
DTM*999*20080311
RMR*IK*370120080312*PI*162.9*162.9*0
REF*PO*0020080313
REF*ST*03701
REF*DP*043
DTM*999*20080312
RMR*IK*370320080306*PI*2.4*2.4*0
REF*PO*0020080307
REF*ST*03703
REF*DP*043
DTM*999*20080306
RMR*IK*370320080307*PI*7.8*7.8*0
REF*PO*0020080308
REF*ST*03703
REF*DP*043
DTM*999*20080307
RMR*IK*370320080309*PI*4.8*4.8*0
REF*PO*0020080310
REF*ST*03703
REF*DP*043
DTM*999*20080309
RMR*IK*370320080310*PI*19.1*19.1*0
REF*PO*0020080311
REF*ST*03703
REF*DP*043
DTM*999*20080310
RMR*IK*370320080311*PI*9.6*9.6*0
REF*PO*0020080312
REF*ST*03703
REF*DP*043
DTM*999*20080311
RMR*IK*370320080312*PI*53.6*53.6*0
REF*PO*0020080313
REF*ST*03703
REF*DP*043
DTM*999*20080312
RMR*IK*371320080306*PI*6.6*6.6*0
REF*PO*0020080307
REF*ST*03713
REF*DP*043
DTM*999*20080306
RMR*IK*371320080309*PI*16.8*16.8*0
REF*PO*0020080310
REF*ST*03713
REF*DP*043
DTM*999*20080309
RMR*IK*371320080310*PI*19.2*19.2*0
REF*PO*0020080311
REF*ST*03713
REF*DP*043
DTM*999*20080310
RMR*IK*371320080311*PI*8.4*8.4*0
REF*PO*0020080312
REF*ST*03713
REF*DP*043
DTM*999*20080311
RMR*IK*371320080312*PI*2.4*2.4*0
REF*PO*0020080313
REF*ST*03713
REF*DP*043
DTM*999*20080312
RMR*IK*371520080310*PI*16.8*16.8*0
REF*PO*0020080311
REF*ST*03715
REF*DP*043
DTM*999*20080310
RMR*IK*371520080311*PI*4.8*4.8*0
REF*PO*0020080312
REF*ST*03715
REF*DP*043
DTM*999*20080311
RMR*IK*377320080306*PI*13.2*13.2*0
REF*PO*0020080307
REF*ST*03773
REF*DP*043
DTM*999*20080306
RMR*IK*377320080307*PI*2.4*2.4*0
REF*PO*0020080308
REF*ST*03773
REF*DP*043
DTM*999*20080307
RMR*IK*377320080309*PI*9.6*9.6*0
REF*PO*0020080310
REF*ST*03773
REF*DP*043
DTM*999*20080309
RMR*IK*377320080310*PI*2.4*2.4*0
REF*PO*0020080311
REF*ST*03773
REF*DP*043
DTM*999*20080310
RMR*IK*377320080312*PI*6.6*6.6*0
REF*PO*0020080313
REF*ST*03773
REF*DP*043
DTM*999*20080312
RMR*IK*380820080311*PI*6*6*0
REF*PO*0020080312
REF*ST*03808
REF*DP*043
DTM*999*20080311
RMR*IK*380820080312*PI*11.6*11.6*0
REF*PO*0020080313
REF*ST*03808
REF*DP*043
DTM*999*20080312
RMR*IK*382220080309*PI*16.8*16.8*0
REF*PO*0020080310
REF*ST*03822
REF*DP*043
DTM*999*20080309
RMR*IK*382220080310*PI*3.6*3.6*0
REF*PO*0020080311
REF*ST*03822
REF*DP*043
DTM*999*20080310
RMR*IK*382220080312*PI*6*6*0
REF*PO*0020080313
REF*ST*03822
REF*DP*043
DTM*999*20080312
RMR*IK*383620080306*PI*3.6*3.6*0
REF*PO*0020080307
REF*ST*03836
REF*DP*043
DTM*999*20080306
RMR*IK*383620080310*PI*9.6*9.6*0
REF*PO*0020080311
REF*ST*03836
REF*DP*043
DTM*999*20080310
RMR*IK*384820080309*PI*12*12*0
REF*PO*0020080310
REF*ST*03848
REF*DP*043
DTM*999*20080309
RMR*IK*384820080310*PI*2.4*2.4*0
REF*PO*0020080311
REF*ST*03848
REF*DP*043
DTM*999*20080310
RMR*IK*384820080312*PI*19.75*19.75*0
REF*PO*0020080313
REF*ST*03848
REF*DP*043
DTM*999*20080312
RMR*IK*385220080306*PI*3.6*3.6*0
REF*PO*0020080307
REF*ST*03852
REF*DP*043
DTM*999*20080306
RMR*IK*385220080312*PI*18*18*0
REF*PO*0020080313
REF*ST*03852
REF*DP*043
DTM*999*20080312
RMR*IK*387620080307*PI*13.2*13.2*0
REF*PO*0020080308
REF*ST*03876
REF*DP*043
DTM*999*20080307
RMR*IK*387620080310*PI*22.8*22.8*0
REF*PO*0020080311
REF*ST*03876
REF*DP*043
DTM*999*20080310
RMR*IK*387620080312*PI*2.4*2.4*0
REF*PO*0020080313
REF*ST*03876
REF*DP*043
DTM*999*20080312
RMR*IK*392520080306*PI*6.6*6.6*0
REF*PO*0020080307
REF*ST*03925
REF*DP*043
DTM*999*20080306
RMR*IK*392520080307*PI*6.6*6.6*0
REF*PO*0020080308
REF*ST*03925
REF*DP*043
DTM*999*20080307
RMR*IK*392520080309*PI*1.2*1.2*0
REF*PO*0020080310
REF*ST*03925
REF*DP*043
DTM*999*20080309
RMR*IK*392520080310*PI*19.8*19.8*0
REF*PO*0020080311
REF*ST*03925
REF*DP*043
DTM*999*20080310
RMR*IK*392520080312*PI*49.6*49.6*0
REF*PO*0020080313
REF*ST*03925
REF*DP*043
DTM*999*20080312
RMR*IK*393120080310*PI*21.45*21.45*0
REF*PO*0020080311
REF*ST*03931
REF*DP*043
DTM*999*20080310
RMR*IK*393920080307*PI*15.6*15.6*0
REF*PO*0020080308
REF*ST*03939
REF*DP*043
DTM*999*20080307
RMR*IK*393920080309*PI*27.6*27.6*0
REF*PO*0020080310
REF*ST*03939
REF*DP*043
DTM*999*20080309
RMR*IK*393920080310*PI*10.8*10.8*0
REF*PO*0020080311
REF*ST*03939
REF*DP*043
DTM*999*20080310
RMR*IK*393920080311*PI*75*75*0
REF*PO*0020080312
REF*ST*03939
REF*DP*043
DTM*999*20080311
RMR*IK*393920080312*PI*21.2*21.2*0
REF*PO*0020080313
REF*ST*03939
REF*DP*043
DTM*999*20080312
RMR*IK*394120080306*PI*25.8*25.8*0
REF*PO*0020080307
REF*ST*03941
REF*DP*043
DTM*999*20080306
RMR*IK*394120080307*PI*2.4*2.4*0
REF*PO*0020080308
REF*ST*03941
REF*DP*043
DTM*999*20080307
RMR*IK*394120080308*PI*6.6*6.6*0
REF*PO*0020080309
REF*ST*03941
REF*DP*043
DTM*999*20080308
RMR*IK*394120080310*PI*10.2*10.2*0
REF*PO*0020080311
REF*ST*03941
REF*DP*043
DTM*999*20080310
RMR*IK*394120080311*PI*10.2*10.2*0
REF*PO*0020080312
REF*ST*03941
REF*DP*043
DTM*999*20080311
RMR*IK*394120080312*PI*36*36*0
REF*PO*0020080313
REF*ST*03941
REF*DP*043
DTM*999*20080312
RMR*IK*395720080306*PI*1.44*1.44*0
REF*PO*0020080307
REF*ST*03957
REF*DP*043
DTM*999*20080306
RMR*IK*395720080312*PI*4.8*4.8*0
REF*PO*0020080313
REF*ST*03957
REF*DP*043
DTM*999*20080312
RMR*IK*396620080306*PI*9.6*9.6*0
REF*PO*0020080307
REF*ST*03966
REF*DP*043
DTM*999*20080306
RMR*IK*396620080309*PI*6.6*6.6*0
REF*PO*0020080310
REF*ST*03966
REF*DP*043
DTM*999*20080309
RMR*IK*396620080310*PI*1.2*1.2*0
REF*PO*0020080311
REF*ST*03966
REF*DP*043
DTM*999*20080310
RMR*IK*396620080312*PI*14.4*14.4*0
REF*PO*0020080313
REF*ST*03966
REF*DP*043
DTM*999*20080312
RMR*IK*396720080308*PI*13.2*13.2*0
REF*PO*0020080309
REF*ST*03967
REF*DP*043
DTM*999*20080308
RMR*IK*396720080309*PI*10.75*10.75*0
REF*PO*0020080310
REF*ST*03967
REF*DP*043
DTM*999*20080309
RMR*IK*396720080310*PI*2.4*2.4*0
REF*PO*0020080311
REF*ST*03967
REF*DP*043
DTM*999*20080310
RMR*IK*397520080308*PI*3.6*3.6*0
REF*PO*0020080309
REF*ST*03975
REF*DP*043
DTM*999*20080308
RMR*IK*397520080309*PI*26.66*26.66*0
REF*PO*0020080310
REF*ST*03975
REF*DP*043
DTM*999*20080309
RMR*IK*397520080310*PI*19.58*19.58*0
REF*PO*0020080311
REF*ST*03975
REF*DP*043
DTM*999*20080310
RMR*IK*397520080311*PI*32.93*32.93*0
REF*PO*0020080312
REF*ST*03975
REF*DP*043
DTM*999*20080311
RMR*IK*397520080312*PI*18.05*18.05*0
REF*PO*0020080313
REF*ST*03975
REF*DP*043
DTM*999*20080312
RMR*IK*397820080308*PI*2.4*2.4*0
REF*PO*0020080309
REF*ST*03978
REF*DP*043
DTM*999*20080308
RMR*IK*397820080310*PI*3.6*3.6*0
REF*PO*0020080311
REF*ST*03978
REF*DP*043
DTM*999*20080310
RMR*IK*397820080311*PI*9*9*0
REF*PO*0020080312
REF*ST*03978
REF*DP*043
DTM*999*20080311
RMR*IK*397820080312*PI*6*6*0
REF*PO*0020080313
REF*ST*03978
REF*DP*043
DTM*999*20080312
RMR*IK*399420080311*PI*7.8*7.8*0
REF*PO*0020080312
REF*ST*03994
REF*DP*043
DTM*999*20080311
RMR*IK*399620080306*PI*13.2*13.2*0
REF*PO*0020080307
REF*ST*03996
REF*DP*043
DTM*999*20080306
RMR*IK*399620080310*PI*4.8*4.8*0
REF*PO*0020080311
REF*ST*03996
REF*DP*043
DTM*999*20080310
RMR*IK*399620080312*PI*7.2*7.2*0
REF*PO*0020080313
REF*ST*03996
REF*DP*043
DTM*999*20080312
RMR*IK*401620080306*PI*1.2*1.2*0
REF*PO*0020080307
REF*ST*04016
REF*DP*043
DTM*999*20080306
RMR*IK*401620080307*PI*30*30*0
REF*PO*0020080308
REF*ST*04016
REF*DP*043
DTM*999*20080307
RMR*IK*401620080308*PI*4.8*4.8*0
REF*PO*0020080309
REF*ST*04016
REF*DP*043
DTM*999*20080308
RMR*IK*401620080310*PI*4.8*4.8*0
REF*PO*0020080311
REF*ST*04016
REF*DP*043
DTM*999*20080310
RMR*IK*401620080311*PI*1.2*1.2*0
REF*PO*0020080312
REF*ST*04016
REF*DP*043
DTM*999*20080311
RMR*IK*403320080309*PI*1.2*1.2*0
REF*PO*0020080310
REF*ST*04033
REF*DP*043
DTM*999*20080309
RMR*IK*403320080310*PI*3.6*3.6*0
REF*PO*0020080311
REF*ST*04033
REF*DP*043
DTM*999*20080310
RMR*IK*403320080312*PI*4.8*4.8*0
REF*PO*0020080313
REF*ST*04033
REF*DP*043
DTM*999*20080312
RMR*IK*407120080306*PI*6.6*6.6*0
REF*PO*0020080307
REF*ST*04071
REF*DP*043
DTM*999*20080306
RMR*IK*407120080307*PI*13.2*13.2*0
REF*PO*0020080308
REF*ST*04071
REF*DP*043
DTM*999*20080307
RMR*IK*407120080309*PI*2.4*2.4*0
REF*PO*0020080310
REF*ST*04071
REF*DP*043
DTM*999*20080309
RMR*IK*407120080310*PI*7.8*7.8*0
REF*PO*0020080311
REF*ST*04071
REF*DP*043
DTM*999*20080310
RMR*IK*409320080306*PI*2.4*2.4*0
REF*PO*0020080307
REF*ST*04093
REF*DP*043
DTM*999*20080306
RMR*IK*409320080307*PI*6.6*6.6*0
REF*PO*0020080308
REF*ST*04093
REF*DP*043
DTM*999*20080307
RMR*IK*409320080308*PI*4.8*4.8*0
REF*PO*0020080309
REF*ST*04093
REF*DP*043
DTM*999*20080308
RMR*IK*409320080309*PI*7.2*7.2*0
REF*PO*0020080310
REF*ST*04093
REF*DP*043
DTM*999*20080309
RMR*IK*409320080310*PI*1.2*1.2*0
REF*PO*0020080311
REF*ST*04093
REF*DP*043
DTM*999*20080310
RMR*IK*409320080311*PI*7.2*7.2*0
REF*PO*0020080312
REF*ST*04093
REF*DP*043
DTM*999*20080311
RMR*IK*409320080312*PI*26.25*26.25*0
REF*PO*0020080313
REF*ST*04093
REF*DP*043
DTM*999*20080312
RMR*IK*410320080306*PI*1.2*1.2*0
REF*PO*0020080307
REF*ST*04103
REF*DP*043
DTM*999*20080306
RMR*IK*410320080310*PI*2.4*2.4*0
REF*PO*0020080311
REF*ST*04103
REF*DP*043
DTM*999*20080310
RMR*IK*410320080311*PI*1.2*1.2*0
REF*PO*0020080312
REF*ST*04103
REF*DP*043
DTM*999*20080311
RMR*IK*412220080307*PI*6.6*6.6*0
REF*PO*0020080308
REF*ST*04122
REF*DP*043
DTM*999*20080307
RMR*IK*412220080309*PI*15.6*15.6*0
REF*PO*0020080310
REF*ST*04122
REF*DP*043
DTM*999*20080309
RMR*IK*412220080310*PI*44.4*44.4*0
REF*PO*0020080311
REF*ST*04122
REF*DP*043
DTM*999*20080310
RMR*IK*412220080311*PI*13.8*13.8*0
REF*PO*0020080312
REF*ST*04122
REF*DP*043
DTM*999*20080311
RMR*IK*412220080312*PI*31.15*31.15*0
REF*PO*0020080313
REF*ST*04122
REF*DP*043
DTM*999*20080312
RMR*IK*413720080308*PI*3.6*3.6*0
REF*PO*0020080309
REF*ST*04137
REF*DP*043
DTM*999*20080308
RMR*IK*413720080309*PI*6*6*0
REF*PO*0020080310
REF*ST*04137
REF*DP*043
DTM*999*20080309
RMR*IK*413720080310*PI*15*15*0
REF*PO*0020080311
REF*ST*04137
REF*DP*043
DTM*999*20080310
RMR*IK*413720080311*PI*3.6*3.6*0
REF*PO*0020080312
REF*ST*04137
REF*DP*043
DTM*999*20080311
RMR*IK*413720080312*PI*37.05*37.05*0
REF*PO*0020080313
REF*ST*04137
REF*DP*043
DTM*999*20080312
RMR*IK*418920080306*PI*36.67*36.67*0
REF*PO*0020080307
REF*ST*04189
REF*DP*043
DTM*999*20080306
RMR*IK*418920080307*PI*19.8*19.8*0
REF*PO*0020080308
REF*ST*04189
REF*DP*043
DTM*999*20080307
RMR*IK*418920080308*PI*6*6*0
REF*PO*0020080309
REF*ST*04189
REF*DP*043
DTM*999*20080308
RMR*IK*418920080309*PI*67.96*67.96*0
REF*PO*0020080310
REF*ST*04189
REF*DP*043
DTM*999*20080309
RMR*IK*418920080310*PI*6.6*6.6*0
REF*PO*0020080311
REF*ST*04189
REF*DP*043
DTM*999*20080310
RMR*IK*418920080311*PI*26.92*26.92*0
REF*PO*0020080312
REF*ST*04189
REF*DP*043
DTM*999*20080311
RMR*IK*418920080312*PI*83.7*83.7*0
REF*PO*0020080313
REF*ST*04189
REF*DP*043
DTM*999*20080312
RMR*IK*419820080307*PI*43.2*43.2*0
REF*PO*0020080308
REF*ST*04198
REF*DP*043
DTM*999*20080307
RMR*IK*419820080308*PI*4.08*4.08*0
REF*PO*0020080309
REF*ST*04198
REF*DP*043
DTM*999*20080308
RMR*IK*419820080309*PI*23.9*23.9*0
REF*PO*0020080310
REF*ST*04198
REF*DP*043
DTM*999*20080309
RMR*IK*419820080310*PI*15.6*15.6*0
REF*PO*0020080311
REF*ST*04198
REF*DP*043
DTM*999*20080310
RMR*IK*419820080311*PI*8.83*8.83*0
REF*PO*0020080312
REF*ST*04198
REF*DP*043
DTM*999*20080311
RMR*IK*419820080312*PI*62.88*62.88*0
REF*PO*0020080313
REF*ST*04198
REF*DP*043
DTM*999*20080312
RMR*IK*420220080307*PI*2.4*2.4*0
REF*PO*0020080308
REF*ST*04202
REF*DP*043
DTM*999*20080307
RMR*IK*420220080310*PI*1.2*1.2*0
REF*PO*0020080311
REF*ST*04202
REF*DP*043
DTM*999*20080310
RMR*IK*420220080312*PI*16.8*16.8*0
REF*PO*0020080313
REF*ST*04202
REF*DP*043
DTM*999*20080312
RMR*IK*424420080307*PI*2.4*2.4*0
REF*PO*0020080308
REF*ST*04244
REF*DP*043
DTM*999*20080307
RMR*IK*424420080308*PI*2.4*2.4*0
REF*PO*0020080309
REF*ST*04244
REF*DP*043
DTM*999*20080308
RMR*IK*424420080309*PI*22.75*22.75*0
REF*PO*0020080310
REF*ST*04244
REF*DP*043
DTM*999*20080309
RMR*IK*424420080310*PI*7.2*7.2*0
REF*PO*0020080311
REF*ST*04244
REF*DP*043
DTM*999*20080310
RMR*IK*424420080311*PI*4.8*4.8*0
REF*PO*0020080312
REF*ST*04244
REF*DP*043
DTM*999*20080311
RMR*IK*424420080312*PI*28.2*28.2*0
REF*PO*0020080313
REF*ST*04244
REF*DP*043
DTM*999*20080312
RMR*IK*430820080307*PI*2.4*2.4*0
REF*PO*0020080308
REF*ST*04308
REF*DP*043
DTM*999*20080307
RMR*IK*430820080310*PI*2.4*2.4*0
REF*PO*0020080311
REF*ST*04308
REF*DP*043
DTM*999*20080310
RMR*IK*430820080311*PI*28.8*28.8*0
REF*PO*0020080312
REF*ST*04308
REF*DP*043
DTM*999*20080311
RMR*IK*430820080312*PI*10.15*10.15*0
REF*PO*0020080313
REF*ST*04308
REF*DP*043
DTM*999*20080312
RMR*IK*431220080306*PI*3.6*3.6*0
REF*PO*0020080307
REF*ST*04312
REF*DP*043
DTM*999*20080306
RMR*IK*431220080310*PI*15.6*15.6*0
REF*PO*0020080311
REF*ST*04312
REF*DP*043
DTM*999*20080310
RMR*IK*431220080311*PI*31.75*31.75*0
REF*PO*0020080312
REF*ST*04312
REF*DP*043
DTM*999*20080311
RMR*IK*431220080312*PI*4.15*4.15*0
REF*PO*0020080313
REF*ST*04312
REF*DP*043
DTM*999*20080312
RMR*IK*447520080312*PI*19.2*19.2*0
REF*PO*0020080313
REF*ST*04475
REF*DP*043
DTM*999*20080312
RMR*IK*471720080307*PI*3.6*3.6*0
REF*PO*0020080308
REF*ST*04717
REF*DP*043
DTM*999*20080307
RMR*IK*471720080308*PI*2.4*2.4*0
REF*PO*0020080309
REF*ST*04717
REF*DP*043
DTM*999*20080308
RMR*IK*471720080311*PI*7.2*7.2*0
REF*PO*0020080312
REF*ST*04717
REF*DP*043
DTM*999*20080311
RMR*IK*471920080306*PI*39.6*39.6*0
REF*PO*0020080307
REF*ST*04719
REF*DP*043
DTM*999*20080306
RMR*IK*471920080307*PI*61.15*61.15*0
REF*PO*0020080308
REF*ST*04719
REF*DP*043
DTM*999*20080307
RMR*IK*471920080308*PI*9.6*9.6*0
REF*PO*0020080309
REF*ST*04719
REF*DP*043
DTM*999*20080308
RMR*IK*471920080309*PI*12.55*12.55*0
REF*PO*0020080310
REF*ST*04719
REF*DP*043
DTM*999*20080309
RMR*IK*471920080311*PI*2.4*2.4*0
REF*PO*0020080312
REF*ST*04719
REF*DP*043
DTM*999*20080311
RMR*IK*471920080312*PI*4.8*4.8*0
REF*PO*0020080313
REF*ST*04719
REF*DP*043
DTM*999*20080312
RMR*IK*472320080306*PI*6*6*0
REF*PO*0020080307
REF*ST*04723
REF*DP*043
DTM*999*20080306
RMR*IK*472320080307*PI*25.15*25.15*0
REF*PO*0020080308
REF*ST*04723
REF*DP*043
DTM*999*20080307
RMR*IK*472320080308*PI*1.2*1.2*0
REF*PO*0020080309
REF*ST*04723
REF*DP*043
DTM*999*20080308
RMR*IK*472320080309*PI*2.4*2.4*0
REF*PO*0020080310
REF*ST*04723
REF*DP*043
DTM*999*20080309
RMR*IK*472320080310*PI*18.6*18.6*0
REF*PO*0020080311
REF*ST*04723
REF*DP*043
DTM*999*20080310
RMR*IK*472320080311*PI*9.6*9.6*0
REF*PO*0020080312
REF*ST*04723
REF*DP*043
DTM*999*20080311
RMR*IK*472320080312*PI*24*24*0
REF*PO*0020080313
REF*ST*04723
REF*DP*043
DTM*999*20080312
RMR*IK*473920080306*PI*3.6*3.6*0
REF*PO*0020080307
REF*ST*04739
REF*DP*043
DTM*999*20080306
RMR*IK*473920080308*PI*6.6*6.6*0
REF*PO*0020080309
REF*ST*04739
REF*DP*043
DTM*999*20080308
RMR*IK*473920080312*PI*13.8*13.8*0
REF*PO*0020080313
REF*ST*04739
REF*DP*043
DTM*999*20080312
RMR*IK*475720080306*PI*6*6*0
REF*PO*0020080307
REF*ST*04757
REF*DP*043
DTM*999*20080306
RMR*IK*475720080311*PI*7.2*7.2*0
REF*PO*0020080312
REF*ST*04757
REF*DP*043
DTM*999*20080311
RMR*IK*475720080312*PI*1.2*1.2*0
REF*PO*0020080313
REF*ST*04757
REF*DP*043
DTM*999*20080312
RMR*IK*475820080308*PI*9.55*9.55*0
REF*PO*0020080309
REF*ST*04758
REF*DP*043
DTM*999*20080308
RMR*IK*475820080309*PI*7.2*7.2*0
REF*PO*0020080310
REF*ST*04758
REF*DP*043
DTM*999*20080309
RMR*IK*475820080311*PI*7.2*7.2*0
REF*PO*0020080312
REF*ST*04758
REF*DP*043
DTM*999*20080311
RMR*IK*475820080312*PI*22.2*22.2*0
REF*PO*0020080313
REF*ST*04758
REF*DP*043
DTM*999*20080312
RMR*IK*476020080306*PI*9*9*0
REF*PO*0020080307
REF*ST*04760
REF*DP*043
DTM*999*20080306
RMR*IK*476020080307*PI*25.75*25.75*0
REF*PO*0020080308
REF*ST*04760
REF*DP*043
DTM*999*20080307
RMR*IK*476020080308*PI*27.6*27.6*0
REF*PO*0020080309
REF*ST*04760
REF*DP*043
DTM*999*20080308
RMR*IK*476020080309*PI*24*24*0
REF*PO*0020080310
REF*ST*04760
REF*DP*043
DTM*999*20080309
RMR*IK*476020080310*PI*16.75*16.75*0
REF*PO*0020080311
REF*ST*04760
REF*DP*043
DTM*999*20080310
RMR*IK*476020080311*PI*3.6*3.6*0
REF*PO*0020080312
REF*ST*04760
REF*DP*043
DTM*999*20080311
RMR*IK*476020080312*PI*15.6*15.6*0
REF*PO*0020080313
REF*ST*04760
REF*DP*043
DTM*999*20080312
RMR*IK*476920080308*PI*8.95*8.95*0
REF*PO*0020080309
REF*ST*04769
REF*DP*043
DTM*999*20080308
RMR*IK*476920080309*PI*18*18*0
REF*PO*0020080310
REF*ST*04769
REF*DP*043
DTM*999*20080309
RMR*IK*476920080310*PI*2.4*2.4*0
REF*PO*0020080311
REF*ST*04769
REF*DP*043
DTM*999*20080310
RMR*IK*476920080311*PI*2.4*2.4*0
REF*PO*0020080312
REF*ST*04769
REF*DP*043
DTM*999*20080311
RMR*IK*476920080312*PI*12.6*12.6*0
REF*PO*0020080313
REF*ST*04769
REF*DP*043
DTM*999*20080312
RMR*IK*477720080309*PI*35.3*35.3*0
REF*PO*0020080310
REF*ST*04777
REF*DP*043
DTM*999*20080309
RMR*IK*477720080311*PI*27.6*27.6*0
REF*PO*0020080312
REF*ST*04777
REF*DP*043
DTM*999*20080311
RMR*IK*477720080312*PI*12*12*0
REF*PO*0020080313
REF*ST*04777
REF*DP*043
DTM*999*20080312
RMR*IK*481720080307*PI*14.4*14.4*0
REF*PO*0020080308
REF*ST*04817
REF*DP*043
DTM*999*20080307
RMR*IK*481720080308*PI*14.4*14.4*0
REF*PO*0020080309
REF*ST*04817
REF*DP*043
DTM*999*20080308
RMR*IK*481720080309*PI*26.35*26.35*0
REF*PO*0020080310
REF*ST*04817
REF*DP*043
DTM*999*20080309
RMR*IK*481720080310*PI*10.8*10.8*0
REF*PO*0020080311
REF*ST*04817
REF*DP*043
DTM*999*20080310
RMR*IK*481720080312*PI*19.2*19.2*0
REF*PO*0020080313
REF*ST*04817
REF*DP*043
DTM*999*20080312
RMR*IK*483520080309*PI*8.3*8.3*0
REF*PO*0020080310
REF*ST*04835
REF*DP*043
DTM*999*20080309
RMR*IK*483520080310*PI*4.8*4.8*0
REF*PO*0020080311
REF*ST*04835
REF*DP*043
DTM*999*20080310
RMR*IK*483520080311*PI*6*6*0
REF*PO*0020080312
REF*ST*04835
REF*DP*043
DTM*999*20080311
RMR*IK*483520080312*PI*18*18*0
REF*PO*0020080313
REF*ST*04835
REF*DP*043
DTM*999*20080312
RMR*IK*486620080308*PI*9.6*9.6*0
REF*PO*0020080309
REF*ST*04866
REF*DP*043
DTM*999*20080308
RMR*IK*486620080311*PI*2.4*2.4*0
REF*PO*0020080312
REF*ST*04866
REF*DP*043
DTM*999*20080311
RMR*IK*488320080306*PI*9.5*9.5*0
REF*PO*0020080307
REF*ST*04883
REF*DP*043
DTM*999*20080306
RMR*IK*488320080307*PI*4.8*4.8*0
REF*PO*0020080308
REF*ST*04883
REF*DP*043
DTM*999*20080307
RMR*IK*488320080308*PI*7.2*7.2*0
REF*PO*0020080309
REF*ST*04883
REF*DP*043
DTM*999*20080308
RMR*IK*488320080311*PI*10.7*10.7*0
REF*PO*0020080312
REF*ST*04883
REF*DP*043
DTM*999*20080311
RMR*IK*488320080312*PI*12.5*12.5*0
REF*PO*0020080313
REF*ST*04883
REF*DP*043
DTM*999*20080312
RMR*IK*488320080327*PI*-2.4*-2.4*0
REF*PO*0020080329
REF*ST*04883
REF*DP*043
DTM*999*20080327
RMR*IK*489820080306*PI*3.6*3.6*0
REF*PO*0020080307
REF*ST*04898
REF*DP*043
DTM*999*20080306
RMR*IK*489820080309*PI*3.6*3.6*0
REF*PO*0020080310
REF*ST*04898
REF*DP*043
DTM*999*20080309
RMR*IK*489820080310*PI*3.6*3.6*0
REF*PO*0020080311
REF*ST*04898
REF*DP*043
DTM*999*20080310
RMR*IK*489820080311*PI*15*15*0
REF*PO*0020080312
REF*ST*04898
REF*DP*043
DTM*999*20080311
RMR*IK*489820080312*PI*13.2*13.2*0
REF*PO*0020080313
REF*ST*04898
REF*DP*043
DTM*999*20080312
RMR*IK*497020080306*PI*22.8*22.8*0
REF*PO*0020080307
REF*ST*04970
REF*DP*043
DTM*999*20080306
RMR*IK*497020080308*PI*4.8*4.8*0
REF*PO*0020080309
REF*ST*04970
REF*DP*043
DTM*999*20080308
RMR*IK*497020080309*PI*10.8*10.8*0
REF*PO*0020080310
REF*ST*04970
REF*DP*043
DTM*999*20080309
RMR*IK*497020080310*PI*18*18*0
REF*PO*0020080311
REF*ST*04970
REF*DP*043
DTM*999*20080310
RMR*IK*497020080311*PI*19.8*19.8*0
REF*PO*0020080312
REF*ST*04970
REF*DP*043
DTM*999*20080311
RMR*IK*497020080312*PI*23.95*23.95*0
REF*PO*0020080313
REF*ST*04970
REF*DP*043
DTM*999*20080312
RMR*IK*501420080310*PI*27.6*27.6*0
REF*PO*0020080312
REF*ST*05014
REF*DP*043
DTM*999*20080310
RMR*IK*502320080306*PI*14.4*14.4*0
REF*PO*0020080308
REF*ST*05023
REF*DP*043
DTM*999*20080306
RMR*IK*502320080312*PI*9.6*9.6*0
REF*PO*0020080314
REF*ST*05023
REF*DP*043
DTM*999*20080312
RMR*IK*506620080307*PI*3.6*3.6*0
REF*PO*0020080309
REF*ST*05066
REF*DP*043
DTM*999*20080307
RMR*IK*507020080306*PI*4.15*4.15*0
REF*PO*0020080308
REF*ST*05070
REF*DP*043
DTM*999*20080306
RMR*IK*507020080307*PI*9.5*9.5*0
REF*PO*0020080309
REF*ST*05070
REF*DP*043
DTM*999*20080307
RMR*IK*507020080310*PI*50.34*50.34*0
REF*PO*0020080312
REF*ST*05070
REF*DP*043
DTM*999*20080310
RMR*IK*507020080311*PI*14.85*14.85*0
REF*PO*0020080313
REF*ST*05070
REF*DP*043
DTM*999*20080311
RMR*IK*507020080312*PI*106.35*106.35*0
REF*PO*0020080314
REF*ST*05070
REF*DP*043
DTM*999*20080312
RMR*IK*507720080306*PI*9.6*9.6*0
REF*PO*0020080308
REF*ST*05077
REF*DP*043
DTM*999*20080306
RMR*IK*507720080309*PI*2.4*2.4*0
REF*PO*0020080311
REF*ST*05077
REF*DP*043
DTM*999*20080309
RMR*IK*507720080312*PI*15.84*15.84*0
REF*PO*0020080314
REF*ST*05077
REF*DP*043
DTM*999*20080312
RMR*IK*704320080310*PI*25.8*25.8*0
REF*PO*0020080311
REF*ST*07043
REF*DP*043
DTM*999*20080310
RMR*IK*704320080311*PI*12*12*0
REF*PO*0020080312
REF*ST*07043
REF*DP*043
DTM*999*20080311
RMR*IK*704320080312*PI*4.15*4.15*0
REF*PO*0020080313
REF*ST*07043
REF*DP*043
DTM*999*20080312
RMR*IK*704520080306*PI*15.6*15.6*0
REF*PO*0020080307
REF*ST*07045
REF*DP*043
DTM*999*20080306
RMR*IK*704520080309*PI*2.95*2.95*0
REF*PO*0020080310
REF*ST*07045
REF*DP*043
DTM*999*20080309
RMR*IK*704520080310*PI*16.15*16.15*0
REF*PO*0020080311
REF*ST*07045
REF*DP*043
DTM*999*20080310
RMR*IK*704520080311*PI*2.4*2.4*0
REF*PO*0020080312
REF*ST*07045
REF*DP*043
DTM*999*20080311
RMR*IK*705920080309*PI*9.6*9.6*0
REF*PO*0020080310
REF*ST*07059
REF*DP*043
DTM*999*20080309
RMR*IK*705920080312*PI*5.95*5.95*0
REF*PO*0020080313
REF*ST*07059
REF*DP*043
DTM*999*20080312
RMR*IK*706320080309*PI*6.6*6.6*0
REF*PO*0020080310
REF*ST*07063
REF*DP*043
DTM*999*20080309
RMR*IK*706320080310*PI*1.2*1.2*0
REF*PO*0020080311
REF*ST*07063
REF*DP*043
DTM*999*20080310
RMR*IK*706420080307*PI*14.4*14.4*0
REF*PO*0020080308
REF*ST*07064
REF*DP*043
DTM*999*20080307
RMR*IK*706420080309*PI*1.2*1.2*0
REF*PO*0020080310
REF*ST*07064
REF*DP*043
DTM*999*20080309
RMR*IK*706420080310*PI*1.2*1.2*0
REF*PO*0020080311
REF*ST*07064
REF*DP*043
DTM*999*20080310
RMR*IK*706420080312*PI*19.2*19.2*0
REF*PO*0020080313
REF*ST*07064
REF*DP*043
DTM*999*20080312
RMR*IK*706620080306*PI*4.15*4.15*0
REF*PO*0020080307
REF*ST*07066
REF*DP*043
DTM*999*20080306
RMR*IK*706620080309*PI*13.7*13.7*0
REF*PO*0020080310
REF*ST*07066
REF*DP*043
DTM*999*20080309
RMR*IK*706620080310*PI*27.6*27.6*0
REF*PO*0020080311
REF*ST*07066
REF*DP*043
DTM*999*20080310
RMR*IK*706620080312*PI*10.75*10.75*0
REF*PO*0020080313
REF*ST*07066
REF*DP*043
DTM*999*20080312
RMR*IK*706920080306*PI*6.6*6.6*0
REF*PO*0020080307
REF*ST*07069
REF*DP*043
DTM*999*20080306
RMR*IK*706920080308*PI*4.8*4.8*0
REF*PO*0020080309
REF*ST*07069
REF*DP*043
DTM*999*20080308
RMR*IK*706920080310*PI*7.8*7.8*0
REF*PO*0020080311
REF*ST*07069
REF*DP*043
DTM*999*20080310
RMR*IK*706920080311*PI*19.2*19.2*0
REF*PO*0020080312
REF*ST*07069
REF*DP*043
DTM*999*20080311
RMR*IK*706920080312*PI*13.2*13.2*0
REF*PO*0020080313
REF*ST*07069
REF*DP*043
DTM*999*20080312
RMR*IK*707620080306*PI*13.2*13.2*0
REF*PO*0020080307
REF*ST*07076
REF*DP*043
DTM*999*20080306
RMR*IK*707620080310*PI*2.4*2.4*0
REF*PO*0020080311
REF*ST*07076
REF*DP*043
DTM*999*20080310
RMR*IK*707620080312*PI*2.4*2.4*0
REF*PO*0020080313
REF*ST*07076
REF*DP*043
DTM*999*20080312
RMR*IK*713220080309*PI*2.4*2.4*0
REF*PO*0020080310
REF*ST*07132
REF*DP*043
DTM*999*20080309
RMR*IK*715420080306*PI*73.2*73.2*0
REF*PO*0020080307
REF*ST*07154
REF*DP*043
DTM*999*20080306
RMR*IK*715420080307*PI*9.6*9.6*0
REF*PO*0020080308
REF*ST*07154
REF*DP*043
DTM*999*20080307
RMR*IK*715420080309*PI*18*18*0
REF*PO*0020080310
REF*ST*07154
REF*DP*043
DTM*999*20080309
RMR*IK*715420080310*PI*12.6*12.6*0
REF*PO*0020080311
REF*ST*07154
REF*DP*043
DTM*999*20080310
RMR*IK*715420080311*PI*14.4*14.4*0
REF*PO*0020080312
REF*ST*07154
REF*DP*043
DTM*999*20080311
RMR*IK*715420080312*PI*7.2*7.2*0
REF*PO*0020080313
REF*ST*07154
REF*DP*043
DTM*999*20080312
RMR*IK*720820080306*PI*13.8*13.8*0
REF*PO*0020080307
REF*ST*07208
REF*DP*043
DTM*999*20080306
RMR*IK*720820080310*PI*4.8*4.8*0
REF*PO*0020080311
REF*ST*07208
REF*DP*043
DTM*999*20080310
RMR*IK*720820080311*PI*34.4*34.4*0
REF*PO*0020080312
REF*ST*07208
REF*DP*043
DTM*999*20080311
RMR*IK*720820080312*PI*111.23*111.23*0
REF*PO*0020080313
REF*ST*07208
REF*DP*043
DTM*999*20080312
RMR*IK*720820080328*PI*-14.4*-14.4*0
REF*PO*0020080330
REF*ST*07208
REF*DP*043
DTM*999*20080328
RMR*IK*725520080309*PI*7.35*7.35*0
REF*PO*0020080310
REF*ST*07255
REF*DP*043
DTM*999*20080309
RMR*IK*725520080310*PI*15.65*15.65*0
REF*PO*0020080311
REF*ST*07255
REF*DP*043
DTM*999*20080310
RMR*IK*725520080311*PI*1.2*1.2*0
REF*PO*0020080312
REF*ST*07255
REF*DP*043
DTM*999*20080311
RMR*IK*725520080312*PI*3.6*3.6*0
REF*PO*0020080313
REF*ST*07255
REF*DP*043
DTM*999*20080312
RMR*IK*727420080306*PI*7.2*7.2*0
REF*PO*0020080307
REF*ST*07274
REF*DP*043
DTM*999*20080306
RMR*IK*727420080312*PI*2.4*2.4*0
REF*PO*0020080313
REF*ST*07274
REF*DP*043
DTM*999*20080312
RMR*IK*727820080309*PI*23.4*23.4*0
REF*PO*0020080310
REF*ST*07278
REF*DP*043
DTM*999*20080309
RMR*IK*727820080310*PI*13.2*13.2*0
REF*PO*0020080311
REF*ST*07278
REF*DP*043
DTM*999*20080310
RMR*IK*727820080311*PI*19.8*19.8*0
REF*PO*0020080312
REF*ST*07278
REF*DP*043
DTM*999*20080311
RMR*IK*727820080312*PI*3.6*3.6*0
REF*PO*0020080313
REF*ST*07278
REF*DP*043
DTM*999*20080312
RMR*IK*735120080308*PI*1.2*1.2*0
REF*PO*0020080309
REF*ST*07351
REF*DP*043
DTM*999*20080308
RMR*IK*735120080309*PI*20.1*20.1*0
REF*PO*0020080310
REF*ST*07351
REF*DP*043
DTM*999*20080309
RMR*IK*735120080310*PI*21.6*21.6*0
REF*PO*0020080311
REF*ST*07351
REF*DP*043
DTM*999*20080310
RMR*IK*735120080312*PI*25.2*25.2*0
REF*PO*0020080313
REF*ST*07351
REF*DP*043
DTM*999*20080312
RMR*IK*735420080306*PI*4.8*4.8*0
REF*PO*0020080307
REF*ST*07354
REF*DP*043
DTM*999*20080306
RMR*IK*735420080307*PI*6.6*6.6*0
REF*PO*0020080308
REF*ST*07354
REF*DP*043
DTM*999*20080307
RMR*IK*735420080309*PI*1.2*1.2*0
REF*PO*0020080310
REF*ST*07354
REF*DP*043
DTM*999*20080309
RMR*IK*735420080312*PI*6.6*6.6*0
REF*PO*0020080313
REF*ST*07354
REF*DP*043
DTM*999*20080312
RMR*IK*735820080309*PI*6*6*0
REF*PO*0020080310
REF*ST*07358
REF*DP*043
DTM*999*20080309
RMR*IK*735820080311*PI*2.4*2.4*0
REF*PO*0020080312
REF*ST*07358
REF*DP*043
DTM*999*20080311
RMR*IK*735820080312*PI*13.75*13.75*0
REF*PO*0020080313
REF*ST*07358
REF*DP*043
DTM*999*20080312
RMR*IK*736220080312*PI*11.9*11.9*0
REF*PO*0020080313
REF*ST*07362
REF*DP*043
DTM*999*20080312
RMR*IK*738820080309*PI*5.95*5.95*0
REF*PO*0020080310
REF*ST*07388
REF*DP*043
DTM*999*20080309
RMR*IK*738820080312*PI*9.6*9.6*0
REF*PO*0020080313
REF*ST*07388
REF*DP*043
DTM*999*20080312
RMR*IK*740720080309*PI*3.6*3.6*0
REF*PO*0020080310
REF*ST*07407
REF*DP*043
DTM*999*20080309
RMR*IK*740720080312*PI*8.4*8.4*0
REF*PO*0020080313
REF*ST*07407
REF*DP*043
DTM*999*20080312
RMR*IK*743720080306*PI*3.6*3.6*0
REF*PO*0020080307
REF*ST*07437
REF*DP*043
DTM*999*20080306
RMR*IK*746020080306*PI*1.2*1.2*0
REF*PO*0020080307
REF*ST*07460
REF*DP*043
DTM*999*20080306
RMR*IK*746120080309*PI*3.6*3.6*0
REF*PO*0020080310
REF*ST*07461
REF*DP*043
DTM*999*20080309
RMR*IK*746120080312*PI*9*9*0
REF*PO*0020080313
REF*ST*07461
REF*DP*043
DTM*999*20080312
RMR*IK*755820080306*PI*2.4*2.4*0
REF*PO*0020080307
REF*ST*07558
REF*DP*043
DTM*999*20080306
RMR*IK*755820080307*PI*2.4*2.4*0
REF*PO*0020080308
REF*ST*07558
REF*DP*043
DTM*999*20080307
RMR*IK*755820080308*PI*2.4*2.4*0
REF*PO*0020080309
REF*ST*07558
REF*DP*043
DTM*999*20080308
RMR*IK*755820080309*PI*21.6*21.6*0
REF*PO*0020080310
REF*ST*07558
REF*DP*043
DTM*999*20080309
RMR*IK*755820080310*PI*37.2*37.2*0
REF*PO*0020080311
REF*ST*07558
REF*DP*043
DTM*999*20080310
RMR*IK*755820080311*PI*11.95*11.95*0
REF*PO*0020080312
REF*ST*07558
REF*DP*043
DTM*999*20080311
RMR*IK*755820080312*PI*34.4*34.4*0
REF*PO*0020080313
REF*ST*07558
REF*DP*043
DTM*999*20080312
RMR*IK*760720080310*PI*7.2*7.2*0
REF*PO*0020080311
REF*ST*07607
REF*DP*043
DTM*999*20080310
RMR*IK*760720080311*PI*24*24*0
REF*PO*0020080312
REF*ST*07607
REF*DP*043
DTM*999*20080311
RMR*IK*760720080312*PI*14.4*14.4*0
REF*PO*0020080313
REF*ST*07607
REF*DP*043
DTM*999*20080312
RMR*IK*761020080306*PI*4.8*4.8*0
REF*PO*0020080307
REF*ST*07610
REF*DP*043
DTM*999*20080306
RMR*IK*761020080307*PI*15.5*15.5*0
REF*PO*0020080308
REF*ST*07610
REF*DP*043
DTM*999*20080307
RMR*IK*761020080309*PI*10.8*10.8*0
REF*PO*0020080310
REF*ST*07610
REF*DP*043
DTM*999*20080309
RMR*IK*761020080310*PI*13.65*13.65*0
REF*PO*0020080311
REF*ST*07610
REF*DP*043
DTM*999*20080310
RMR*IK*761020080311*PI*1.2*1.2*0
REF*PO*0020080312
REF*ST*07610
REF*DP*043
DTM*999*20080311
RMR*IK*761020080312*PI*28.8*28.8*0
REF*PO*0020080313
REF*ST*07610
REF*DP*043
DTM*999*20080312
RMR*IK*762920080306*PI*16.8*16.8*0
REF*PO*0020080307
REF*ST*07629
REF*DP*043
DTM*999*20080306
RMR*IK*762920080307*PI*6.6*6.6*0
REF*PO*0020080308
REF*ST*07629
REF*DP*043
DTM*999*20080307
RMR*IK*762920080308*PI*4.8*4.8*0
REF*PO*0020080309
REF*ST*07629
REF*DP*043
DTM*999*20080308
RMR*IK*762920080309*PI*14.4*14.4*0
REF*PO*0020080310
REF*ST*07629
REF*DP*043
DTM*999*20080309
RMR*IK*762920080310*PI*24*24*0
REF*PO*0020080311
REF*ST*07629
REF*DP*043
DTM*999*20080310
RMR*IK*762920080311*PI*20.4*20.4*0
REF*PO*0020080312
REF*ST*07629
REF*DP*043
DTM*999*20080311
RMR*IK*762920080312*PI*7.2*7.2*0
REF*PO*0020080313
REF*ST*07629
REF*DP*043
DTM*999*20080312
RMR*IK*763720080309*PI*20.4*20.4*0
REF*PO*0020080310
REF*ST*07637
REF*DP*043
DTM*999*20080309
RMR*IK*763720080310*PI*1.2*1.2*0
REF*PO*0020080311
REF*ST*07637
REF*DP*043
DTM*999*20080310
RMR*IK*763720080312*PI*21.6*21.6*0
REF*PO*0020080313
REF*ST*07637
REF*DP*043
DTM*999*20080312
RMR*IK*771820080306*PI*10.8*10.8*0
REF*PO*0020080307
REF*ST*07718
REF*DP*043
DTM*999*20080306
RMR*IK*771820080309*PI*4.8*4.8*0
REF*PO*0020080310
REF*ST*07718
REF*DP*043
DTM*999*20080309
RMR*IK*771820080310*PI*27*27*0
REF*PO*0020080311
REF*ST*07718
REF*DP*043
DTM*999*20080310
RMR*IK*771820080311*PI*19.8*19.8*0
REF*PO*0020080312
REF*ST*07718
REF*DP*043
DTM*999*20080311
RMR*IK*771820080312*PI*1.2*1.2*0
REF*PO*0020080313
REF*ST*07718
REF*DP*043
DTM*999*20080312
RMR*IK*771920080306*PI*32.95*32.95*0
REF*PO*0020080307
REF*ST*07719
REF*DP*043
DTM*999*20080306
RMR*IK*771920080307*PI*4.8*4.8*0
REF*PO*0020080308
REF*ST*07719
REF*DP*043
DTM*999*20080307
RMR*IK*771920080308*PI*1.2*1.2*0
REF*PO*0020080309
REF*ST*07719
REF*DP*043
DTM*999*20080308
RMR*IK*771920080309*PI*6*6*0
REF*PO*0020080310
REF*ST*07719
REF*DP*043
DTM*999*20080309
RMR*IK*771920080310*PI*23.9*23.9*0
REF*PO*0020080311
REF*ST*07719
REF*DP*043
DTM*999*20080310
RMR*IK*771920080311*PI*17.9*17.9*0
REF*PO*0020080312
REF*ST*07719
REF*DP*043
DTM*999*20080311
RMR*IK*771920080312*PI*28.2*28.2*0
REF*PO*0020080313
REF*ST*07719
REF*DP*043
DTM*999*20080312
RMR*IK*775420080306*PI*6.6*6.6*0
REF*PO*0020080307
REF*ST*07754
REF*DP*043
DTM*999*20080306
RMR*IK*775420080312*PI*2.4*2.4*0
REF*PO*0020080313
REF*ST*07754
REF*DP*043
DTM*999*20080312
RMR*IK*912920080312*PI*4.8*4.8*0
REF*PO*0020080313
REF*ST*09129
REF*DP*043
DTM*999*20080312
RMR*IK*921720080306*PI*4.8*4.8*0
REF*PO*0020080307
REF*ST*09217
REF*DP*043
DTM*999*20080306
RMR*IK*921720080310*PI*2.4*2.4*0
REF*PO*0020080311
REF*ST*09217
REF*DP*043
DTM*999*20080310
RMR*IK*921720080311*PI*1.2*1.2*0
REF*PO*0020080312
REF*ST*09217
REF*DP*043
DTM*999*20080311
RMR*IK*921720080312*PI*15.6*15.6*0
REF*PO*0020080313
REF*ST*09217
REF*DP*043
DTM*999*20080312
RMR*IK*951320080306*PI*5.95*5.95*0
REF*PO*0020080307
REF*ST*09513
REF*DP*043
DTM*999*20080306
RMR*IK*951320080307*PI*12.55*12.55*0
REF*PO*0020080308
REF*ST*09513
REF*DP*043
DTM*999*20080307
RMR*IK*951320080309*PI*4.8*4.8*0
REF*PO*0020080310
REF*ST*09513
REF*DP*043
DTM*999*20080309
RMR*IK*951320080310*PI*12.6*12.6*0
REF*PO*0020080311
REF*ST*09513
REF*DP*043
DTM*999*20080310
RMR*IK*951320080311*PI*1.2*1.2*0
REF*PO*0020080312
REF*ST*09513
REF*DP*043
DTM*999*20080311
RMR*IK*954920080308*PI*13.2*13.2*0
REF*PO*0020080309
REF*ST*09549
REF*DP*043
DTM*999*20080308
RMR*IK*954920080309*PI*3.6*3.6*0
REF*PO*0020080310
REF*ST*09549
REF*DP*043
DTM*999*20080309
RMR*IK*954920080310*PI*4.8*4.8*0
REF*PO*0020080311
REF*ST*09549
REF*DP*043
DTM*999*20080310
RMR*IK*954920080311*PI*2.4*2.4*0
REF*PO*0020080312
REF*ST*09549
REF*DP*043
DTM*999*20080311
RMR*IK*954920080312*PI*19.8*19.8*0
REF*PO*0020080313
REF*ST*09549
REF*DP*043
DTM*999*20080312
RMR*IK*956020080311*PI*2.4*2.4*0
REF*PO*0020080312
REF*ST*09560
REF*DP*043
DTM*999*20080311
RMR*IK*956020080312*PI*2.4*2.4*0
REF*PO*0020080313
REF*ST*09560
REF*DP*043
DTM*999*20080312
RMR*IK*956320080308*PI*4.8*4.8*0
REF*PO*0020080309
REF*ST*09563
REF*DP*043
DTM*999*20080308
RMR*IK*956320080309*PI*16.2*16.2*0
REF*PO*0020080310
REF*ST*09563
REF*DP*043
DTM*999*20080309
RMR*IK*956320080311*PI*3.6*3.6*0
REF*PO*0020080312
REF*ST*09563
REF*DP*043
DTM*999*20080311
RMR*IK*956320080312*PI*39.4*39.4*0
REF*PO*0020080313
REF*ST*09563
REF*DP*043
DTM*999*20080312
RMR*IK*957120080306*PI*5.95*5.95*0
REF*PO*0020080307
REF*ST*09571
REF*DP*043
DTM*999*20080306
RMR*IK*957120080308*PI*1.2*1.2*0
REF*PO*0020080309
REF*ST*09571
REF*DP*043
DTM*999*20080308
RMR*IK*957120080309*PI*5.95*5.95*0
REF*PO*0020080310
REF*ST*09571
REF*DP*043
DTM*999*20080309
RMR*IK*957120080310*PI*16.2*16.2*0
REF*PO*0020080311
REF*ST*09571
REF*DP*043
DTM*999*20080310
RMR*IK*962020080306*PI*9*9*0
REF*PO*0020080307
REF*ST*09620
REF*DP*043
DTM*999*20080306
RMR*IK*962020080307*PI*1.2*1.2*0
REF*PO*0020080308
REF*ST*09620
REF*DP*043
DTM*999*20080307
RMR*IK*962020080310*PI*3.6*3.6*0
REF*PO*0020080311
REF*ST*09620
REF*DP*043
DTM*999*20080310
RMR*IK*962020080312*PI*10.15*10.15*0
REF*PO*0020080313
REF*ST*09620
REF*DP*043
DTM*999*20080312
RMR*IK*962120080309*PI*2.4*2.4*0
REF*PO*0020080310
REF*ST*09621
REF*DP*043
DTM*999*20080309
RMR*IK*962120080310*PI*3.6*3.6*0
REF*PO*0020080311
REF*ST*09621
REF*DP*043
DTM*999*20080310
RMR*IK*962120080311*PI*16.2*16.2*0
REF*PO*0020080312
REF*ST*09621
REF*DP*043
DTM*999*20080311
RMR*IK*962120080312*PI*10.2*10.2*0
REF*PO*0020080313
REF*ST*09621
REF*DP*043
DTM*999*20080312
RMR*IK*962220080310*PI*3.6*3.6*0
REF*PO*0020080311
REF*ST*09622
REF*DP*043
DTM*999*20080310
RMR*IK*962220080312*PI*4.8*4.8*0
REF*PO*0020080313
REF*ST*09622
REF*DP*043
DTM*999*20080312
RMR*IK*962520080306*PI*1.2*1.2*0
REF*PO*0020080307
REF*ST*09625
REF*DP*043
DTM*999*20080306
RMR*IK*962520080307*PI*6.6*6.6*0
REF*PO*0020080308
REF*ST*09625
REF*DP*043
DTM*999*20080307
RMR*IK*962520080308*PI*13.2*13.2*0
REF*PO*0020080309
REF*ST*09625
REF*DP*043
DTM*999*20080308
RMR*IK*962520080311*PI*14.4*14.4*0
REF*PO*0020080312
REF*ST*09625
REF*DP*043
DTM*999*20080311
RMR*IK*962520080312*PI*4.8*4.8*0
REF*PO*0020080313
REF*ST*09625
REF*DP*043
DTM*999*20080312
RMR*IK*962920080306*PI*1.2*1.2*0
REF*PO*0020080307
REF*ST*09629
REF*DP*043
DTM*999*20080306
RMR*IK*962920080308*PI*3.6*3.6*0
REF*PO*0020080309
REF*ST*09629
REF*DP*043
DTM*999*20080308
RMR*IK*962920080309*PI*1.2*1.2*0
REF*PO*0020080310
REF*ST*09629
REF*DP*043
DTM*999*20080309
RMR*IK*962920080310*PI*2.4*2.4*0
REF*PO*0020080311
REF*ST*09629
REF*DP*043
DTM*999*20080310
RMR*IK*962920080312*PI*4.8*4.8*0
REF*PO*0020080313
REF*ST*09629
REF*DP*043
DTM*999*20080312
RMR*IK*963920080310*PI*18*18*0
REF*PO*0020080311
REF*ST*09639
REF*DP*043
DTM*999*20080310
RMR*IK*963920080311*PI*19.8*19.8*0
REF*PO*0020080312
REF*ST*09639
REF*DP*043
DTM*999*20080311
RMR*IK*963920080312*PI*2.4*2.4*0
REF*PO*0020080313
REF*ST*09639
REF*DP*043
DTM*999*20080312
RMR*IK*964820080306*PI*7.8*7.8*0
REF*PO*0020080307
REF*ST*09648
REF*DP*043
DTM*999*20080306
RMR*IK*964820080309*PI*1.2*1.2*0
REF*PO*0020080310
REF*ST*09648
REF*DP*043
DTM*999*20080309
RMR*IK*964820080310*PI*6*6*0
REF*PO*0020080311
REF*ST*09648
REF*DP*043
DTM*999*20080310
RMR*IK*964820080312*PI*16.8*16.8*0
REF*PO*0020080313
REF*ST*09648
REF*DP*043
DTM*999*20080312
RMR*IK*965720080309*PI*3.6*3.6*0
REF*PO*0020080310
REF*ST*09657
REF*DP*043
DTM*999*20080309
RMR*IK*965720080312*PI*7.75*7.75*0
REF*PO*0020080313
REF*ST*09657
REF*DP*043
DTM*999*20080312
RMR*IK*967420080306*PI*15.6*15.6*0
REF*PO*0020080307
REF*ST*09674
REF*DP*043
DTM*999*20080306
RMR*IK*967420080307*PI*2.4*2.4*0
REF*PO*0020080308
REF*ST*09674
REF*DP*043
DTM*999*20080307
RMR*IK*967420080310*PI*1.2*1.2*0
REF*PO*0020080311
REF*ST*09674
REF*DP*043
DTM*999*20080310
RMR*IK*967420080311*PI*4.8*4.8*0
REF*PO*0020080312
REF*ST*09674
REF*DP*043
DTM*999*20080311
RMR*IK*967420080312*PI*4.8*4.8*0
REF*PO*0020080313
REF*ST*09674
REF*DP*043
DTM*999*20080312
RMR*IK*971420080306*PI*10.8*10.8*0
REF*PO*0020080307
REF*ST*09714
REF*DP*043
DTM*999*20080306
RMR*IK*971420080307*PI*13.2*13.2*0
REF*PO*0020080308
REF*ST*09714
REF*DP*043
DTM*999*20080307
RMR*IK*971420080308*PI*4.8*4.8*0
REF*PO*0020080309
REF*ST*09714
REF*DP*043
DTM*999*20080308
RMR*IK*971420080309*PI*33.6*33.6*0
REF*PO*0020080310
REF*ST*09714
REF*DP*043
DTM*999*20080309
RMR*IK*971420080310*PI*12.55*12.55*0
REF*PO*0020080311
REF*ST*09714
REF*DP*043
DTM*999*20080310
RMR*IK*971420080311*PI*6*6*0
REF*PO*0020080312
REF*ST*09714
REF*DP*043
DTM*999*20080311
RMR*IK*971420080312*PI*40.3*40.3*0
REF*PO*0020080313
REF*ST*09714
REF*DP*043
DTM*999*20080312
RMR*IK*972820080306*PI*26.4*26.4*0
REF*PO*0020080307
REF*ST*09728
REF*DP*043
DTM*999*20080306
RMR*IK*973520080306*PI*1.2*1.2*0
REF*PO*0020080307
REF*ST*09735
REF*DP*043
DTM*999*20080306
RMR*IK*973520080311*PI*12*12*0
REF*PO*0020080312
REF*ST*09735
REF*DP*043
DTM*999*20080311
RMR*IK*975820080306*PI*4.8*4.8*0
REF*PO*0020080307
REF*ST*09758
REF*DP*043
DTM*999*20080306
RMR*IK*975820080309*PI*3.6*3.6*0
REF*PO*0020080310
REF*ST*09758
REF*DP*043
DTM*999*20080309
RMR*IK*975820080311*PI*2.4*2.4*0
REF*PO*0020080312
REF*ST*09758
REF*DP*043
DTM*999*20080311
RMR*IK*975820080312*PI*7.2*7.2*0
REF*PO*0020080313
REF*ST*09758
REF*DP*043
DTM*999*20080312
SE*2484*0001
GE*1*1000111
IEA*1*001000111
ISA*00*          *00*          *08*9254291001     *12*6154525825     *080408*0420*U*00400*000000307*0*P*>
GS*PD*9254291001*6154525825*20080408*0420*307*X*004010
ST*852*0001
XQ*H*20080408
N9*AD*T00000040
LIN**IN*002904411*ZZ*43*UP*831664001160*****DG*1*VS*00000
ZA*QS***006*20080406
CTP**UCP*1.2
SDQ*EA*ZZ*5014*9*5023*6
ZA*QS***006*20080407
CTP**UCP*1.2
SDQ*EA*ZZ*3022*8*3147*13*3194*4*3253*3*3408*8*3428*12*3602*1*3703*2*3715*3*3836*4
SDQ*EA*ZZ*3848*2*3852*9*3886*8*3925*1*3941*5*3966*2*3978*2*4033*1*4071*1*4103*2
SDQ*EA*ZZ*4112*3*4202*14*4717*1*4777*4*4835*1*4866*1*4872*2*4898*13*4970*2*7045*4
SDQ*EA*ZZ*7063*1*7069*21*7076*2*7132*11*7154*1*7208*2*7255*12*7274*7*7276*9*7278*11
SDQ*EA*ZZ*7353*9*7354*2*7382*5*7437*4*7461*4*7607*9*7610*11*7622*8*7626*6*7718*2
SDQ*EA*ZZ*7754*4*9129*1*9320*9*9513*1*9547*13*9620*1*9621*2*9625*2*9633*3*9639*11
SDQ*EA*ZZ*9648*4*9657*4*9674*1*9728*2*9735*2*9758*2
CTT*1
SE*18*0001
ST*852*0002
XQ*H*20080408
N9*AD*T00000040
LIN**IN*002916611*ZZ*43*UP*831664001184*****DG*1*VS*00000
ZA*QS***006*20080406
CTP**UCP*3.4
SDQ*EA*ZZ*5014*1*5070*1
ZA*QS***006*20080407
CTP**UCP*3.4
SDQ*EA*ZZ*3289*2*3703*4*3941*3*3975*1*4103*3*4189*1*4202*1*4717*1*4723*1*4970*2
SDQ*EA*ZZ*7069*1*7076*1*7132*3*7255*1*9639*1
LIN**IN*002916611*ZZ*43*UP*831664001184*****DG*5*VS*00000
ZA*QS***006*20080407
CTP**UCP*3.4
SDQ*EA*ZZ*7066*2
CTT*2
SE*17*0002
ST*852*0003
XQ*H*20080408
N9*AD*T00000040
LIN**IN*025393811*ZZ*43*UP*831664001238*****DG*1*VS*00000
ZA*QS***006*20080407
CTP**UCP*9.25
SDQ*EA*ZZ*3646*2*3703*6*4244*8
CTT*1
SE*9*0003
ST*852*0004
XQ*H*20080408
N9*AD*T00000040
LIN**IN*025395211*ZZ*43*UP*831664001252*****DG*1*VS*00000
ZA*QS***006*20080406
CTP**UCP*8
SDQ*EA*ZZ*5014*12
ZA*QS***006*20080407
CTP**UCP*8
SDQ*EA*ZZ*3022*2*3084*1*3143*1*3348*1*3359*1*3644*1*3646*7*3661*1*3672*7*3685*2
SDQ*EA*ZZ*3703*12*3715*1*3773*2*3822*6*3836*5*3941*1*4093*1*4244*3*4308*1*4312*2
SDQ*EA*ZZ*4475*1*4719*2*4769*2*7043*1*7063*2*7064*1*7132*5*7278*2*7358*6*7362*1
SDQ*EA*ZZ*7460*1*7607*2*7610*1*9547*1*9620*1*9621*3*9625*3*9629*2*9633*2*9648*3
SDQ*EA*ZZ*9735*1*9758*2
CTT*1
SE*16*0004
ST*852*0005
XQ*H*20080408
N9*AD*T00000040
LIN**IN*025397611*ZZ*43*UP*831664001245*****DG*1*VS*00000
ZA*QS***006*20080406
CTP**UCP*5.95
SDQ*EA*ZZ*5077*3
ZA*QS***006*20080407
CTP**UCP*5.95
SDQ*EA*ZZ*4112*1*7353*2
LIN**IN*025397611*ZZ*43*UP*831664001245*****DG*3*VS*00000
ZA*QS***006*20080407
CTP**UCP*5.95
SDQ*EA*ZZ*3063*1*3084*2*3289*1*3408*5*3602*2*3646*5*3703*5*3713*3*3715*2*3931*1
SDQ*EA*ZZ*3975*4*4103*9*4198*1*4244*7*4719*3*4739*3*4769*2*4777*1*4817*1*4866*-1
SDQ*EA*ZZ*7066*2*7154*1*7255*4*7274*7*7358*4*7610*1*7718*1*9549*1*9621*3*9633*1
SDQ*EA*ZZ*9639*2*9735*4
CTT*2
SE*19*0005
ST*852*0006
XQ*H*20080408
N9*AD*T00000040
LIN**IN*025412011*ZZ*43*UP*831664001276*****DG*1*VS*00000
ZA*QS***006*20080407
CTP**UCP*2.45
SDQ*EA*ZZ*3147*1*3240*1*3359*2*3408*1*3632*4*3646*4*3661*2*3672*6*3675*2*3701*1
SDQ*EA*ZZ*3703*3*3773*1*3822*2*3848*2*3876*1*3939*5*3966*1*3967*1*3975*4*3978*1
SDQ*EA*ZZ*4016*2*4093*3*4103*2*4189*12*4198*10*4202*2*4244*11*4308*4*4717*3*4719*3
SDQ*EA*ZZ*4723*5*4739*4*4760*3*4835*1*4883*3*4898*1*7063*4*7076*1*7208*1*7255*6
SDQ*EA*ZZ*7274*7*7358*9*7460*10*7461*1*7558*1*7607*1*7629*1*7718*1*7754*1*9320*1
SDQ*EA*ZZ*9513*2*9620*1*9621*2*9639*1*9648*14*9674*5*9758*5
LIN**IN*025412011*ZZ*43*UP*831664001276*****DG*8*VS*00000
ZA*QS***006*20080407
CTP**UCP*2.45
SDQ*EA*ZZ*9513*4
CTT*2
SE*18*0006
ST*852*0007
XQ*H*20080408
N9*AD*T00000040
LIN**IN*039868311*ZZ*43*UP*831664001405*****DG*1*VS*00000
ZA*QS***006*20080407
CTP**UCP*2.95
SDQ*EA*ZZ*3083*4*3084*3*3240*2*3359*6*3644*1*3661*2*3672*1*3685*1*3703*6*3715*4
SDQ*EA*ZZ*3773*1*3822*5*3836*2*3848*1*3939*2*4093*1*4103*2*4244*8*4475*3*4717*4
SDQ*EA*ZZ*4719*7*4817*5*4835*1*7069*5*7076*3*7208*1*7274*1*7358*1*7362*1*7460*3
SDQ*EA*ZZ*7718*6*7754*2*9621*1*9625*1*9633*2*9648*3*9657*1*9674*3*9735*1*9758*7
CTT*1
SE*12*0007
ST*852*0008
XQ*H*20080408
N9*AD*T00000040
LIN**IN*048848711*ZZ*43*UP*831664001153*****DG*1*VS*00000
ZA*QS***006*20080407
CTP**UCP*3.4
SDQ*EA*ZZ*3084*1*3703*1*4189*1*7132*3
CTT*1
SE*9*0008
ST*852*0009
XQ*H*20080408
N9*AD*T00000040
LIN**IN*053241411*ZZ*43*UP*831664001313*****DG*1*VS*00000
ZA*QS***006*20080406
CTP**UCP*1.44
SDQ*EA*ZZ*5014*15*5077*2
ZA*QS***006*20080407
CTP**UCP*1.44
SDQ*EA*ZZ*3063*2*3083*6*3084*7*3143*17*3223*7*3289*1*3348*1*3408*2*3602*1*3632*7
SDQ*EA*ZZ*3644*2*3645*2*3646*10*3661*2*3672*8*3675*2*3685*7*3701*4*3703*21*3808*3
SDQ*EA*ZZ*3822*7*3836*10*3848*21*3876*1*3931*10*3941*8*3957*4*3975*4*3978*4*3996*5
SDQ*EA*ZZ*4016*8*4071*1*4093*2*4103*6*4198*2*4202*4*4244*23*4312*9*4717*1*4719*9
SDQ*EA*ZZ*4723*2*4757*8*4758*4*4760*2*4769*1*4817*8*4835*1*4883*5*4898*2*7045*5
SDQ*EA*ZZ*7066*14*7069*7*7076*4*7132*10*7208*5*7255*27*7274*3*7354*4*7358*21*7362*1
SDQ*EA*ZZ*7460*4*7610*10*7629*1*7718*16*7719*2*9513*5*9547*2*9549*2*9560*1*9571*2
SDQ*EA*ZZ*9620*3*9621*9*9625*6*9629*2*9639*3*9648*60*9674*3*9728*2*9735*4*9758*5
LIN**IN*053241411*ZZ*43*UP*831664001313*****DG*3*VS*00000
ZA*QS***006*20080407
CTP**UCP*1.44
SDQ*EA*ZZ*7407*6
CTT*2
SE*23*0009
ST*852*0010
XQ*H*20080408
N9*AD*T00000040
LIN**IN*096698911*ZZ*43*UP*831664001115*****DG*1*VS*00000
ZA*QS***006*20080407
CTP**UCP*10.25
SDQ*EA*ZZ*3646*1*3661*2*3703*14*3941*3*4244*12*7132*2*7255*1*7354*3*7358*8*9513*6
SDQ*EA*ZZ*9648*3
LIN**IN*096698911*ZZ*43*UP*831664001115*****DG*3*VS*00000
ZA*QS***006*20080407
CTP**UCP*10.25
SDQ*EA*ZZ*7407*2
LIN**IN*096698911*ZZ*43*UP*831664001115*****DG*5*VS*00000
ZA*QS***006*20080407
CTP**UCP*10.25
SDQ*EA*ZZ*7354*9
CTT*3
SE*18*0010
ST*852*0011
XQ*H*20080408
N9*AD*T00000040
LIN**IN*096901411*ZZ*43*UP*831664001139*****DG*1*VS*00000
ZA*QS***006*20080407
CTP**UCP*2.95
SDQ*EA*ZZ*3063*2*3359*3*3703*2*3848*3*4016*1*4817*4*4835*2*7045*2*7208*2*7274*2
SDQ*EA*ZZ*9571*1*9621*1*9629*3*9633*1
CTT*1
SE*10*0011
ST*852*0012
XQ*H*20080408
N9*AD*T00000040
LIN**IN*096901811*ZZ*43*UP*831664001122*****DG*1*VS*00000
ZA*QS***006*20080406
CTP**UCP*4.85
SDQ*EA*ZZ*5070*4
ZA*QS***006*20080407
CTP**UCP*4.85
SDQ*EA*ZZ*3022*4*3063*1*3147*3*3223*1*3240*2*3289*1*3632*3*3645*3*3646*1*3848*2
SDQ*EA*ZZ*4016*1*4244*2*4308*1*4312*1*4475*1*4817*1*4835*1*7045*1*7063*2*7208*4
SDQ*EA*ZZ*7255*1*7558*2*7607*2*7610*1*9620*2*9633*3*9648*5*9714*1
CTT*1
SE*14*0012
ST*852*0013
XQ*H*20080408
N9*AD*T00000040
LIN**IN*097065711*ZZ*43*UP*831664000842*****DG*1*VS*00000
ZA*QS***006*20080407
CTP**UCP*6.6
SDQ*EA*ZZ*3083*6*3084*3*3147*8*3348*4*3359*1*3408*1*3632*6*3644*7*3646*11*3661*10
SDQ*EA*ZZ*3672*3*3701*1*3703*27*3715*4*3848*1*3852*2*3931*2*3941*1*3966*2*3978*2
SDQ*EA*ZZ*4033*1*4093*3*4103*6*4198*4*4244*5*4312*1*4717*2*4719*7*4757*2*4769*1
SDQ*EA*ZZ*4817*3*4866*5*4872*1*4898*1*4970*2*7060*2*7063*1*7076*2*7154*1*7208*3
SDQ*EA*ZZ*7255*5*7353*2*7354*5*7358*11*7362*1*7407*1*7460*4*7558*2*7607*4*7622*2
SDQ*EA*ZZ*7718*2*7719*1*9513*1*9621*1*9629*6*9633*5*9639*2*9648*12*9674*1*9758*4
CTT*1
SE*14*0013
ST*852*0014
XQ*H*20080408
N9*AD*T00000040
LIN**IN*097095611*ZZ*43*UP*831664000019*****DG*1*VS*00000
ZA*QS***006*20080406
CTP**UCP*1.2
SDQ*EA*ZZ*5014*44*5023*9*5066*6
LIN**IN*097095611*ZZ*43*UP*831664000019*****DG*3*VS*00000
ZA*QS***006*20080406
CTP**UCP*1.2
SDQ*EA*ZZ*5070*17*5077*10
LIN**IN*097095611*ZZ*43*UP*831664000019*****DG*1*VS*00000
ZA*QS***006*20080407
CTP**UCP*1.2
SDQ*EA*ZZ*3022*39*3147*11*3253*5*3773*5*3886*3*4112*2*4137*67*4872*11*7276*12*7353*15
SDQ*EA*ZZ*7382*3*7622*2*7626*7*9547*20
LIN**IN*097095611*ZZ*43*UP*831664000019*****DG*3*VS*00000
ZA*QS***006*20080407
CTP**UCP*1.2
SDQ*EA*ZZ*3063*36*3083*77*3084*119*3143*67*3194*33*3223*15*3240*24*3289*21*3348*23*3355*24
SDQ*EA*ZZ*3359*84*3408*63*3428*8*3602*21*3632*32*3644*41*3645*44*3646*114*3660*12*3661*102
SDQ*EA*ZZ*3672*97*3675*26*3685*20*3701*37*3703*80*3713*24*3715*38*3808*15*3822*47*3836*52
SDQ*EA*ZZ*3848*33*3852*23*3876*77*3925*25*3931*26*3939*41*3941*81*3957*15*3966*6*3967*26
SDQ*EA*ZZ*3975*47*3978*61*3994*16*3996*24*4016*43*4033*36*4071*25*4093*148*4103*86*4122*22
SDQ*EA*ZZ*4189*20*4198*71*4202*54*4244*135*4308*58*4312*81*4475*31*4717*61*4719*83*4723*8
SDQ*EA*ZZ*4739*38*4757*8*4758*14*4760*56*4769*15*4777*16*4817*115*4835*11*4866*48*4883*59
SDQ*EA*ZZ*4898*40*4970*69*7043*29*7045*2*7059*24*7060*7*7063*15*7064*16*7066*49*7069*131
SDQ*EA*ZZ*7076*53*7132*48*7146*14*7154*21*7208*54*7255*86*7274*38*7278*6*7351*6*7354*7
SDQ*EA*ZZ*7358*131*7362*30*7388*25*7407*29*7437*12*7460*40*7461*48*7558*17*7607*85*7610*54
SDQ*EA*ZZ*7629*42*7637*19*7718*38*7719*71*7754*20*9129*2*9217*15*9320*7*9513*35*9549*35
SDQ*EA*ZZ*9560*18*9563*21*9571*43*9620*27*9621*99*9622*24*9625*67*9629*22*9633*62*9639*51
SDQ*EA*ZZ*9648*182*9657*3*9674*70*9714*50*9728*30*9735*76*9758*87
CTT*4
SE*34*0014
ST*852*0015
XQ*H*20080408
N9*AD*T00000040
LIN**IN*097095711*ZZ*43*UP*831664000255*****DG*1*VS*00000
ZA*QS***006*20080406
CTP**UCP*.92
SDQ*EA*ZZ*5014*3
ZA*QS***006*20080407
CTP**UCP*.92
SDQ*EA*ZZ*3084*7*3143*17*3223*4*3289*13*3408*3*3428*1*3602*1*3632*5*3645*2*3646*4
SDQ*EA*ZZ*3660*2*3661*2*3672*4*3685*3*3701*1*3836*4*3876*1*3975*7*3978*2*3996*4
SDQ*EA*ZZ*4071*1*4122*3*4189*13*4198*7*4719*24*4760*4*4866*6*4883*3*4970*8*7059*10
SDQ*EA*ZZ*7066*6*7154*2*7208*2*7558*1*7637*7*7719*4*7754*20*9320*2*9549*8*9625*1
SDQ*EA*ZZ*9639*1*9648*32*9657*6*9714*6
CTT*1
SE*16*0015
ST*852*0016
XQ*H*20080408
N9*AD*T00000040
LIN**IN*097095811*ZZ*43*UP*831664000699*****DG*1*VS*00000
ZA*QS***006*20080406
CTP**UCP*.92
SDQ*EA*ZZ*5014*55*5066*2*5070*2
ZA*QS***006*20080407
CTP**UCP*.92
SDQ*EA*ZZ*3083*1*3084*12*3143*17*3240*4*3289*9*3348*11*3355*8*3359*3*3408*17*3602*1
SDQ*EA*ZZ*3632*32*3644*4*3645*7*3660*13*3661*14*3672*21*3701*5*3713*1*3848*7*3876*28
SDQ*EA*ZZ*3939*18*3941*13*3957*9*3978*2*3996*2*4016*3*4071*1*4093*12*4103*25*4122*2
SDQ*EA*ZZ*4137*5*4189*2*4198*9*4202*13*4244*23*4308*14*4312*2*4475*12*4757*2*4760*12
SDQ*EA*ZZ*4883*11*4970*1*7045*18*7059*3*7066*1*7069*9*7076*14*7132*36*7146*1*7255*1
SDQ*EA*ZZ*7274*12*7358*12*7388*7*7610*11*7637*1*7718*1*7719*9*7754*7*9547*10*9549*1
SDQ*EA*ZZ*9571*1*9621*5*9629*4*9633*4*9648*13*9714*2*9728*1
LIN**IN*097095811*ZZ*43*UP*831664000699*****DG*3*VS*00000
ZA*QS***006*20080407
CTP**UCP*.92
SDQ*EA*ZZ*7407*4
CTT*2
SE*22*0016
ST*852*0017
XQ*H*20080408
N9*AD*T00000040
LIN**IN*097095911*ZZ*43*UP*831664000675*****DG*1*VS*00000
ZA*QS***006*20080406
CTP**UCP*2
SDQ*EA*ZZ*5014*35
ZA*QS***006*20080407
CTP**UCP*2
SDQ*EA*ZZ*3083*2*3084*1*3147*13*3194*2*3253*6*3408*1*3602*3*3646*4*3672*1*3685*1
SDQ*EA*ZZ*3703*1*3715*2*3773*2*3822*2*3836*5*3876*5*3978*3*4033*1*4071*1*4093*9
SDQ*EA*ZZ*4198*2*4202*5*4244*18*4308*3*4312*2*4717*1*4719*2*4723*2*4758*2*4760*2
SDQ*EA*ZZ*4872*1*4883*1*4898*1*4970*1*7059*2*7060*2*7063*3*7069*14*7146*1*7154*6
SDQ*EA*ZZ*7208*7*7274*9*7358*9*7460*2*7461*2*7607*1*7610*4*7637*3*7719*1*9549*1
SDQ*EA*ZZ*9560*1*9621*2*9625*6*9633*5*9639*2*9648*1*9735*3*9758*1
CTT*1
SE*17*0017
ST*852*0018
XQ*H*20080408
N9*AD*T00000040
LIN**IN*097096011*ZZ*43*UP*831664000682*****DG*1*VS*00000
ZA*QS***006*20080406
CTP**UCP*1.4
SDQ*EA*ZZ*5014*7*5070*4
ZA*QS***006*20080407
CTP**UCP*1.4
SDQ*EA*ZZ*3289*3*3661*1*3685*2*3966*5*3975*7*3978*1*4016*11*4198*2*4202*15*4719*25
SDQ*EA*ZZ*4970*3*7069*9*7146*1*7274*4*7388*7*7437*8*7610*2*7629*1*7718*1*9513*2
SDQ*EA*ZZ*9625*12*9714*3
CTT*1
SE*14*0018
ST*852*0019
XQ*H*20080408
N9*AD*T00000040
LIN**IN*097096111*ZZ*43*UP*831664000330*****DG*1*VS*00000
ZA*QS***006*20080406
CTP**UCP*2
SDQ*EA*ZZ*5014*7*5070*11
ZA*QS***006*20080407
CTP**UCP*2
SDQ*EA*ZZ*3143*6*3240*14*3355*1*3632*12*3645*1*3646*8*3661*18*3672*1*3701*2*3703*17
SDQ*EA*ZZ*3713*1*3852*3*3975*1*3978*2*3996*5*4016*3*4198*2*4202*9*4719*28*4723*1
SDQ*EA*ZZ*4757*5*7064*5*7069*28*7154*14*7208*13*7274*2*7278*1*7437*4*7460*6*7558*7
SDQ*EA*ZZ*7637*4*7719*2*9625*6*9648*15*9714*3*9758*6
LIN**IN*097096111*ZZ*43*UP*831664000330*****DG*3*VS*00000
ZA*QS***006*20080407
CTP**UCP*2
SDQ*EA*ZZ*7407*3
CTT*2
SE*19*0019
ST*852*0020
XQ*H*20080408
N9*AD*T00000040
LIN**IN*097096211*ZZ*43*UP*831664000941*****DG*1*VS*00000
ZA*QS***006*20080406
CTP**UCP*2.45
SDQ*EA*ZZ*5014*1
ZA*QS***006*20080407
CTP**UCP*2.45
SDQ*EA*ZZ*3084*4*3143*-1*3408*1*3632*6*3646*9*3661*1*3672*5*3701*3*3822*2*3836*3
SDQ*EA*ZZ*3876*2*3941*2*3978*3*3996*2*4016*2*4093*1*4189*1*4198*2*4244*7*4717*2
SDQ*EA*ZZ*4758*1*4898*1*7064*4*7132*3*7208*4*7255*1*7358*7*7719*3*7754*2*9513*3
SDQ*EA*ZZ*9648*2*9674*4
LIN**IN*097096211*ZZ*43*UP*831664000941*****DG*5*VS*00000
ZA*QS***006*20080407
CTP**UCP*2.45
SDQ*EA*ZZ*3143*1
CTT*2
SE*19*0020
ST*852*0021
XQ*H*20080408
N9*AD*T00000040
LIN**IN*097096311*ZZ*43*UP*831664000743*****DG*1*VS*00000
ZA*QS***006*20080406
CTP**UCP*2.95
SDQ*EA*ZZ*5014*5
ZA*QS***006*20080407
CTP**UCP*2.95
SDQ*EA*ZZ*3022*1*3083*7*3084*1*3143*2*3147*2*3194*5*3223*4*3240*3*3253*2*3348*1
SDQ*EA*ZZ*3355*1*3359*3*3408*3*3602*8*3632*4*3644*1*3646*23*3661*6*3672*11*3685*1
SDQ*EA*ZZ*3773*1*3822*1*3836*3*3848*3*3852*1*3876*5*3925*1*3941*12*3957*2*3966*3
SDQ*EA*ZZ*3975*1*3978*1*4016*5*4033*2*4071*3*4103*2*4198*1*4202*3*4244*5*4308*1
SDQ*EA*ZZ*4717*4*4739*1*4758*4*4760*1*4769*2*4777*1*4883*4*4898*2*4970*1*7045*3
SDQ*EA*ZZ*7060*6*7063*2*7064*1*7066*4*7076*1*7132*1*7146*1*7154*3*7208*5*7255*22
SDQ*EA*ZZ*7274*4*7276*2*7353*7*7354*5*7358*1*7460*1*7461*1*7610*10*7622*3*7626*1
SDQ*EA*ZZ*7637*2*7718*6*9217*4*9320*1*9549*6*9620*1*9621*5*9625*5*9629*2*9633*5
SDQ*EA*ZZ*9639*2*9648*12*9657*1*9714*3*9728*1*9758*2
LIN**IN*097096311*ZZ*43*UP*831664000743*****DG*3*VS*00000
ZA*QS***006*20080407
CTP**UCP*2.95
SDQ*EA*ZZ*7407*1
LIN**IN*097096311*ZZ*43*UP*831664000743*****DG*5*VS*00000
ZA*QS***006*20080407
CTP**UCP*2.95
SDQ*EA*ZZ*9563*1
CTT*3
SE*28*0021
ST*852*0022
XQ*H*20080408
N9*AD*T00000040
LIN**IN*097096411*ZZ*43*UP*831664000453*****DG*1*VS*00000
ZA*QS***006*20080406
CTP**UCP*4.8
SDQ*EA*ZZ*5014*5*5023*2*5070*1*5077*4
LIN**IN*097096411*ZZ*43*UP*831664000453*****DG*0*VS*00000
ZA*QS***006*20080407
CTP**UCP*4.8
SDQ*EA*ZZ*3644*-1
LIN**IN*097096411*ZZ*43*UP*831664000453*****DG*1*VS*00000
ZA*QS***006*20080407
CTP**UCP*4.8
SDQ*EA*ZZ*3022*1*3083*5*3084*9*3143*6*3147*1*3223*1*3240*2*3289*7*3348*1*3355*1
SDQ*EA*ZZ*3359*5*3408*10*3428*4*3632*7*3644*9*3645*1*3646*7*3660*1*3661*7*3672*8
SDQ*EA*ZZ*3701*1*3703*4*3713*4*3715*2*3773*1*3836*8*3848*9*3939*3*3941*2*3957*1
SDQ*EA*ZZ*3966*1*3975*2*3996*1*4016*3*4093*22*4103*7*4137*1*4189*1*4198*1*4202*5
SDQ*EA*ZZ*4244*11*4308*3*4312*2*4717*4*4723*1*4739*1*4760*8*4769*2*4777*2*4817*6
SDQ*EA*ZZ*4872*1*7043*2*7045*1*7060*1*7063*2*7066*8*7069*1*7076*7*7132*1*7146*2
SDQ*EA*ZZ*7208*1*7255*1*7274*2*7354*1*7358*7*7437*9*7461*1*7607*7*7610*2*7626*1
SDQ*EA*ZZ*7718*6*7719*2*9513*9*9547*4*9549*2*9571*1*9621*6*9622*4*9633*5*9639*3
SDQ*EA*ZZ*9648*10*9674*2*9714*3*9735*4*9758*4
LIN**IN*097096411*ZZ*43*UP*831664000453*****DG*3*VS*00000
ZA*QS***006*20080407
CTP**UCP*4.8
SDQ*EA*ZZ*4883*10*4970*1*7407*1
CTT*4
SE*29*0022
ST*852*0023
XQ*H*20080408
N9*AD*T00000040
LIN**IN*097096511*ZZ*43*UP*831664000460*****DG*1*VS*00000
ZA*QS***006*20080406
CTP**UCP*5.95
SDQ*EA*ZZ*5066*3*5070*1
ZA*QS***006*20080407
CTP**UCP*5.95
SDQ*EA*ZZ*3147*1*3253*2*3773*1*3886*2*4112*1*4872*1*4883*2*4970*3*7353*5
LIN**IN*097096511*ZZ*43*UP*831664000460*****DG*3*VS*00000
ZA*QS***006*20080407
CTP**UCP*5.95
SDQ*EA*ZZ*3063*2*3083*3*3084*3*3143*2*3223*2*3240*3*3359*3*3408*4*3428*1*3602*1
SDQ*EA*ZZ*3632*1*3644*7*3645*1*3646*7*3672*6*3701*3*3703*2*3715*2*3822*3*3836*1
SDQ*EA*ZZ*3848*1*3876*3*3931*2*3941*1*3957*1*3966*1*3975*1*3978*2*4016*5*4033*1
SDQ*EA*ZZ*4093*2*4103*2*4122*1*4198*7*4202*3*4244*6*4312*3*4717*3*4719*1*4739*1
SDQ*EA*ZZ*4758*2*4760*8*4769*1*4817*2*4866*2*7043*3*7045*1*7069*1*7076*3*7132*1
SDQ*EA*ZZ*7208*7*7255*3*7274*3*7351*1*7358*5*7460*3*7607*1*7610*1*7629*3*7718*7
SDQ*EA*ZZ*7719*1*7754*4*9217*1*9513*2*9620*2*9621*7*9625*1*9633*2*9648*6*9674*2
SDQ*EA*ZZ*9714*3*9735*4*9758*5
LIN**IN*097096511*ZZ*43*UP*831664000460*****DG*8*VS*00000
ZA*QS***006*20080407
CTP**UCP*5.95
SDQ*EA*ZZ*7719*2*9674*3
CTT*3
SE*27*0023
ST*852*0024
XQ*H*20080408
N9*AD*T00000040
LIN**IN*097096711*ZZ*43*UP*831664000484*****DG*1*VS*00000
ZA*QS***006*20080406
CTP**UCP*8
SDQ*EA*ZZ*5014*2*5066*2
ZA*QS***006*20080407
CTP**UCP*8
SDQ*EA*ZZ*3083*1*3084*2*3147*2*3223*1*3359*2*3632*2*3644*2*3646*4*3703*5*3773*1
SDQ*EA*ZZ*3822*1*3836*1*3848*3*3876*2*3975*3*3978*3*4016*1*4093*1*4103*1*4202*2
SDQ*EA*ZZ*4244*3*4717*3*4739*2*4758*1*4817*1*4866*1*4970*1*7060*1*7076*2*7132*2
SDQ*EA*ZZ*7358*8*7460*1*7607*4*7637*1*7718*2*7719*4*9320*1*9621*3*9629*4*9639*1
SDQ*EA*ZZ*9674*2*9728*1*9758*9
LIN**IN*097096711*ZZ*43*UP*831664000484*****DG*5*VS*00000
ZA*QS***006*20080407
CTP**UCP*8
SDQ*EA*ZZ*7622*1
CTT*2
SE*20*0024
ST*852*0025
XQ*H*20080408
N9*AD*T00000040
LIN**IN*097097611*ZZ*43*UP*831664000514*****DG*1*VS*00000
ZA*QS***006*20080407
CTP**UCP*1.4
SDQ*EA*ZZ*4093*1*4739*1
CTT*1
SE*9*0025
GE*25*307
IEA*1*000000307
*** SUPERTRACS READY FOR INPUT
