ISA*00*          *00*          *09*006985290EFT   *12*6154525825     *080626*1326*U*00400*001000124*0*P*>
GS*RA*006985290EFT*6154525825*20080626*1326*1000124*X*004010
ST*820*0001
BPR*I*0.01*C*ACH*CCP*01*061209756*DA*2079900567397*9008965873**01*064102601*DA*3000289*20080627*VEN
TRN*3*80000906*9008965873
DTM*097*20080626
N1*PR*KMART CORPORATION*1*008965873
N1*PE*YOUNGS FARMS*92*00069099588
N1*SE*YOUNGS FARMS*92*00069099588
SE*8*0001
GE*1*1000124
IEA*1*001000124
ISA*00*          *00*          *08*9254291001     *12*6154525825     *080627*0421*U*00400*000000387*0*P*>
GS*PD*9254291001*6154525825*20080627*0421*387*X*004010
ST*852*0001
XQ*H*20080627
N9*AD*T00000040
LIN**IN*002904411*ZZ*43*UP*831664001160*****DG*1*VS*00000
ZA*QS***006*20080626
CTP**UCP*.63
SDQ*EA*ZZ*7637*2
CTT*1
SE*9*0001
ST*852*0002
XQ*H*20080627
N9*AD*T00000040
LIN**IN*002916611*ZZ*43*UP*831664001184*****DG*1*VS*00000
ZA*QS***006*20080626
CTP**UCP*3.4
SDQ*EA*ZZ*3703*3*3848*1*3941*2*4198*2*7208*2*7353*3*9633*1*9648*2
LIN**IN*002916611*ZZ*43*UP*831664001184*****DG*5*VS*00000
ZA*QS***006*20080626
CTP**UCP*3.4
SDQ*EA*ZZ*3143*2
CTT*2
SE*13*0002
ST*852*0003
XQ*H*20080627
N9*AD*T00000040
LIN**IN*004703011*ZZ*43*UP*831664001412*****DG*1*VS*00000
ZA*QS***006*20080626
CTP**UCP*4
SDQ*EA*ZZ*3022*1*3703*1*4103*2*4719*1
CTT*1
SE*9*0003
ST*852*0004
XQ*H*20080627
N9*AD*T00000040
LIN**IN*025395211*ZZ*43*UP*831664001252*****DG*1*VS*00000
ZA*QS***006*20080625
CTP**UCP*4.95
SDQ*EA*ZZ*5014*1
ZA*QS***006*20080626
CTP**UCP*4.95
SDQ*EA*ZZ*3645*1*3675*1*3685*1*3876*1*4137*1*4244*1*4817*1*4866*4*4898*3*7208*1
SDQ*EA*ZZ*7358*2*7622*1*9549*4*9639*1*9674*4
CTT*1
SE*13*0004
ST*852*0005
XQ*H*20080627
N9*AD*T00000040
LIN**IN*025397611*ZZ*43*UP*831664001245*****DG*1*VS*00000
ZA*QS***006*20080625
CTP**UCP*3.5
SDQ*EA*ZZ*5014*1
ZA*QS***006*20080626
CTP**UCP*3.5
SDQ*EA*ZZ*3022*2*3143*6*3428*1*3644*1*3646*6*3703*1*4093*1*4103*4*4137*1*4198*1
SDQ*EA*ZZ*4244*7*4717*1*4719*3*4866*1*7208*2*7274*2*7353*4*7622*6*7626*4*7718*2
CTT*1
SE*13*0005
ST*852*0006
XQ*H*20080627
N9*AD*T00000040
LIN**IN*025408511*ZZ*43*UP*831664001269*****DG*1*VS*00000
ZA*QS***006*20080626
CTP**UCP*4
SDQ*EA*ZZ*3644*3*4093*1*4244*3*4719*3*7255*3*7358*1*7461*3*9633*8*9648*1
CTT*1
SE*9*0006
ST*852*0007
XQ*H*20080627
N9*AD*T00000040
LIN**IN*025412011*ZZ*43*UP*831664001276*****DG*1*VS*00000
ZA*QS***006*20080625
CTP**UCP*1.27
SDQ*EA*ZZ*5014*3
ZA*QS***006*20080626
CTP**UCP*1.27
SDQ*EA*ZZ*3428*6*3661*1*4093*7*4202*1*4719*2*4817*1*4872*2*7060*6*7362*2*9621*3
SDQ*EA*ZZ*9625*1*9633*1*9648*1*9674*2
CTT*1
SE*13*0007
ST*852*0008
XQ*H*20080627
N9*AD*T00000040
LIN**IN*033281811*ZZ*43*UP*831664001290*****DG*1*VS*00000
ZA*QS***006*20080626
CTP**UCP*3.4
SDQ*EA*ZZ*3143*3*3685*1*3703*1*3822*1*3925*3*4093*1*4137*3*4872*1*7063*2*7132*2
SDQ*EA*ZZ*7208*1*7754*3*9633*3
CTT*1
SE*10*0008
ST*852*0009
XQ*H*20080627
N9*AD*T00000040
LIN**IN*039868311*ZZ*43*UP*831664001405*****DG*1*VS*00000
ZA*QS***006*20080626
CTP**UCP*2
SDQ*EA*ZZ*9674*3
CTT*1
SE*9*0009
ST*852*0010
XQ*H*20080627
N9*AD*T00000040
LIN**IN*044488711*ZZ*43*UP*831664001306*****DG*1*VS*00000
ZA*QS***006*20080626
CTP**UCP*4.95
SDQ*EA*ZZ*3672*2*3703*2*3715*1*3941*2*3975*1*4103*1*4719*3*4769*1*4866*2*7043*1
SDQ*EA*ZZ*7208*1*7353*2*7622*2*9621*4*9633*1*9648*1*9674*1*9758*1
CTT*1
SE*10*0010
ST*852*0011
XQ*H*20080627
N9*AD*T00000040
LIN**IN*048848711*ZZ*43*UP*831664001153*****DG*1*VS*00000
ZA*QS***006*20080626
CTP**UCP*3.4
SDQ*EA*ZZ*7358*3
CTT*1
SE*9*0011
ST*852*0012
XQ*H*20080627
N9*AD*T00000040
LIN**IN*053241411*ZZ*43*UP*831664001313*****DG*1*VS*00000
ZA*QS***006*20080625
CTP**UCP*.55
SDQ*EA*ZZ*5070*10
ZA*QS***006*20080626
CTP**UCP*.55
SDQ*EA*ZZ*3084*2*3143*2*3646*5*3703*4*3941*9*4103*10*4244*12*4308*2*4719*4*4723*1
SDQ*EA*ZZ*4866*2*7146*9*7208*8*7358*2*7629*10*7718*2*7719*33*9320*3*9629*1*9633*3
SDQ*EA*ZZ*9648*8*9657*2
CTT*1
SE*14*0012
ST*852*0013
XQ*H*20080627
N9*AD*T00000040
LIN**IN*059647211*ZZ*43*UP*831664001191*****DG*1*VS*00000
ZA*QS***006*20080626
CTP**UCP*4.95
SDQ*EA*ZZ*9648*1
CTT*1
SE*9*0013
ST*852*0014
XQ*H*20080627
N9*AD*T00000040
LIN**IN*076496411*ZZ*43*UP*831664001320*****DG*1*VS*00000
ZA*QS***006*20080626
CTP**UCP*2.95
SDQ*EA*ZZ*3063*2*3646*4*3996*1*4093*2*4244*8*4475*1*4758*3*4970*6*7069*2*7154*2
SDQ*EA*ZZ*7208*2*7274*4*7353*1*7358*1*7407*2*7626*1*7629*1*9320*2
LIN**IN*076496411*ZZ*43*UP*831664001320*****DG*3*VS*00000
ZA*QS***006*20080626
CTP**UCP*2.95
SDQ*EA*ZZ*4883*1
CTT*2
SE*14*0014
ST*852*0015
XQ*H*20080627
N9*AD*T00000040
LIN**IN*093644611*ZZ*43*UP*831664001382*****DG*1*VS*00000
ZA*QS***006*20080625
CTP**UCP*2.15
SDQ*EA*ZZ*5014*1
ZA*QS***006*20080626
CTP**UCP*2.15
SDQ*EA*ZZ*3022*1*3703*5*3715*3*4093*6*4244*12*4719*8*7358*5*7461*1*7607*1*7622*3
SDQ*EA*ZZ*9129*1*9621*3*9633*2*9648*2
LIN**IN*093644611*ZZ*43*UP*831664001382*****DG*5*VS*00000
ZA*QS***006*20080626
CTP**UCP*2.15
SDQ*EA*ZZ*9563*1
CTT*2
SE*17*0015
ST*852*0016
XQ*H*20080627
N9*AD*T00000040
LIN**IN*096698911*ZZ*43*UP*831664001115*****DG*1*VS*00000
ZA*QS***006*20080625
CTP**UCP*10.25
SDQ*EA*ZZ*5014*2
CTT*1
SE*9*0016
ST*852*0017
XQ*H*20080627
N9*AD*T00000040
LIN**IN*096901411*ZZ*43*UP*831664001139*****DG*1*VS*00000
ZA*QS***006*20080626
CTP**UCP*2
SDQ*EA*ZZ*3084*1*4189*1*4757*1*9560*1*9621*1*9674*2*9758*1
CTT*1
SE*9*0017
ST*852*0018
XQ*H*20080627
N9*AD*T00000040
LIN**IN*096901811*ZZ*43*UP*831664001122*****DG*1*VS*00000
ZA*QS***006*20080626
CTP**UCP*4.85
SDQ*EA*ZZ*3022*3*3147*1*3644*1*3646*1*3703*1*3713*3*3886*1*3939*1*4093*5*4103*2
SDQ*EA*ZZ*4198*2*4719*2*4817*1*4970*3*7255*1*7358*2*7407*1*7626*1*9758*2
LIN**IN*096901811*ZZ*43*UP*831664001122*****DG*5*VS*00000
ZA*QS***006*20080626
CTP**UCP*4.85
SDQ*EA*ZZ*3143*2*4244*1*9633*2
LIN**IN*096901811*ZZ*43*UP*831664001122*****DG*8*VS*00000
ZA*QS***006*20080626
CTP**UCP*4.85
SDQ*EA*ZZ*3253*2*9633*4
CTT*3
SE*18*0018
ST*852*0019
XQ*H*20080627
N9*AD*T00000040
LIN**IN*096907311*ZZ*43*UP*831664001146*****DG*1*VS*00000
ZA*QS***006*20080626
CTP**UCP*6
SDQ*EA*ZZ*3084*4*3703*1*7358*1*7607*1*9633*1
CTT*1
SE*9*0019
ST*852*0020
XQ*H*20080627
N9*AD*T00000040
LIN**IN*097065711*ZZ*43*UP*831664000842*****DG*1*VS*00000
ZA*QS***006*20080625
CTP**UCP*4.95
SDQ*EA*ZZ*5070*2
LIN**IN*097065711*ZZ*43*UP*831664000842*****DG*3*VS*00000
ZA*QS***006*20080625
CTP**UCP*4.95
SDQ*EA*ZZ*5014*2
LIN**IN*097065711*ZZ*43*UP*831664000842*****DG*1*VS*00000
ZA*QS***006*20080626
CTP**UCP*4.95
SDQ*EA*ZZ*3063*3*3084*2*3143*9*3147*3*3348*4*3632*4*3646*10*3703*11*3713*5*3715*13
SDQ*EA*ZZ*3773*2*3848*4*3886*1*3939*1*3941*5*4093*9*4103*5*4137*6*4244*12*4717*1
SDQ*EA*ZZ*4817*2*4866*2*4872*5*4970*1*7132*1*7208*5*7255*6*7353*18*7354*6*7362*2
SDQ*EA*ZZ*7382*2*7461*5*7626*5*7718*1*9513*5*9563*3*9621*4*9625*7*9633*15*9639*1
SDQ*EA*ZZ*9648*2*9674*14*9735*2*9758*3
LIN**IN*097065711*ZZ*43*UP*831664000842*****DG*3*VS*00000
ZA*QS***006*20080626
CTP**UCP*4.95
SDQ*EA*ZZ*4883*1
CTT*4
SE*25*0020
ST*852*0021
XQ*H*20080627
N9*AD*T00000040
LIN**IN*097095611*ZZ*43*UP*831664000019*****DG*1*VS*00000
ZA*QS***006*20080625
CTP**UCP*.63
SDQ*EA*ZZ*3644*-1*5023*1
LIN**IN*097095611*ZZ*43*UP*831664000019*****DG*3*VS*00000
ZA*QS***006*20080625
CTP**UCP*.63
SDQ*EA*ZZ*5014*3
LIN**IN*097095611*ZZ*43*UP*831664000019*****DG*1*VS*00000
ZA*QS***006*20080626
CTP**UCP*.63
SDQ*EA*ZZ*3022*15*3063*22*3083*11*3084*28*3147*23*3223*2*3355*3*3359*3*3644*6*3646*28
SDQ*EA*ZZ*3661*10*3703*16*3713*3*3715*10*3773*17*3822*7*3836*2*3848*8*3876*9*3886*1
SDQ*EA*ZZ*3941*14*3978*2*3996*16*4093*42*4103*26*4112*10*4137*4*4189*7*4198*10*4244*52
SDQ*EA*ZZ*4475*6*4717*6*4719*33*4739*8*4757*8*4769*7*4777*2*4817*12*4866*9*4872*1
SDQ*EA*ZZ*4898*1*7043*6*7045*10*7059*1*7060*2*7064*2*7069*5*7132*8*7208*14*7255*11
SDQ*EA*ZZ*7274*2*7276*2*7353*22*7354*10*7358*23*7362*5*7382*12*7388*1*7461*3*7558*5
SDQ*EA*ZZ*7607*12*7610*2*7622*14*7626*3*7637*4*7718*8*7719*1*9129*2*9320*1*9513*17
SDQ*EA*ZZ*9547*32*9549*8*9560*4*9563*3*9620*21*9621*42*9622*1*9629*6*9633*24*9639*5
SDQ*EA*ZZ*9648*2*9657*3*9674*3*9714*6*9728*6*9735*8*9758*35
LIN**IN*097095611*ZZ*43*UP*831664000019*****DG*3*VS*00000
ZA*QS***006*20080626
CTP**UCP*.63
SDQ*EA*ZZ*9217*2
LIN**IN*097095611*ZZ*43*UP*831664000019*****DG*5*VS*00000
ZA*QS***006*20080626
CTP**UCP*.63
SDQ*EA*ZZ*4872*1*7353*3*9621*3
LIN**IN*097095611*ZZ*43*UP*831664000019*****DG*8*VS*00000
ZA*QS***006*20080626
CTP**UCP*.63
SDQ*EA*ZZ*4244*1
CTT*6
SE*37*0021
ST*852*0022
XQ*H*20080627
N9*AD*T00000040
LIN**IN*097095711*ZZ*43*UP*831664000255*****DG*1*VS*00000
ZA*QS***006*20080626
CTP**UCP*.55
SDQ*EA*ZZ*3646*1*3672*1*4189*3*4198*2*4244*31*4719*8*7059*1*7069*4*7354*4*7358*1
SDQ*EA*ZZ*7461*2*7637*1*7718*1*9129*2*9549*4*9625*2*9639*2*9758*2
LIN**IN*097095711*ZZ*43*UP*831664000255*****DG*5*VS*00000
ZA*QS***006*20080626
CTP**UCP*.55
SDQ*EA*ZZ*7629*2
CTT*2
SE*14*0022
ST*852*0023
XQ*H*20080627
N9*AD*T00000040
LIN**IN*097095811*ZZ*43*UP*831664000699*****DG*1*VS*00000
ZA*QS***006*20080626
CTP**UCP*.55
SDQ*EA*ZZ*3084*4*3644*2*3713*11*3715*9*3996*4*4093*70*4112*1*4244*10*4719*15*7354*4
SDQ*EA*ZZ*7358*12*7607*30*7610*3*7629*3*9674*1
CTT*1
SE*10*0023
ST*852*0024
XQ*H*20080627
N9*AD*T00000040
LIN**IN*097095911*ZZ*43*UP*831664000675*****DG*1*VS*00000
ZA*QS***006*20080626
CTP**UCP*1.27
SDQ*EA*ZZ*3022*1*3428*5*3644*6*3822*1*3848*3*3978*1*4093*2*4244*2*4312*1*4717*1
SDQ*EA*ZZ*4719*2*4758*1*4769*2*4817*4*4866*3*4872*1*7043*1*7208*5*7274*2*7358*1
SDQ*EA*ZZ*7461*6*7607*2*9513*4*9621*2*9625*1*9633*7*9674*1*9735*3
LIN**IN*097095911*ZZ*43*UP*831664000675*****DG*5*VS*00000
ZA*QS***006*20080626
CTP**UCP*1.27
SDQ*EA*ZZ*7208*-4
CTT*2
SE*15*0024
ST*852*0025
XQ*H*20080627
N9*AD*T00000040
LIN**IN*097096011*ZZ*43*UP*831664000682*****DG*1*VS*00000
ZA*QS***006*20080626
CTP**UCP*1.27
SDQ*EA*ZZ*3022*1*3348*3*3428*1*3645*1*3646*4*3672*2*3685*3*3715*7*3836*1*3994*1
SDQ*EA*ZZ*3996*1*4093*2*4244*2*4739*3*4758*1*4817*1*7043*1*7045*2*7069*4*7208*1
SDQ*EA*ZZ*7354*2*7362*2*7607*4*7719*2*9217*1*9547*1*9563*1*9633*2
CTT*1
SE*11*0025
ST*852*0026
XQ*H*20080627
N9*AD*T00000040
LIN**IN*097096111*ZZ*43*UP*831664000330*****DG*1*VS*00000
ZA*QS***006*20080625
CTP**UCP*1.27
SDQ*EA*ZZ*5023*1
LIN**IN*097096111*ZZ*43*UP*831664000330*****DG*3*VS*00000
ZA*QS***006*20080625
CTP**UCP*1.27
SDQ*EA*ZZ*5014*13
LIN**IN*097096111*ZZ*43*UP*831664000330*****DG*1*VS*00000
ZA*QS***006*20080626
CTP**UCP*1.27
SDQ*EA*ZZ*3022*16*3083*4*3084*9*3143*2*3147*6*3348*2*3359*4*3428*2*3644*8*3645*2
SDQ*EA*ZZ*3646*62*3703*40*3713*11*3715*18*3773*5*3808*1*3836*3*3848*1*3852*3*3925*3
SDQ*EA*ZZ*3941*19*3994*1*3996*12*4071*2*4093*44*4103*21*4112*2*4137*9*4202*4*4244*126
SDQ*EA*ZZ*4312*2*4475*1*4717*5*4719*14*4757*2*4758*3*4769*4*4777*3*4817*1*4866*15
SDQ*EA*ZZ*4872*26*4883*1*4970*20*7043*3*7069*8*7076*2*7132*11*7154*1*7208*16*7255*12
SDQ*EA*ZZ*7274*2*7351*1*7353*16*7358*7*7362*1*7382*11*7460*1*7461*3*7607*4*7610*1
SDQ*EA*ZZ*7626*21*7718*2*7719*2*9217*4*9320*6*9513*6*9547*8*9560*1*9563*6*9571*1
SDQ*EA*ZZ*9621*42*9625*8*9629*6*9633*38*9648*16*9674*7*9758*9
LIN**IN*097096111*ZZ*43*UP*831664000330*****DG*3*VS*00000
ZA*QS***006*20080626
CTP**UCP*1.27
SDQ*EA*ZZ*4883*1
LIN**IN*097096111*ZZ*43*UP*831664000330*****DG*5*VS*00000
ZA*QS***006*20080626
CTP**UCP*1.27
SDQ*EA*ZZ*4244*1
CTT*5
SE*32*0026
ST*852*0027
XQ*H*20080627
N9*AD*T00000040
LIN**IN*097096211*ZZ*43*UP*831664000941*****DG*3*VS*00000
ZA*QS***006*20080625
CTP**UCP*1.27
SDQ*EA*ZZ*5014*1
LIN**IN*097096211*ZZ*43*UP*831664000941*****DG*1*VS*00000
ZA*QS***006*20080626
CTP**UCP*1.27
SDQ*EA*ZZ*3644*1*3646*13*3661*1*3703*1*3773*8*3941*4*3978*2*4093*14*4103*4*4189*1
SDQ*EA*ZZ*4202*1*4717*2*4758*3*7132*2*7274*2*7358*3*9758*3
LIN**IN*097096211*ZZ*43*UP*831664000941*****DG*5*VS*00000
ZA*QS***006*20080626
CTP**UCP*1.27
SDQ*EA*ZZ*4093*-1
CTT*3
SE*18*0027
ST*852*0028
XQ*H*20080627
N9*AD*T00000040
LIN**IN*097096311*ZZ*43*UP*831664000743*****DG*1*VS*00000
ZA*QS***006*20080626
CTP**UCP*2
SDQ*EA*ZZ*4717*1*4866*2*7607*1*9571*1*9625*3*9633*10
CTT*1
SE*9*0028
ST*852*0029
XQ*H*20080627
N9*AD*T00000040
LIN**IN*097096411*ZZ*43*UP*831664000453*****DG*3*VS*00000
ZA*QS***006*20080625
CTP**UCP*3.5
SDQ*EA*ZZ*5014*3
LIN**IN*097096411*ZZ*43*UP*831664000453*****DG*1*VS*00000
ZA*QS***006*20080626
CTP**UCP*3.5
SDQ*EA*ZZ*3147*5*3359*1*3644*3*3646*4*3660*2*3685*16*3703*3*3713*1*3773*4*3822*1
SDQ*EA*ZZ*3848*2*3941*2*3957*1*3978*1*3996*1*4033*2*4093*7*4103*2*4189*2*4202*3
SDQ*EA*ZZ*4244*14*4719*5*4769*1*4817*3*4866*1*4872*3*4970*2*7059*1*7064*2*7076*2
SDQ*EA*ZZ*7132*8*7208*1*7274*1*7353*2*7354*2*7382*3*7607*4*7610*4*7622*1*7626*3
SDQ*EA*ZZ*7718*2*9571*1*9620*1*9625*6*9629*1*9633*3*9648*6
LIN**IN*097096411*ZZ*43*UP*831664000453*****DG*5*VS*00000
ZA*QS***006*20080626
CTP**UCP*3.5
SDQ*EA*ZZ*3773*1
LIN**IN*097096411*ZZ*43*UP*831664000453*****DG*8*VS*00000
ZA*QS***006*20080626
CTP**UCP*3.5
SDQ*EA*ZZ*9648*1*9758*1
CTT*4
SE*25*0029
ST*852*0030
XQ*H*20080627
N9*AD*T00000040
LIN**IN*097096511*ZZ*43*UP*831664000460*****DG*1*VS*00000
ZA*QS***006*20080625
CTP**UCP*3.5
SDQ*EA*ZZ*5023*1*9674*-1
LIN**IN*097096511*ZZ*43*UP*831664000460*****DG*3*VS*00000
ZA*QS***006*20080625
CTP**UCP*3.5
SDQ*EA*ZZ*5014*1
LIN**IN*097096511*ZZ*43*UP*831664000460*****DG*1*VS*00000
ZA*QS***006*20080626
CTP**UCP*3.5
SDQ*EA*ZZ*3022*18*3063*1*3084*1*3143*27*3147*3*3253*1*3359*7*3428*1*3632*2*3644*2
SDQ*EA*ZZ*3646*26*3703*20*3715*10*3773*1*3848*5*3925*1*3941*12*3978*8*3996*7*4033*1
SDQ*EA*ZZ*4093*36*4103*22*4189*3*4202*3*4244*26*4717*1*4719*8*4769*1*4817*6*4866*3
SDQ*EA*ZZ*4872*4*4970*11*7063*1*7069*5*7076*2*7132*9*7208*7*7255*9*7278*2*7353*12
SDQ*EA*ZZ*7354*7*7358*10*7382*2*7388*1*7461*16*7607*10*7610*9*7622*5*7626*25*7718*3
SDQ*EA*ZZ*9513*4*9547*1*9563*3*9621*21*9625*10*9629*4*9633*10*9674*4*9735*1*9758*9
LIN**IN*097096511*ZZ*43*UP*831664000460*****DG*3*VS*00000
ZA*QS***006*20080626
CTP**UCP*3.5
SDQ*EA*ZZ*4883*1
LIN**IN*097096511*ZZ*43*UP*831664000460*****DG*5*VS*00000
ZA*QS***006*20080626
CTP**UCP*3.5
SDQ*EA*ZZ*3143*2*7154*-1
CTT*5
SE*30*0030
ST*852*0031
XQ*H*20080627
N9*AD*T00000040
LIN**IN*097096711*ZZ*43*UP*831664000484*****DG*3*VS*00000
ZA*QS***006*20080625
CTP**UCP*4.95
SDQ*EA*ZZ*5014*1
LIN**IN*097096711*ZZ*43*UP*831664000484*****DG*1*VS*00000
ZA*QS***006*20080626
CTP**UCP*4.95
SDQ*EA*ZZ*3022*1*3147*1*3428*1*3646*11*3675*1*3703*13*3715*2*3836*1*3941*9*4093*16
SDQ*EA*ZZ*4103*3*4189*3*4244*11*4719*6*4817*1*7132*14*7255*7*7274*6*7358*3*7382*2
SDQ*EA*ZZ*7461*3*7607*2*7610*2*7626*4*7718*2*9547*1*9625*1*9629*3*9633*4*9674*1
SDQ*EA*ZZ*9758*2
LIN**IN*097096711*ZZ*43*UP*831664000484*****DG*6*VS*00000
ZA*QS***006*20080626
CTP**UCP*4.95
SDQ*EA*ZZ*7353*5
LIN**IN*097096711*ZZ*43*UP*831664000484*****DG*8*VS*00000
ZA*QS***006*20080626
CTP**UCP*4.95
SDQ*EA*ZZ*4198*2
LIN**IN*097096711*ZZ*43*UP*831664000484*****DG*9*VS*00000
ZA*QS***006*20080626
CTP**UCP*4.95
SDQ*EA*ZZ*4202*1
CTT*5
SE*28*0031
ST*852*0032
XQ*H*20080627
N9*AD*T00000040
LIN**IN*097097011*ZZ*43*UP*831664000859*****DG*1*VS*00000
ZA*QS***006*20080626
CTP**UCP*2.7
SDQ*EA*ZZ*3022*12*3084*6*3644*2*3646*27*3703*1*3715*1*3941*3*3978*6*4093*9*4244*2
SDQ*EA*ZZ*4717*4*7353*3*7354*2*7718*18*9513*6*9633*4*9648*3
LIN**IN*097097011*ZZ*43*UP*831664000859*****DG*5*VS*00000
ZA*QS***006*20080626
CTP**UCP*2.7
SDQ*EA*ZZ*3646*7
CTT*2
SE*14*0032
ST*852*0033
XQ*H*20080627
N9*AD*T00000040
LIN**IN*097097111*ZZ*43*UP*831664000781*****DG*1*VS*00000
ZA*QS***006*20080626
CTP**UCP*2.1
SDQ*EA*ZZ*9674*2
CTT*1
SE*9*0033
ST*852*0034
XQ*H*20080627
N9*AD*T00000040
LIN**IN*097097211*ZZ*43*UP*831664000651*****DG*1*VS*00000
ZA*QS***006*20080626
CTP**UCP*1.55
SDQ*EA*ZZ*4244*1*4898*1*7607*1*9633*2
CTT*1
SE*9*0034
ST*852*0035
XQ*H*20080627
N9*AD*T00000040
LIN**IN*097097511*ZZ*43*UP*831664000910*****DG*1*VS*00000
ZA*QS***006*20080626
CTP**UCP*6.9
SDQ*EA*ZZ*3083*1*3143*1*3632*3*3646*1*3703*2*3715*2*3941*1*4244*2*4719*3*7461*1
SDQ*EA*ZZ*7610*2*9648*3
LIN**IN*097097511*ZZ*43*UP*831664000910*****DG*6*VS*00000
ZA*QS***006*20080626
CTP**UCP*6.9
SDQ*EA*ZZ*7353*2
CTT*2
SE*14*0035
ST*852*0036
XQ*H*20080627
N9*AD*T00000040
LIN**IN*097098511*ZZ*43*UP*831664001016*****DG*1*VS*00000
ZA*QS***006*20080626
CTP**UCP*2
SDQ*EA*ZZ*9648*2
CTT*1
SE*9*0036
GE*36*387
IEA*1*000000387
*** SUPERTRACS READY FOR INPUT
