ISA*00*          *00*          *09*006985290EFT   *12*6154525825     *070630*0301*U*00400*001000075*0*P*>
GS*RA*006985290EFT*6154525825*20070630*0301*1000075*X*004010
ST*820*0001
BPR*I*125301.35*C*ACH*CCP*01*021000018*DA*0300955622*9008965873**01*064102601*DA*3000289*20070703*VEN
TRN*3*770230432*9008965873
DTM*097*20070630
N1*PR*KMART CORPORATION*1*008965873
N1*PE*YOUNGS FARMS*92*00069099588
N1*SE*YOUNGS FARMS*92*00069099588
ENT*1
RMR*IK*306320070531*PI*150.35*150.35*0
REF*PO*0020070601
REF*ST*03063
REF*DP*043
DTM*999*20070531
RMR*IK*306320070601*PI*180.15*180.15*0
REF*PO*0020070602
REF*ST*03063
REF*DP*043
DTM*999*20070601
RMR*IK*306320070602*PI*264.45*264.45*0
REF*PO*0020070603
REF*ST*03063
REF*DP*043
DTM*999*20070602
RMR*IK*306320070603*PI*96.5*96.5*0
REF*PO*0020070604
REF*ST*03063
REF*DP*043
DTM*999*20070603
RMR*IK*306320070604*PI*179.55*179.55*0
REF*PO*0020070605
REF*ST*03063
REF*DP*043
DTM*999*20070604
RMR*IK*306320070605*PI*227.45*227.45*0
REF*PO*0020070606
REF*ST*03063
REF*DP*043
DTM*999*20070605
RMR*IK*306320070606*PI*104.25*104.25*0
REF*PO*0020070607
REF*ST*03063
REF*DP*043
DTM*999*20070606
RMR*IK*308220070531*PI*26.75*26.75*0
REF*PO*0020070601
REF*ST*03082
REF*DP*043
DTM*999*20070531
RMR*IK*308220070601*PI*40.1*40.1*0
REF*PO*0020070602
REF*ST*03082
REF*DP*043
DTM*999*20070601
RMR*IK*308220070602*PI*38.75*38.75*0
REF*PO*0020070603
REF*ST*03082
REF*DP*043
DTM*999*20070602
RMR*IK*308220070603*PI*54.45*54.45*0
REF*PO*0020070604
REF*ST*03082
REF*DP*043
DTM*999*20070603
RMR*IK*308220070604*PI*71.55*71.55*0
REF*PO*0020070605
REF*ST*03082
REF*DP*043
DTM*999*20070604
RMR*IK*308220070605*PI*48.8*48.8*0
REF*PO*0020070606
REF*ST*03082
REF*DP*043
DTM*999*20070605
RMR*IK*308220070606*PI*9.9*9.9*0
REF*PO*0020070607
REF*ST*03082
REF*DP*043
DTM*999*20070606
RMR*IK*308320070531*PI*197*197*0
REF*PO*0020070601
REF*ST*03083
REF*DP*043
DTM*999*20070531
RMR*IK*308320070601*PI*239.9*239.9*0
REF*PO*0020070602
REF*ST*03083
REF*DP*043
DTM*999*20070601
RMR*IK*308320070602*PI*267.5*267.5*0
REF*PO*0020070603
REF*ST*03083
REF*DP*043
DTM*999*20070602
RMR*IK*308320070603*PI*119.65*119.65*0
REF*PO*0020070604
REF*ST*03083
REF*DP*043
DTM*999*20070603
RMR*IK*308320070604*PI*153.65*153.65*0
REF*PO*0020070605
REF*ST*03083
REF*DP*043
DTM*999*20070604
RMR*IK*308320070605*PI*174.45*174.45*0
REF*PO*0020070606
REF*ST*03083
REF*DP*043
DTM*999*20070605
RMR*IK*308320070606*PI*145.2*145.2*0
REF*PO*0020070607
REF*ST*03083
REF*DP*043
DTM*999*20070606
RMR*IK*308420070531*PI*159.35*159.35*0
REF*PO*0020070601
REF*ST*03084
REF*DP*043
DTM*999*20070531
RMR*IK*308420070601*PI*472.75*472.75*0
REF*PO*0020070602
REF*ST*03084
REF*DP*043
DTM*999*20070601
RMR*IK*308420070602*PI*449.35*449.35*0
REF*PO*0020070603
REF*ST*03084
REF*DP*043
DTM*999*20070602
RMR*IK*308420070603*PI*213.2*213.2*0
REF*PO*0020070604
REF*ST*03084
REF*DP*043
DTM*999*20070603
RMR*IK*308420070604*PI*338.65*338.65*0
REF*PO*0020070605
REF*ST*03084
REF*DP*043
DTM*999*20070604
RMR*IK*308420070605*PI*137.95*137.95*0
REF*PO*0020070606
REF*ST*03084
REF*DP*043
DTM*999*20070605
RMR*IK*308420070606*PI*290.1*290.1*0
REF*PO*0020070607
REF*ST*03084
REF*DP*043
DTM*999*20070606
ENT*2
ADX*-150.75*74*CM*310320070525K
DTM*999*20070625
REF*PO*0020070526
REF*ST*03103
REF*DP*043
RMR*IK*310320070531*PI*117.3*117.3*0
REF*PO*0020070601
REF*ST*03103
REF*DP*043
DTM*999*20070531
RMR*IK*310320070601*PI*182.15*182.15*0
REF*PO*0020070602
REF*ST*03103
REF*DP*043
DTM*999*20070601
RMR*IK*310320070602*PI*72*72*0
REF*PO*0020070603
REF*ST*03103
REF*DP*043
DTM*999*20070602
RMR*IK*310320070603*PI*117.45*117.45*0
REF*PO*0020070604
REF*ST*03103
REF*DP*043
DTM*999*20070603
RMR*IK*310320070604*PI*89.85*89.85*0
REF*PO*0020070605
REF*ST*03103
REF*DP*043
DTM*999*20070604
RMR*IK*310320070605*PI*54.75*54.75*0
REF*PO*0020070606
REF*ST*03103
REF*DP*043
DTM*999*20070605
RMR*IK*310320070606*PI*73.65*73.65*0
REF*PO*0020070607
REF*ST*03103
REF*DP*043
DTM*999*20070606
RMR*IK*314320070531*PI*419.4*419.4*0
REF*PO*0020070601
REF*ST*03143
REF*DP*043
DTM*999*20070531
RMR*IK*314320070601*PI*457.55*457.55*0
REF*PO*0020070602
REF*ST*03143
REF*DP*043
DTM*999*20070601
RMR*IK*314320070602*PI*346.05*346.05*0
REF*PO*0020070603
REF*ST*03143
REF*DP*043
DTM*999*20070602
RMR*IK*314320070603*PI*224.45*224.45*0
REF*PO*0020070604
REF*ST*03143
REF*DP*043
DTM*999*20070603
RMR*IK*314320070604*PI*386.1*386.1*0
REF*PO*0020070605
REF*ST*03143
REF*DP*043
DTM*999*20070604
RMR*IK*314320070605*PI*419.6*419.6*0
REF*PO*0020070606
REF*ST*03143
REF*DP*043
DTM*999*20070605
RMR*IK*314320070606*PI*590.3*590.3*0
REF*PO*0020070607
REF*ST*03143
REF*DP*043
DTM*999*20070606
RMR*IK*317020070603*PI*15.75*15.75*0
REF*PO*0020070604
REF*ST*03170
REF*DP*043
DTM*999*20070603
RMR*IK*317020070606*PI*10.5*10.5*0
REF*PO*0020070607
REF*ST*03170
REF*DP*043
DTM*999*20070606
RMR*IK*319420070531*PI*68*68*0
REF*PO*0020070601
REF*ST*03194
REF*DP*043
DTM*999*20070531
RMR*IK*319420070601*PI*106.1*106.1*0
REF*PO*0020070602
REF*ST*03194
REF*DP*043
DTM*999*20070601
RMR*IK*319420070602*PI*35.6*35.6*0
REF*PO*0020070603
REF*ST*03194
REF*DP*043
DTM*999*20070602
RMR*IK*319420070603*PI*94.9*94.9*0
REF*PO*0020070604
REF*ST*03194
REF*DP*043
DTM*999*20070603
RMR*IK*319420070604*PI*38.7*38.7*0
REF*PO*0020070605
REF*ST*03194
REF*DP*043
DTM*999*20070604
RMR*IK*319420070605*PI*44.3*44.3*0
REF*PO*0020070606
REF*ST*03194
REF*DP*043
DTM*999*20070605
RMR*IK*319420070606*PI*39.4*39.4*0
REF*PO*0020070607
REF*ST*03194
REF*DP*043
DTM*999*20070606
RMR*IK*321820070601*PI*10.5*10.5*0
REF*PO*0020070602
REF*ST*03218
REF*DP*043
DTM*999*20070601
RMR*IK*321820070602*PI*21*21*0
REF*PO*0020070603
REF*ST*03218
REF*DP*043
DTM*999*20070602
RMR*IK*321820070605*PI*5.25*5.25*0
REF*PO*0020070606
REF*ST*03218
REF*DP*043
DTM*999*20070605
RMR*IK*321820070606*PI*15.75*15.75*0
REF*PO*0020070607
REF*ST*03218
REF*DP*043
DTM*999*20070606
RMR*IK*321920070531*PI*20.55*20.55*0
REF*PO*0020070601
REF*ST*03219
REF*DP*043
DTM*999*20070531
RMR*IK*321920070601*PI*40.4*40.4*0
REF*PO*0020070602
REF*ST*03219
REF*DP*043
DTM*999*20070601
RMR*IK*321920070602*PI*1.7*1.7*0
REF*PO*0020070603
REF*ST*03219
REF*DP*043
DTM*999*20070602
RMR*IK*321920070603*PI*6.2*6.2*0
REF*PO*0020070604
REF*ST*03219
REF*DP*043
DTM*999*20070603
RMR*IK*321920070604*PI*23.4*23.4*0
REF*PO*0020070605
REF*ST*03219
REF*DP*043
DTM*999*20070604
RMR*IK*321920070605*PI*16.1*16.1*0
REF*PO*0020070606
REF*ST*03219
REF*DP*043
DTM*999*20070605
RMR*IK*321920070606*PI*62.2*62.2*0
REF*PO*0020070607
REF*ST*03219
REF*DP*043
DTM*999*20070606
RMR*IK*322020070602*PI*10.5*10.5*0
REF*PO*0020070603
REF*ST*03220
REF*DP*043
DTM*999*20070602
RMR*IK*322320070531*PI*62.5*62.5*0
REF*PO*0020070601
REF*ST*03223
REF*DP*043
DTM*999*20070531
RMR*IK*322320070601*PI*84.45*84.45*0
REF*PO*0020070602
REF*ST*03223
REF*DP*043
DTM*999*20070601
RMR*IK*322320070602*PI*49.65*49.65*0
REF*PO*0020070603
REF*ST*03223
REF*DP*043
DTM*999*20070602
RMR*IK*322320070603*PI*30.95*30.95*0
REF*PO*0020070604
REF*ST*03223
REF*DP*043
DTM*999*20070603
RMR*IK*322320070604*PI*19.1*19.1*0
REF*PO*0020070605
REF*ST*03223
REF*DP*043
DTM*999*20070604
RMR*IK*322320070605*PI*39.85*39.85*0
REF*PO*0020070606
REF*ST*03223
REF*DP*043
DTM*999*20070605
RMR*IK*322320070606*PI*34.4*34.4*0
REF*PO*0020070607
REF*ST*03223
REF*DP*043
DTM*999*20070606
RMR*IK*326520070531*PI*21*21*0
REF*PO*0020070601
REF*ST*03265
REF*DP*043
DTM*999*20070531
RMR*IK*326520070601*PI*15.75*15.75*0
REF*PO*0020070602
REF*ST*03265
REF*DP*043
DTM*999*20070601
RMR*IK*326520070602*PI*5.25*5.25*0
REF*PO*0020070603
REF*ST*03265
REF*DP*043
DTM*999*20070602
RMR*IK*326520070604*PI*15.75*15.75*0
REF*PO*0020070605
REF*ST*03265
REF*DP*043
DTM*999*20070604
RMR*IK*326520070605*PI*5.25*5.25*0
REF*PO*0020070606
REF*ST*03265
REF*DP*043
DTM*999*20070605
RMR*IK*326520070606*PI*5.25*5.25*0
REF*PO*0020070607
REF*ST*03265
REF*DP*043
DTM*999*20070606
RMR*IK*327220070604*PI*5.25*5.25*0
REF*PO*0020070605
REF*ST*03272
REF*DP*043
DTM*999*20070604
RMR*IK*328920070531*PI*56*56*0
REF*PO*0020070601
REF*ST*03289
REF*DP*043
DTM*999*20070531
RMR*IK*328920070601*PI*68.05*68.05*0
REF*PO*0020070602
REF*ST*03289
REF*DP*043
DTM*999*20070601
RMR*IK*328920070602*PI*12.55*12.55*0
REF*PO*0020070603
REF*ST*03289
REF*DP*043
DTM*999*20070602
RMR*IK*328920070603*PI*60.05*60.05*0
REF*PO*0020070604
REF*ST*03289
REF*DP*043
DTM*999*20070603
RMR*IK*328920070604*PI*38.1*38.1*0
REF*PO*0020070605
REF*ST*03289
REF*DP*043
DTM*999*20070604
RMR*IK*328920070605*PI*51.85*51.85*0
REF*PO*0020070606
REF*ST*03289
REF*DP*043
DTM*999*20070605
RMR*IK*328920070606*PI*20.55*20.55*0
REF*PO*0020070607
REF*ST*03289
REF*DP*043
DTM*999*20070606
RMR*IK*334820070531*PI*90.15*90.15*0
REF*PO*0020070601
REF*ST*03348
REF*DP*043
DTM*999*20070531
RMR*IK*334820070601*PI*147.6*147.6*0
REF*PO*0020070602
REF*ST*03348
REF*DP*043
DTM*999*20070601
RMR*IK*334820070602*PI*152.8*152.8*0
REF*PO*0020070603
REF*ST*03348
REF*DP*043
DTM*999*20070602
RMR*IK*334820070603*PI*84.1*84.1*0
REF*PO*0020070604
REF*ST*03348
REF*DP*043
DTM*999*20070603
RMR*IK*334820070604*PI*98.95*98.95*0
REF*PO*0020070605
REF*ST*03348
REF*DP*043
DTM*999*20070604
RMR*IK*334820070605*PI*42.55*42.55*0
REF*PO*0020070606
REF*ST*03348
REF*DP*043
DTM*999*20070605
RMR*IK*334820070606*PI*51.25*51.25*0
REF*PO*0020070607
REF*ST*03348
REF*DP*043
DTM*999*20070606
RMR*IK*335520070531*PI*21.7*21.7*0
REF*PO*0020070601
REF*ST*03355
REF*DP*043
DTM*999*20070531
RMR*IK*335520070601*PI*28.15*28.15*0
REF*PO*0020070602
REF*ST*03355
REF*DP*043
DTM*999*20070601
RMR*IK*335520070602*PI*64.3*64.3*0
REF*PO*0020070603
REF*ST*03355
REF*DP*043
DTM*999*20070602
RMR*IK*335520070603*PI*33.35*33.35*0
REF*PO*0020070604
REF*ST*03355
REF*DP*043
DTM*999*20070603
RMR*IK*335520070604*PI*14.5*14.5*0
REF*PO*0020070605
REF*ST*03355
REF*DP*043
DTM*999*20070604
RMR*IK*335520070605*PI*30.25*30.25*0
REF*PO*0020070606
REF*ST*03355
REF*DP*043
DTM*999*20070605
RMR*IK*335520070606*PI*4.7*4.7*0
REF*PO*0020070607
REF*ST*03355
REF*DP*043
DTM*999*20070606
RMR*IK*335920070531*PI*75.95*75.95*0
REF*PO*0020070601
REF*ST*03359
REF*DP*043
DTM*999*20070531
RMR*IK*335920070601*PI*193*193*0
REF*PO*0020070602
REF*ST*03359
REF*DP*043
DTM*999*20070601
RMR*IK*335920070602*PI*178.75*178.75*0
REF*PO*0020070603
REF*ST*03359
REF*DP*043
DTM*999*20070602
RMR*IK*335920070603*PI*179.15*179.15*0
REF*PO*0020070604
REF*ST*03359
REF*DP*043
DTM*999*20070603
RMR*IK*335920070604*PI*52.75*52.75*0
REF*PO*0020070605
REF*ST*03359
REF*DP*043
DTM*999*20070604
RMR*IK*335920070605*PI*212.35*212.35*0
REF*PO*0020070606
REF*ST*03359
REF*DP*043
DTM*999*20070605
RMR*IK*335920070606*PI*47.2*47.2*0
REF*PO*0020070607
REF*ST*03359
REF*DP*043
DTM*999*20070606
RMR*IK*340820070531*PI*94.4*94.4*0
REF*PO*0020070601
REF*ST*03408
REF*DP*043
DTM*999*20070531
RMR*IK*340820070601*PI*233.95*233.95*0
REF*PO*0020070602
REF*ST*03408
REF*DP*043
DTM*999*20070601
RMR*IK*340820070602*PI*173*173*0
REF*PO*0020070603
REF*ST*03408
REF*DP*043
DTM*999*20070602
RMR*IK*340820070603*PI*81.55*81.55*0
REF*PO*0020070604
REF*ST*03408
REF*DP*043
DTM*999*20070603
RMR*IK*340820070604*PI*62.7*62.7*0
REF*PO*0020070605
REF*ST*03408
REF*DP*043
DTM*999*20070604
RMR*IK*340820070605*PI*157.8*157.8*0
REF*PO*0020070606
REF*ST*03408
REF*DP*043
DTM*999*20070605
RMR*IK*340820070606*PI*36.05*36.05*0
REF*PO*0020070607
REF*ST*03408
REF*DP*043
DTM*999*20070606
RMR*IK*341020070602*PI*5.25*5.25*0
REF*PO*0020070603
REF*ST*03410
REF*DP*043
DTM*999*20070602
RMR*IK*342020070531*PI*5.25*5.25*0
REF*PO*0020070601
REF*ST*03420
REF*DP*043
DTM*999*20070531
RMR*IK*342020070601*PI*21*21*0
REF*PO*0020070602
REF*ST*03420
REF*DP*043
DTM*999*20070601
RMR*IK*342020070602*PI*5.25*5.25*0
REF*PO*0020070603
REF*ST*03420
REF*DP*043
DTM*999*20070602
RMR*IK*342020070603*PI*5.25*5.25*0
REF*PO*0020070604
REF*ST*03420
REF*DP*043
DTM*999*20070603
RMR*IK*342020070604*PI*5.25*5.25*0
REF*PO*0020070605
REF*ST*03420
REF*DP*043
DTM*999*20070604
RMR*IK*342020070605*PI*10.5*10.5*0
REF*PO*0020070606
REF*ST*03420
REF*DP*043
DTM*999*20070605
RMR*IK*342020070606*PI*5.25*5.25*0
REF*PO*0020070607
REF*ST*03420
REF*DP*043
DTM*999*20070606
RMR*IK*348420070531*PI*5.25*5.25*0
REF*PO*0020070601
REF*ST*03484
REF*DP*043
DTM*999*20070531
RMR*IK*348420070601*PI*10.5*10.5*0
REF*PO*0020070602
REF*ST*03484
REF*DP*043
DTM*999*20070601
RMR*IK*348420070602*PI*15.75*15.75*0
REF*PO*0020070603
REF*ST*03484
REF*DP*043
DTM*999*20070602
RMR*IK*348420070603*PI*10.5*10.5*0
REF*PO*0020070604
REF*ST*03484
REF*DP*043
DTM*999*20070603
RMR*IK*348420070604*PI*15.75*15.75*0
REF*PO*0020070605
REF*ST*03484
REF*DP*043
DTM*999*20070604
RMR*IK*348420070605*PI*10.5*10.5*0
REF*PO*0020070606
REF*ST*03484
REF*DP*043
DTM*999*20070605
RMR*IK*348420070606*PI*5.25*5.25*0
REF*PO*0020070607
REF*ST*03484
REF*DP*043
DTM*999*20070606
RMR*IK*360220070531*PI*155.55*155.55*0
REF*PO*0020070601
REF*ST*03602
REF*DP*043
DTM*999*20070531
RMR*IK*360220070601*PI*192.65*192.65*0
REF*PO*0020070602
REF*ST*03602
REF*DP*043
DTM*999*20070601
RMR*IK*360220070602*PI*229.05*229.05*0
REF*PO*0020070603
REF*ST*03602
REF*DP*043
DTM*999*20070602
RMR*IK*360220070603*PI*32.4*32.4*0
REF*PO*0020070604
REF*ST*03602
REF*DP*043
DTM*999*20070603
RMR*IK*360220070604*PI*63.2*63.2*0
REF*PO*0020070605
REF*ST*03602
REF*DP*043
DTM*999*20070604
RMR*IK*360220070605*PI*39.7*39.7*0
REF*PO*0020070606
REF*ST*03602
REF*DP*043
DTM*999*20070605
RMR*IK*360220070606*PI*37.25*37.25*0
REF*PO*0020070607
REF*ST*03602
REF*DP*043
DTM*999*20070606
RMR*IK*364420070531*PI*388.35*388.35*0
REF*PO*0020070601
REF*ST*03644
REF*DP*043
DTM*999*20070531
RMR*IK*364420070601*PI*642*642*0
REF*PO*0020070602
REF*ST*03644
REF*DP*043
DTM*999*20070601
RMR*IK*364420070602*PI*638.05*638.05*0
REF*PO*0020070603
REF*ST*03644
REF*DP*043
DTM*999*20070602
RMR*IK*364420070603*PI*502.95*502.95*0
REF*PO*0020070604
REF*ST*03644
REF*DP*043
DTM*999*20070603
RMR*IK*364420070604*PI*375.05*375.05*0
REF*PO*0020070605
REF*ST*03644
REF*DP*043
DTM*999*20070604
RMR*IK*364420070605*PI*224.7*224.7*0
REF*PO*0020070606
REF*ST*03644
REF*DP*043
DTM*999*20070605
RMR*IK*364420070606*PI*327.7*327.7*0
REF*PO*0020070607
REF*ST*03644
REF*DP*043
DTM*999*20070606
RMR*IK*364620070531*PI*608.65*608.65*0
REF*PO*0020070601
REF*ST*03646
REF*DP*043
DTM*999*20070531
RMR*IK*364620070601*PI*545.95*545.95*0
REF*PO*0020070602
REF*ST*03646
REF*DP*043
DTM*999*20070601
RMR*IK*364620070602*PI*988.7*988.7*0
REF*PO*0020070603
REF*ST*03646
REF*DP*043
DTM*999*20070602
RMR*IK*364620070603*PI*602.85*602.85*0
REF*PO*0020070604
REF*ST*03646
REF*DP*043
DTM*999*20070603
RMR*IK*364620070604*PI*392.5*392.5*0
REF*PO*0020070605
REF*ST*03646
REF*DP*043
DTM*999*20070604
RMR*IK*364620070605*PI*477.5*477.5*0
REF*PO*0020070606
REF*ST*03646
REF*DP*043
DTM*999*20070605
RMR*IK*364620070606*PI*468.05*468.05*0
REF*PO*0020070607
REF*ST*03646
REF*DP*043
DTM*999*20070606
RMR*IK*366020070531*PI*6.1*6.1*0
REF*PO*0020070601
REF*ST*03660
REF*DP*043
DTM*999*20070531
RMR*IK*366020070601*PI*47.95*47.95*0
REF*PO*0020070602
REF*ST*03660
REF*DP*043
DTM*999*20070601
RMR*IK*366020070602*PI*18.55*18.55*0
REF*PO*0020070603
REF*ST*03660
REF*DP*043
DTM*999*20070602
RMR*IK*366020070603*PI*16.5*16.5*0
REF*PO*0020070604
REF*ST*03660
REF*DP*043
DTM*999*20070603
RMR*IK*366020070604*PI*7.95*7.95*0
REF*PO*0020070605
REF*ST*03660
REF*DP*043
DTM*999*20070604
RMR*IK*366020070605*PI*21.8*21.8*0
REF*PO*0020070606
REF*ST*03660
REF*DP*043
DTM*999*20070605
RMR*IK*366020070606*PI*9.75*9.75*0
REF*PO*0020070607
REF*ST*03660
REF*DP*043
DTM*999*20070606
RMR*IK*366020070625*PI*-1.1*-1.1*0
REF*PO*0020070626
REF*ST*03660
REF*DP*043
DTM*999*20070625
RMR*IK*366120070531*PI*78.9*78.9*0
REF*PO*0020070601
REF*ST*03661
REF*DP*043
DTM*999*20070531
RMR*IK*366120070601*PI*97.45*97.45*0
REF*PO*0020070602
REF*ST*03661
REF*DP*043
DTM*999*20070601
RMR*IK*366120070602*PI*37.6*37.6*0
REF*PO*0020070603
REF*ST*03661
REF*DP*043
DTM*999*20070602
RMR*IK*366120070603*PI*19.15*19.15*0
REF*PO*0020070604
REF*ST*03661
REF*DP*043
DTM*999*20070603
RMR*IK*366120070604*PI*24.45*24.45*0
REF*PO*0020070605
REF*ST*03661
REF*DP*043
DTM*999*20070604
RMR*IK*366120070605*PI*32.3*32.3*0
REF*PO*0020070606
REF*ST*03661
REF*DP*043
DTM*999*20070605
RMR*IK*366120070606*PI*80*80*0
REF*PO*0020070607
REF*ST*03661
REF*DP*043
DTM*999*20070606
RMR*IK*367220070531*PI*72.95*72.95*0
REF*PO*0020070601
REF*ST*03672
REF*DP*043
DTM*999*20070531
RMR*IK*367220070601*PI*113.45*113.45*0
REF*PO*0020070602
REF*ST*03672
REF*DP*043
DTM*999*20070601
RMR*IK*367220070602*PI*94.35*94.35*0
REF*PO*0020070603
REF*ST*03672
REF*DP*043
DTM*999*20070602
RMR*IK*367220070603*PI*69.5*69.5*0
REF*PO*0020070604
REF*ST*03672
REF*DP*043
DTM*999*20070603
RMR*IK*367220070604*PI*80.15*80.15*0
REF*PO*0020070605
REF*ST*03672
REF*DP*043
DTM*999*20070604
RMR*IK*367220070605*PI*35.15*35.15*0
REF*PO*0020070606
REF*ST*03672
REF*DP*043
DTM*999*20070605
RMR*IK*367220070606*PI*42.1*42.1*0
REF*PO*0020070607
REF*ST*03672
REF*DP*043
DTM*999*20070606
RMR*IK*367520070531*PI*28.5*28.5*0
REF*PO*0020070601
REF*ST*03675
REF*DP*043
DTM*999*20070531
RMR*IK*367520070601*PI*22.05*22.05*0
REF*PO*0020070602
REF*ST*03675
REF*DP*043
DTM*999*20070601
RMR*IK*367520070602*PI*34.55*34.55*0
REF*PO*0020070603
REF*ST*03675
REF*DP*043
DTM*999*20070602
RMR*IK*367520070603*PI*53.55*53.55*0
REF*PO*0020070604
REF*ST*03675
REF*DP*043
DTM*999*20070603
RMR*IK*367520070604*PI*8.8*8.8*0
REF*PO*0020070605
REF*ST*03675
REF*DP*043
DTM*999*20070604
RMR*IK*367520070605*PI*5.95*5.95*0
REF*PO*0020070606
REF*ST*03675
REF*DP*043
DTM*999*20070605
RMR*IK*367520070606*PI*8.55*8.55*0
REF*PO*0020070607
REF*ST*03675
REF*DP*043
DTM*999*20070606
RMR*IK*368520070531*PI*120.25*120.25*0
REF*PO*0020070601
REF*ST*03685
REF*DP*043
DTM*999*20070531
RMR*IK*368520070601*PI*138.1*138.1*0
REF*PO*0020070602
REF*ST*03685
REF*DP*043
DTM*999*20070601
RMR*IK*368520070602*PI*161.75*161.75*0
REF*PO*0020070603
REF*ST*03685
REF*DP*043
DTM*999*20070602
RMR*IK*368520070603*PI*104.8*104.8*0
REF*PO*0020070604
REF*ST*03685
REF*DP*043
DTM*999*20070603
RMR*IK*368520070604*PI*65.85*65.85*0
REF*PO*0020070605
REF*ST*03685
REF*DP*043
DTM*999*20070604
RMR*IK*368520070605*PI*65.65*65.65*0
REF*PO*0020070606
REF*ST*03685
REF*DP*043
DTM*999*20070605
RMR*IK*368520070606*PI*82.7*82.7*0
REF*PO*0020070607
REF*ST*03685
REF*DP*043
DTM*999*20070606
RMR*IK*370120070531*PI*107*107*0
REF*PO*0020070601
REF*ST*03701
REF*DP*043
DTM*999*20070531
RMR*IK*370120070601*PI*127.1*127.1*0
REF*PO*0020070602
REF*ST*03701
REF*DP*043
DTM*999*20070601
RMR*IK*370120070602*PI*113.6*113.6*0
REF*PO*0020070603
REF*ST*03701
REF*DP*043
DTM*999*20070602
RMR*IK*370120070603*PI*59.55*59.55*0
REF*PO*0020070604
REF*ST*03701
REF*DP*043
DTM*999*20070603
RMR*IK*370120070604*PI*25.55*25.55*0
REF*PO*0020070605
REF*ST*03701
REF*DP*043
DTM*999*20070604
RMR*IK*370120070605*PI*25*25*0
REF*PO*0020070606
REF*ST*03701
REF*DP*043
DTM*999*20070605
RMR*IK*370120070606*PI*25.3*25.3*0
REF*PO*0020070607
REF*ST*03701
REF*DP*043
DTM*999*20070606
RMR*IK*370320070531*PI*701.9*701.9*0
REF*PO*0020070601
REF*ST*03703
REF*DP*043
DTM*999*20070531
RMR*IK*370320070601*PI*676.75*676.75*0
REF*PO*0020070602
REF*ST*03703
REF*DP*043
DTM*999*20070601
RMR*IK*370320070602*PI*736.4*736.4*0
REF*PO*0020070603
REF*ST*03703
REF*DP*043
DTM*999*20070602
RMR*IK*370320070603*PI*693.35*693.35*0
REF*PO*0020070604
REF*ST*03703
REF*DP*043
DTM*999*20070603
RMR*IK*370320070604*PI*664.6*664.6*0
REF*PO*0020070605
REF*ST*03703
REF*DP*043
DTM*999*20070604
RMR*IK*370320070605*PI*739.5*739.5*0
REF*PO*0020070606
REF*ST*03703
REF*DP*043
DTM*999*20070605
RMR*IK*370320070606*PI*508.05*508.05*0
REF*PO*0020070607
REF*ST*03703
REF*DP*043
DTM*999*20070606
RMR*IK*371320070531*PI*123.2*123.2*0
REF*PO*0020070601
REF*ST*03713
REF*DP*043
DTM*999*20070531
RMR*IK*371320070601*PI*113.7*113.7*0
REF*PO*0020070602
REF*ST*03713
REF*DP*043
DTM*999*20070601
RMR*IK*371320070602*PI*122.3*122.3*0
REF*PO*0020070603
REF*ST*03713
REF*DP*043
DTM*999*20070602
RMR*IK*371320070603*PI*59.4*59.4*0
REF*PO*0020070604
REF*ST*03713
REF*DP*043
DTM*999*20070603
RMR*IK*371320070604*PI*139.85*139.85*0
REF*PO*0020070605
REF*ST*03713
REF*DP*043
DTM*999*20070604
RMR*IK*371320070605*PI*234.2*234.2*0
REF*PO*0020070606
REF*ST*03713
REF*DP*043
DTM*999*20070605
RMR*IK*371320070606*PI*49.45*49.45*0
REF*PO*0020070607
REF*ST*03713
REF*DP*043
DTM*999*20070606
RMR*IK*371520070531*PI*195.8*195.8*0
REF*PO*0020070601
REF*ST*03715
REF*DP*043
DTM*999*20070531
RMR*IK*371520070601*PI*272.75*272.75*0
REF*PO*0020070602
REF*ST*03715
REF*DP*043
DTM*999*20070601
RMR*IK*371520070602*PI*278.25*278.25*0
REF*PO*0020070603
REF*ST*03715
REF*DP*043
DTM*999*20070602
RMR*IK*371520070603*PI*139.55*139.55*0
REF*PO*0020070604
REF*ST*03715
REF*DP*043
DTM*999*20070603
RMR*IK*371520070604*PI*202.65*202.65*0
REF*PO*0020070605
REF*ST*03715
REF*DP*043
DTM*999*20070604
RMR*IK*371520070605*PI*181.15*181.15*0
REF*PO*0020070606
REF*ST*03715
REF*DP*043
DTM*999*20070605
RMR*IK*371520070606*PI*222.35*222.35*0
REF*PO*0020070607
REF*ST*03715
REF*DP*043
DTM*999*20070606
RMR*IK*372420070531*PI*42*42*0
REF*PO*0020070601
REF*ST*03724
REF*DP*043
DTM*999*20070531
RMR*IK*372420070602*PI*10.5*10.5*0
REF*PO*0020070603
REF*ST*03724
REF*DP*043
DTM*999*20070602
RMR*IK*372420070606*PI*15.75*15.75*0
REF*PO*0020070607
REF*ST*03724
REF*DP*043
DTM*999*20070606
RMR*IK*382220070531*PI*228.15*228.15*0
REF*PO*0020070601
REF*ST*03822
REF*DP*043
DTM*999*20070531
RMR*IK*382220070601*PI*130.9*130.9*0
REF*PO*0020070602
REF*ST*03822
REF*DP*043
DTM*999*20070601
RMR*IK*382220070602*PI*115.05*115.05*0
REF*PO*0020070603
REF*ST*03822
REF*DP*043
DTM*999*20070602
RMR*IK*382220070603*PI*222.15*222.15*0
REF*PO*0020070604
REF*ST*03822
REF*DP*043
DTM*999*20070603
RMR*IK*382220070604*PI*144.85*144.85*0
REF*PO*0020070605
REF*ST*03822
REF*DP*043
DTM*999*20070604
RMR*IK*382220070605*PI*185.55*185.55*0
REF*PO*0020070606
REF*ST*03822
REF*DP*043
DTM*999*20070605
RMR*IK*382220070606*PI*175.85*175.85*0
REF*PO*0020070607
REF*ST*03822
REF*DP*043
DTM*999*20070606
RMR*IK*383620070531*PI*46.5*46.5*0
REF*PO*0020070601
REF*ST*03836
REF*DP*043
DTM*999*20070531
RMR*IK*383620070601*PI*29.1*29.1*0
REF*PO*0020070602
REF*ST*03836
REF*DP*043
DTM*999*20070601
RMR*IK*383620070602*PI*57.75*57.75*0
REF*PO*0020070603
REF*ST*03836
REF*DP*043
DTM*999*20070602
RMR*IK*383620070603*PI*40.75*40.75*0
REF*PO*0020070604
REF*ST*03836
REF*DP*043
DTM*999*20070603
RMR*IK*383620070604*PI*21.95*21.95*0
REF*PO*0020070605
REF*ST*03836
REF*DP*043
DTM*999*20070604
RMR*IK*383620070605*PI*49.65*49.65*0
REF*PO*0020070606
REF*ST*03836
REF*DP*043
DTM*999*20070605
RMR*IK*383620070606*PI*13.75*13.75*0
REF*PO*0020070607
REF*ST*03836
REF*DP*043
DTM*999*20070606
RMR*IK*384820070531*PI*153.3*153.3*0
REF*PO*0020070601
REF*ST*03848
REF*DP*043
DTM*999*20070531
RMR*IK*384820070601*PI*244.75*244.75*0
REF*PO*0020070602
REF*ST*03848
REF*DP*043
DTM*999*20070601
RMR*IK*384820070602*PI*210*210*0
REF*PO*0020070603
REF*ST*03848
REF*DP*043
DTM*999*20070602
RMR*IK*384820070603*PI*153.75*153.75*0
REF*PO*0020070604
REF*ST*03848
REF*DP*043
DTM*999*20070603
RMR*IK*384820070604*PI*266.75*266.75*0
REF*PO*0020070605
REF*ST*03848
REF*DP*043
DTM*999*20070604
RMR*IK*384820070605*PI*140.35*140.35*0
REF*PO*0020070606
REF*ST*03848
REF*DP*043
DTM*999*20070605
RMR*IK*384820070606*PI*136.7*136.7*0
REF*PO*0020070607
REF*ST*03848
REF*DP*043
DTM*999*20070606
RMR*IK*387620070531*PI*23.1*23.1*0
REF*PO*0020070601
REF*ST*03876
REF*DP*043
DTM*999*20070531
RMR*IK*387620070601*PI*33.45*33.45*0
REF*PO*0020070602
REF*ST*03876
REF*DP*043
DTM*999*20070601
RMR*IK*387620070602*PI*23.45*23.45*0
REF*PO*0020070603
REF*ST*03876
REF*DP*043
DTM*999*20070602
RMR*IK*387620070603*PI*8.3*8.3*0
REF*PO*0020070604
REF*ST*03876
REF*DP*043
DTM*999*20070603
RMR*IK*387620070604*PI*30.1*30.1*0
REF*PO*0020070605
REF*ST*03876
REF*DP*043
DTM*999*20070604
RMR*IK*387620070605*PI*31.35*31.35*0
REF*PO*0020070606
REF*ST*03876
REF*DP*043
DTM*999*20070605
RMR*IK*387620070606*PI*11.35*11.35*0
REF*PO*0020070607
REF*ST*03876
REF*DP*043
DTM*999*20070606
RMR*IK*390520070531*PI*11*11*0
REF*PO*0020070601
REF*ST*03905
REF*DP*043
DTM*999*20070531
RMR*IK*390520070601*PI*11.95*11.95*0
REF*PO*0020070602
REF*ST*03905
REF*DP*043
DTM*999*20070601
RMR*IK*390520070602*PI*10.9*10.9*0
REF*PO*0020070603
REF*ST*03905
REF*DP*043
DTM*999*20070602
RMR*IK*390520070603*PI*6.9*6.9*0
REF*PO*0020070604
REF*ST*03905
REF*DP*043
DTM*999*20070603
RMR*IK*390520070604*PI*21.35*21.35*0
REF*PO*0020070605
REF*ST*03905
REF*DP*043
DTM*999*20070604
RMR*IK*390520070605*PI*8.65*8.65*0
REF*PO*0020070606
REF*ST*03905
REF*DP*043
DTM*999*20070605
RMR*IK*390520070606*PI*9.2*9.2*0
REF*PO*0020070607
REF*ST*03905
REF*DP*043
DTM*999*20070606
RMR*IK*392920070531*PI*44.85*44.85*0
REF*PO*0020070601
REF*ST*03929
REF*DP*043
DTM*999*20070531
RMR*IK*392920070601*PI*39*39*0
REF*PO*0020070602
REF*ST*03929
REF*DP*043
DTM*999*20070601
RMR*IK*392920070602*PI*90.95*90.95*0
REF*PO*0020070603
REF*ST*03929
REF*DP*043
DTM*999*20070602
RMR*IK*392920070603*PI*56.15*56.15*0
REF*PO*0020070604
REF*ST*03929
REF*DP*043
DTM*999*20070603
RMR*IK*392920070604*PI*21.9*21.9*0
REF*PO*0020070605
REF*ST*03929
REF*DP*043
DTM*999*20070604
RMR*IK*392920070605*PI*10.55*10.55*0
REF*PO*0020070606
REF*ST*03929
REF*DP*043
DTM*999*20070605
RMR*IK*392920070606*PI*10.4*10.4*0
REF*PO*0020070607
REF*ST*03929
REF*DP*043
DTM*999*20070606
RMR*IK*393120070601*PI*14.45*14.45*0
REF*PO*0020070602
REF*ST*03931
REF*DP*043
DTM*999*20070601
RMR*IK*393120070602*PI*16.55*16.55*0
REF*PO*0020070603
REF*ST*03931
REF*DP*043
DTM*999*20070602
RMR*IK*393120070603*PI*7.5*7.5*0
REF*PO*0020070604
REF*ST*03931
REF*DP*043
DTM*999*20070603
RMR*IK*393120070604*PI*30.5*30.5*0
REF*PO*0020070605
REF*ST*03931
REF*DP*043
DTM*999*20070604
RMR*IK*393120070605*PI*34.85*34.85*0
REF*PO*0020070606
REF*ST*03931
REF*DP*043
DTM*999*20070605
RMR*IK*393120070606*PI*.9*.9*0
REF*PO*0020070607
REF*ST*03931
REF*DP*043
DTM*999*20070606
RMR*IK*393920070531*PI*31.1*31.1*0
REF*PO*0020070601
REF*ST*03939
REF*DP*043
DTM*999*20070531
RMR*IK*393920070601*PI*41.7*41.7*0
REF*PO*0020070602
REF*ST*03939
REF*DP*043
DTM*999*20070601
RMR*IK*393920070602*PI*29.5*29.5*0
REF*PO*0020070603
REF*ST*03939
REF*DP*043
DTM*999*20070602
RMR*IK*393920070603*PI*19.3*19.3*0
REF*PO*0020070604
REF*ST*03939
REF*DP*043
DTM*999*20070603
RMR*IK*393920070604*PI*10.8*10.8*0
REF*PO*0020070605
REF*ST*03939
REF*DP*043
DTM*999*20070604
RMR*IK*393920070605*PI*3.75*3.75*0
REF*PO*0020070606
REF*ST*03939
REF*DP*043
DTM*999*20070605
RMR*IK*393920070606*PI*23.85*23.85*0
REF*PO*0020070607
REF*ST*03939
REF*DP*043
DTM*999*20070606
RMR*IK*394120070531*PI*458.85*458.85*0
REF*PO*0020070601
REF*ST*03941
REF*DP*043
DTM*999*20070531
RMR*IK*394120070601*PI*569.3*569.3*0
REF*PO*0020070602
REF*ST*03941
REF*DP*043
DTM*999*20070601
RMR*IK*394120070602*PI*905.7*905.7*0
REF*PO*0020070603
REF*ST*03941
REF*DP*043
DTM*999*20070602
RMR*IK*394120070603*PI*286.45*286.45*0
REF*PO*0020070604
REF*ST*03941
REF*DP*043
DTM*999*20070603
RMR*IK*394120070604*PI*385.5*385.5*0
REF*PO*0020070605
REF*ST*03941
REF*DP*043
DTM*999*20070604
RMR*IK*394120070605*PI*294.45*294.45*0
REF*PO*0020070606
REF*ST*03941
REF*DP*043
DTM*999*20070605
RMR*IK*394120070606*PI*229.1*229.1*0
REF*PO*0020070607
REF*ST*03941
REF*DP*043
DTM*999*20070606
RMR*IK*394620070531*PI*.9*.9*0
REF*PO*0020070601
REF*ST*03946
REF*DP*043
DTM*999*20070531
RMR*IK*394620070601*PI*7.05*7.05*0
REF*PO*0020070602
REF*ST*03946
REF*DP*043
DTM*999*20070601
RMR*IK*394620070603*PI*2.95*2.95*0
REF*PO*0020070604
REF*ST*03946
REF*DP*043
DTM*999*20070603
RMR*IK*394620070604*PI*.9*.9*0
REF*PO*0020070605
REF*ST*03946
REF*DP*043
DTM*999*20070604
RMR*IK*394620070605*PI*8.8*8.8*0
REF*PO*0020070606
REF*ST*03946
REF*DP*043
DTM*999*20070605
RMR*IK*394620070606*PI*20.95*20.95*0
REF*PO*0020070607
REF*ST*03946
REF*DP*043
DTM*999*20070606
RMR*IK*395720070531*PI*43.9*43.9*0
REF*PO*0020070601
REF*ST*03957
REF*DP*043
DTM*999*20070531
RMR*IK*395720070601*PI*45.5*45.5*0
REF*PO*0020070602
REF*ST*03957
REF*DP*043
DTM*999*20070601
RMR*IK*395720070602*PI*6*6*0
REF*PO*0020070603
REF*ST*03957
REF*DP*043
DTM*999*20070602
RMR*IK*395720070603*PI*1.25*1.25*0
REF*PO*0020070604
REF*ST*03957
REF*DP*043
DTM*999*20070603
RMR*IK*395720070604*PI*10.3*10.3*0
REF*PO*0020070605
REF*ST*03957
REF*DP*043
DTM*999*20070604
RMR*IK*395720070605*PI*11.4*11.4*0
REF*PO*0020070606
REF*ST*03957
REF*DP*043
DTM*999*20070605
RMR*IK*395720070606*PI*19.9*19.9*0
REF*PO*0020070607
REF*ST*03957
REF*DP*043
DTM*999*20070606
RMR*IK*396620070531*PI*76.7*76.7*0
REF*PO*0020070601
REF*ST*03966
REF*DP*043
DTM*999*20070531
RMR*IK*396620070601*PI*49.1*49.1*0
REF*PO*0020070602
REF*ST*03966
REF*DP*043
DTM*999*20070601
RMR*IK*396620070602*PI*104.65*104.65*0
REF*PO*0020070603
REF*ST*03966
REF*DP*043
DTM*999*20070602
RMR*IK*396620070603*PI*88.1*88.1*0
REF*PO*0020070604
REF*ST*03966
REF*DP*043
DTM*999*20070603
RMR*IK*396620070604*PI*98.55*98.55*0
REF*PO*0020070605
REF*ST*03966
REF*DP*043
DTM*999*20070604
RMR*IK*396620070605*PI*109.25*109.25*0
REF*PO*0020070606
REF*ST*03966
REF*DP*043
DTM*999*20070605
RMR*IK*396620070606*PI*121.3*121.3*0
REF*PO*0020070607
REF*ST*03966
REF*DP*043
DTM*999*20070606
RMR*IK*396720070531*PI*6.45*6.45*0
REF*PO*0020070601
REF*ST*03967
REF*DP*043
DTM*999*20070531
RMR*IK*396720070603*PI*2.5*2.5*0
REF*PO*0020070604
REF*ST*03967
REF*DP*043
DTM*999*20070603
RMR*IK*396720070604*PI*8.75*8.75*0
REF*PO*0020070605
REF*ST*03967
REF*DP*043
DTM*999*20070604
RMR*IK*396720070605*PI*10.5*10.5*0
REF*PO*0020070606
REF*ST*03967
REF*DP*043
DTM*999*20070605
RMR*IK*396720070606*PI*5.2*5.2*0
REF*PO*0020070607
REF*ST*03967
REF*DP*043
DTM*999*20070606
RMR*IK*397520070531*PI*72.9*72.9*0
REF*PO*0020070601
REF*ST*03975
REF*DP*043
DTM*999*20070531
RMR*IK*397520070601*PI*121.1*121.1*0
REF*PO*0020070602
REF*ST*03975
REF*DP*043
DTM*999*20070601
RMR*IK*397520070602*PI*108.05*108.05*0
REF*PO*0020070603
REF*ST*03975
REF*DP*043
DTM*999*20070602
RMR*IK*397520070603*PI*123.3*123.3*0
REF*PO*0020070604
REF*ST*03975
REF*DP*043
DTM*999*20070603
RMR*IK*397520070604*PI*64.65*64.65*0
REF*PO*0020070605
REF*ST*03975
REF*DP*043
DTM*999*20070604
RMR*IK*397520070605*PI*72.8*72.8*0
REF*PO*0020070606
REF*ST*03975
REF*DP*043
DTM*999*20070605
RMR*IK*397520070606*PI*95.35*95.35*0
REF*PO*0020070607
REF*ST*03975
REF*DP*043
DTM*999*20070606
RMR*IK*397820070531*PI*72.85*72.85*0
REF*PO*0020070601
REF*ST*03978
REF*DP*043
DTM*999*20070531
RMR*IK*397820070601*PI*50.6*50.6*0
REF*PO*0020070602
REF*ST*03978
REF*DP*043
DTM*999*20070601
RMR*IK*397820070602*PI*147.75*147.75*0
REF*PO*0020070603
REF*ST*03978
REF*DP*043
DTM*999*20070602
RMR*IK*397820070603*PI*117.8*117.8*0
REF*PO*0020070604
REF*ST*03978
REF*DP*043
DTM*999*20070603
RMR*IK*397820070604*PI*76.7*76.7*0
REF*PO*0020070605
REF*ST*03978
REF*DP*043
DTM*999*20070604
RMR*IK*397820070605*PI*58.1*58.1*0
REF*PO*0020070606
REF*ST*03978
REF*DP*043
DTM*999*20070605
RMR*IK*397820070606*PI*67.5*67.5*0
REF*PO*0020070607
REF*ST*03978
REF*DP*043
DTM*999*20070606
RMR*IK*399120070531*PI*10.15*10.15*0
REF*PO*0020070601
REF*ST*03991
REF*DP*043
DTM*999*20070531
RMR*IK*399120070601*PI*22.8*22.8*0
REF*PO*0020070602
REF*ST*03991
REF*DP*043
DTM*999*20070601
RMR*IK*399120070602*PI*.9*.9*0
REF*PO*0020070603
REF*ST*03991
REF*DP*043
DTM*999*20070602
RMR*IK*399120070603*PI*1.8*1.8*0
REF*PO*0020070604
REF*ST*03991
REF*DP*043
DTM*999*20070603
RMR*IK*399120070604*PI*8.75*8.75*0
REF*PO*0020070605
REF*ST*03991
REF*DP*043
DTM*999*20070604
RMR*IK*399120070605*PI*4.65*4.65*0
REF*PO*0020070606
REF*ST*03991
REF*DP*043
DTM*999*20070605
RMR*IK*399120070606*PI*10.5*10.5*0
REF*PO*0020070607
REF*ST*03991
REF*DP*043
DTM*999*20070606
RMR*IK*399420070531*PI*13.05*13.05*0
REF*PO*0020070601
REF*ST*03994
REF*DP*043
DTM*999*20070531
RMR*IK*399420070601*PI*52.35*52.35*0
REF*PO*0020070602
REF*ST*03994
REF*DP*043
DTM*999*20070601
RMR*IK*399420070602*PI*43.55*43.55*0
REF*PO*0020070603
REF*ST*03994
REF*DP*043
DTM*999*20070602
RMR*IK*399420070603*PI*46.9*46.9*0
REF*PO*0020070604
REF*ST*03994
REF*DP*043
DTM*999*20070603
RMR*IK*399420070604*PI*29.7*29.7*0
REF*PO*0020070605
REF*ST*03994
REF*DP*043
DTM*999*20070604
RMR*IK*399420070605*PI*44.2*44.2*0
REF*PO*0020070606
REF*ST*03994
REF*DP*043
DTM*999*20070605
RMR*IK*399420070606*PI*31.2*31.2*0
REF*PO*0020070607
REF*ST*03994
REF*DP*043
DTM*999*20070606
RMR*IK*399620070531*PI*72.85*72.85*0
REF*PO*0020070601
REF*ST*03996
REF*DP*043
DTM*999*20070531
RMR*IK*399620070601*PI*258.95*258.95*0
REF*PO*0020070602
REF*ST*03996
REF*DP*043
DTM*999*20070601
RMR*IK*399620070602*PI*299.15*299.15*0
REF*PO*0020070603
REF*ST*03996
REF*DP*043
DTM*999*20070602
RMR*IK*399620070603*PI*147.65*147.65*0
REF*PO*0020070604
REF*ST*03996
REF*DP*043
DTM*999*20070603
RMR*IK*399620070604*PI*69.5*69.5*0
REF*PO*0020070605
REF*ST*03996
REF*DP*043
DTM*999*20070604
RMR*IK*399620070605*PI*79.05*79.05*0
REF*PO*0020070606
REF*ST*03996
REF*DP*043
DTM*999*20070605
RMR*IK*399620070606*PI*114.45*114.45*0
REF*PO*0020070607
REF*ST*03996
REF*DP*043
DTM*999*20070606
RMR*IK*403320070531*PI*14.55*14.55*0
REF*PO*0020070601
REF*ST*04033
REF*DP*043
DTM*999*20070531
RMR*IK*403320070601*PI*50.75*50.75*0
REF*PO*0020070602
REF*ST*04033
REF*DP*043
DTM*999*20070601
RMR*IK*403320070602*PI*16.1*16.1*0
REF*PO*0020070603
REF*ST*04033
REF*DP*043
DTM*999*20070602
RMR*IK*403320070604*PI*7.05*7.05*0
REF*PO*0020070605
REF*ST*04033
REF*DP*043
DTM*999*20070604
RMR*IK*403320070605*PI*5.05*5.05*0
REF*PO*0020070606
REF*ST*04033
REF*DP*043
DTM*999*20070605
RMR*IK*403320070606*PI*15.25*15.25*0
REF*PO*0020070607
REF*ST*04033
REF*DP*043
DTM*999*20070606
RMR*IK*407120070531*PI*133.8*133.8*0
REF*PO*0020070601
REF*ST*04071
REF*DP*043
DTM*999*20070531
RMR*IK*407120070601*PI*129.7*129.7*0
REF*PO*0020070602
REF*ST*04071
REF*DP*043
DTM*999*20070601
RMR*IK*407120070602*PI*3.75*3.75*0
REF*PO*0020070604
REF*ST*04071
REF*DP*043
DTM*999*20070602
RMR*IK*407120070602*PI*221.05*221.05*0
REF*PO*0020070603
REF*ST*04071
REF*DP*043
DTM*999*20070602
RMR*IK*407120070603*PI*157.6*157.6*0
REF*PO*0020070604
REF*ST*04071
REF*DP*043
DTM*999*20070603
RMR*IK*407120070604*PI*96.65*96.65*0
REF*PO*0020070605
REF*ST*04071
REF*DP*043
DTM*999*20070604
RMR*IK*407120070605*PI*125.8*125.8*0
REF*PO*0020070606
REF*ST*04071
REF*DP*043
DTM*999*20070605
RMR*IK*407120070606*PI*97.9*97.9*0
REF*PO*0020070607
REF*ST*04071
REF*DP*043
DTM*999*20070606
RMR*IK*409320070531*PI*585.7*585.7*0
REF*PO*0020070601
REF*ST*04093
REF*DP*043
DTM*999*20070531
RMR*IK*409320070601*PI*815.45*815.45*0
REF*PO*0020070602
REF*ST*04093
REF*DP*043
DTM*999*20070601
RMR*IK*409320070602*PI*1374.35*1374.35*0
REF*PO*0020070603
REF*ST*04093
REF*DP*043
DTM*999*20070602
RMR*IK*409320070603*PI*1020.95*1020.95*0
REF*PO*0020070604
REF*ST*04093
REF*DP*043
DTM*999*20070603
RMR*IK*409320070604*PI*736.45*736.45*0
REF*PO*0020070605
REF*ST*04093
REF*DP*043
DTM*999*20070604
RMR*IK*409320070605*PI*709.1*709.1*0
REF*PO*0020070606
REF*ST*04093
REF*DP*043
DTM*999*20070605
RMR*IK*409320070606*PI*494.55*494.55*0
REF*PO*0020070607
REF*ST*04093
REF*DP*043
DTM*999*20070606
RMR*IK*410320070531*PI*388.15*388.15*0
REF*PO*0020070601
REF*ST*04103
REF*DP*043
DTM*999*20070531
RMR*IK*410320070601*PI*689.05*689.05*0
REF*PO*0020070602
REF*ST*04103
REF*DP*043
DTM*999*20070601
RMR*IK*410320070602*PI*980.9*980.9*0
REF*PO*0020070603
REF*ST*04103
REF*DP*043
DTM*999*20070602
RMR*IK*410320070603*PI*959.1*959.1*0
REF*PO*0020070604
REF*ST*04103
REF*DP*043
DTM*999*20070603
RMR*IK*410320070604*PI*401.1*401.1*0
REF*PO*0020070605
REF*ST*04103
REF*DP*043
DTM*999*20070604
RMR*IK*410320070605*PI*602.3*602.3*0
REF*PO*0020070606
REF*ST*04103
REF*DP*043
DTM*999*20070605
RMR*IK*410320070606*PI*487.35*487.35*0
REF*PO*0020070607
REF*ST*04103
REF*DP*043
DTM*999*20070606
RMR*IK*412220070531*PI*8.7*8.7*0
REF*PO*0020070601
REF*ST*04122
REF*DP*043
DTM*999*20070531
RMR*IK*412220070601*PI*57.2*57.2*0
REF*PO*0020070602
REF*ST*04122
REF*DP*043
DTM*999*20070601
RMR*IK*412220070602*PI*46.85*46.85*0
REF*PO*0020070603
REF*ST*04122
REF*DP*043
DTM*999*20070602
RMR*IK*412220070603*PI*34.9*34.9*0
REF*PO*0020070604
REF*ST*04122
REF*DP*043
DTM*999*20070603
RMR*IK*412220070604*PI*12.75*12.75*0
REF*PO*0020070605
REF*ST*04122
REF*DP*043
DTM*999*20070604
RMR*IK*412220070605*PI*22.5*22.5*0
REF*PO*0020070606
REF*ST*04122
REF*DP*043
DTM*999*20070605
RMR*IK*412220070606*PI*24.15*24.15*0
REF*PO*0020070607
REF*ST*04122
REF*DP*043
DTM*999*20070606
RMR*IK*412920070602*PI*39.5*39.5*0
REF*PO*0020070603
REF*ST*04129
REF*DP*043
DTM*999*20070602
RMR*IK*412920070605*PI*15.8*15.8*0
REF*PO*0020070606
REF*ST*04129
REF*DP*043
DTM*999*20070605
RMR*IK*418820070606*PI*5.25*5.25*0
REF*PO*0020070607
REF*ST*04188
REF*DP*043
DTM*999*20070606
RMR*IK*418920070531*PI*19.35*19.35*0
REF*PO*0020070601
REF*ST*04189
REF*DP*043
DTM*999*20070531
RMR*IK*418920070601*PI*3.75*3.75*0
REF*PO*0020070602
REF*ST*04189
REF*DP*043
DTM*999*20070601
RMR*IK*418920070603*PI*15.15*15.15*0
REF*PO*0020070604
REF*ST*04189
REF*DP*043
DTM*999*20070603
RMR*IK*418920070604*PI*21.35*21.35*0
REF*PO*0020070605
REF*ST*04189
REF*DP*043
DTM*999*20070604
RMR*IK*418920070605*PI*20.45*20.45*0
REF*PO*0020070606
REF*ST*04189
REF*DP*043
DTM*999*20070605
RMR*IK*418920070606*PI*31.2*31.2*0
REF*PO*0020070607
REF*ST*04189
REF*DP*043
DTM*999*20070606
RMR*IK*419820070531*PI*57.3*57.3*0
REF*PO*0020070601
REF*ST*04198
REF*DP*043
DTM*999*20070531
RMR*IK*419820070601*PI*86.65*86.65*0
REF*PO*0020070602
REF*ST*04198
REF*DP*043
DTM*999*20070601
RMR*IK*419820070602*PI*41.65*41.65*0
REF*PO*0020070603
REF*ST*04198
REF*DP*043
DTM*999*20070602
RMR*IK*419820070603*PI*83.75*83.75*0
REF*PO*0020070604
REF*ST*04198
REF*DP*043
DTM*999*20070603
RMR*IK*419820070604*PI*43.85*43.85*0
REF*PO*0020070605
REF*ST*04198
REF*DP*043
DTM*999*20070604
RMR*IK*419820070605*PI*44.05*44.05*0
REF*PO*0020070606
REF*ST*04198
REF*DP*043
DTM*999*20070605
RMR*IK*419820070606*PI*71.05*71.05*0
REF*PO*0020070607
REF*ST*04198
REF*DP*043
DTM*999*20070606
RMR*IK*424420070531*PI*584.2*584.2*0
REF*PO*0020070601
REF*ST*04244
REF*DP*043
DTM*999*20070531
RMR*IK*424420070601*PI*801.45*801.45*0
REF*PO*0020070602
REF*ST*04244
REF*DP*043
DTM*999*20070601
RMR*IK*424420070602*PI*759.05*759.05*0
REF*PO*0020070603
REF*ST*04244
REF*DP*043
DTM*999*20070602
RMR*IK*424420070603*PI*395.6*395.6*0
REF*PO*0020070604
REF*ST*04244
REF*DP*043
DTM*999*20070603
RMR*IK*424420070604*PI*446.35*446.35*0
REF*PO*0020070605
REF*ST*04244
REF*DP*043
DTM*999*20070604
RMR*IK*424420070605*PI*479.75*479.75*0
REF*PO*0020070606
REF*ST*04244
REF*DP*043
DTM*999*20070605
RMR*IK*424420070606*PI*455*455*0
REF*PO*0020070607
REF*ST*04244
REF*DP*043
DTM*999*20070606
RMR*IK*430820070531*PI*75.95*75.95*0
REF*PO*0020070601
REF*ST*04308
REF*DP*043
DTM*999*20070531
RMR*IK*430820070601*PI*124.15*124.15*0
REF*PO*0020070602
REF*ST*04308
REF*DP*043
DTM*999*20070601
RMR*IK*430820070602*PI*200.5*200.5*0
REF*PO*0020070603
REF*ST*04308
REF*DP*043
DTM*999*20070602
RMR*IK*430820070603*PI*134.2*134.2*0
REF*PO*0020070604
REF*ST*04308
REF*DP*043
DTM*999*20070603
RMR*IK*430820070604*PI*25.35*25.35*0
REF*PO*0020070605
REF*ST*04308
REF*DP*043
DTM*999*20070604
RMR*IK*430820070605*PI*61.4*61.4*0
REF*PO*0020070606
REF*ST*04308
REF*DP*043
DTM*999*20070605
RMR*IK*430820070606*PI*115.6*115.6*0
REF*PO*0020070607
REF*ST*04308
REF*DP*043
DTM*999*20070606
RMR*IK*430820070625*PI*-2.25*-2.25*0
REF*PO*0020070626
REF*ST*04308
REF*DP*043
DTM*999*20070625
RMR*IK*431220070531*PI*342.95*342.95*0
REF*PO*0020070601
REF*ST*04312
REF*DP*043
DTM*999*20070531
RMR*IK*431220070601*PI*221.2*221.2*0
REF*PO*0020070602
REF*ST*04312
REF*DP*043
DTM*999*20070601
RMR*IK*431220070602*PI*123.5*123.5*0
REF*PO*0020070603
REF*ST*04312
REF*DP*043
DTM*999*20070602
RMR*IK*431220070603*PI*79.15*79.15*0
REF*PO*0020070604
REF*ST*04312
REF*DP*043
DTM*999*20070603
RMR*IK*431220070604*PI*160.2*160.2*0
REF*PO*0020070605
REF*ST*04312
REF*DP*043
DTM*999*20070604
RMR*IK*431220070605*PI*156.3*156.3*0
REF*PO*0020070606
REF*ST*04312
REF*DP*043
DTM*999*20070605
RMR*IK*431220070606*PI*167.95*167.95*0
REF*PO*0020070607
REF*ST*04312
REF*DP*043
DTM*999*20070606
RMR*IK*442220070531*PI*10.5*10.5*0
REF*PO*0020070601
REF*ST*04422
REF*DP*043
DTM*999*20070531
RMR*IK*444220070531*PI*10.5*10.5*0
REF*PO*0020070601
REF*ST*04442
REF*DP*043
DTM*999*20070531
RMR*IK*444220070601*PI*5.25*5.25*0
REF*PO*0020070602
REF*ST*04442
REF*DP*043
DTM*999*20070601
RMR*IK*444220070603*PI*10.5*10.5*0
REF*PO*0020070604
REF*ST*04442
REF*DP*043
DTM*999*20070603
RMR*IK*444220070604*PI*31.5*31.5*0
REF*PO*0020070605
REF*ST*04442
REF*DP*043
DTM*999*20070604
RMR*IK*444220070605*PI*5.25*5.25*0
REF*PO*0020070606
REF*ST*04442
REF*DP*043
DTM*999*20070605
RMR*IK*447520070531*PI*209.6*209.6*0
REF*PO*0020070601
REF*ST*04475
REF*DP*043
DTM*999*20070531
RMR*IK*447520070601*PI*258.35*258.35*0
REF*PO*0020070602
REF*ST*04475
REF*DP*043
DTM*999*20070601
RMR*IK*447520070602*PI*220.05*220.05*0
REF*PO*0020070603
REF*ST*04475
REF*DP*043
DTM*999*20070602
RMR*IK*447520070603*PI*100.15*100.15*0
REF*PO*0020070604
REF*ST*04475
REF*DP*043
DTM*999*20070603
RMR*IK*447520070604*PI*181.75*181.75*0
REF*PO*0020070605
REF*ST*04475
REF*DP*043
DTM*999*20070604
RMR*IK*447520070605*PI*95.5*95.5*0
REF*PO*0020070606
REF*ST*04475
REF*DP*043
DTM*999*20070605
RMR*IK*447520070606*PI*71.15*71.15*0
REF*PO*0020070607
REF*ST*04475
REF*DP*043
DTM*999*20070606
RMR*IK*448920070531*PI*11.1*11.1*0
REF*PO*0020070601
REF*ST*04489
REF*DP*043
DTM*999*20070531
RMR*IK*448920070601*PI*9*9*0
REF*PO*0020070602
REF*ST*04489
REF*DP*043
DTM*999*20070601
RMR*IK*448920070602*PI*11.55*11.55*0
REF*PO*0020070603
REF*ST*04489
REF*DP*043
DTM*999*20070602
RMR*IK*448920070603*PI*6.1*6.1*0
REF*PO*0020070604
REF*ST*04489
REF*DP*043
DTM*999*20070603
RMR*IK*448920070604*PI*41.3*41.3*0
REF*PO*0020070605
REF*ST*04489
REF*DP*043
DTM*999*20070604
RMR*IK*448920070605*PI*8.65*8.65*0
REF*PO*0020070606
REF*ST*04489
REF*DP*043
DTM*999*20070605
RMR*IK*448920070606*PI*25*25*0
REF*PO*0020070607
REF*ST*04489
REF*DP*043
DTM*999*20070606
RMR*IK*471720070531*PI*231.8*231.8*0
REF*PO*0020070601
REF*ST*04717
REF*DP*043
DTM*999*20070531
RMR*IK*471720070601*PI*543.85*543.85*0
REF*PO*0020070602
REF*ST*04717
REF*DP*043
DTM*999*20070601
RMR*IK*471720070602*PI*518.85*518.85*0
REF*PO*0020070603
REF*ST*04717
REF*DP*043
DTM*999*20070602
RMR*IK*471720070603*PI*282.15*282.15*0
REF*PO*0020070604
REF*ST*04717
REF*DP*043
DTM*999*20070603
RMR*IK*471720070604*PI*241.55*241.55*0
REF*PO*0020070605
REF*ST*04717
REF*DP*043
DTM*999*20070604
RMR*IK*471720070605*PI*383.2*383.2*0
REF*PO*0020070606
REF*ST*04717
REF*DP*043
DTM*999*20070605
RMR*IK*471720070606*PI*157.5*157.5*0
REF*PO*0020070607
REF*ST*04717
REF*DP*043
DTM*999*20070606
RMR*IK*471920070531*PI*334.15*334.15*0
REF*PO*0020070601
REF*ST*04719
REF*DP*043
DTM*999*20070531
RMR*IK*471920070601*PI*427.4*427.4*0
REF*PO*0020070602
REF*ST*04719
REF*DP*043
DTM*999*20070601
RMR*IK*471920070602*PI*615.95*615.95*0
REF*PO*0020070603
REF*ST*04719
REF*DP*043
DTM*999*20070602
RMR*IK*471920070603*PI*492.15*492.15*0
REF*PO*0020070604
REF*ST*04719
REF*DP*043
DTM*999*20070603
RMR*IK*471920070604*PI*227.2*227.2*0
REF*PO*0020070605
REF*ST*04719
REF*DP*043
DTM*999*20070604
RMR*IK*471920070605*PI*223.85*223.85*0
REF*PO*0020070606
REF*ST*04719
REF*DP*043
DTM*999*20070605
RMR*IK*471920070606*PI*451.45*451.45*0
REF*PO*0020070607
REF*ST*04719
REF*DP*043
DTM*999*20070606
RMR*IK*472320070531*PI*11.4*11.4*0
REF*PO*0020070601
REF*ST*04723
REF*DP*043
DTM*999*20070531
RMR*IK*472320070601*PI*38*38*0
REF*PO*0020070602
REF*ST*04723
REF*DP*043
DTM*999*20070601
RMR*IK*472320070602*PI*50*50*0
REF*PO*0020070603
REF*ST*04723
REF*DP*043
DTM*999*20070602
RMR*IK*472320070603*PI*28.9*28.9*0
REF*PO*0020070604
REF*ST*04723
REF*DP*043
DTM*999*20070603
RMR*IK*472320070604*PI*30.15*30.15*0
REF*PO*0020070605
REF*ST*04723
REF*DP*043
DTM*999*20070604
RMR*IK*472320070605*PI*20.8*20.8*0
REF*PO*0020070606
REF*ST*04723
REF*DP*043
DTM*999*20070605
RMR*IK*472320070606*PI*17.25*17.25*0
REF*PO*0020070607
REF*ST*04723
REF*DP*043
DTM*999*20070606
RMR*IK*473920070531*PI*92.35*92.35*0
REF*PO*0020070601
REF*ST*04739
REF*DP*043
DTM*999*20070531
RMR*IK*473920070601*PI*153.35*153.35*0
REF*PO*0020070602
REF*ST*04739
REF*DP*043
DTM*999*20070601
RMR*IK*473920070602*PI*101.5*101.5*0
REF*PO*0020070603
REF*ST*04739
REF*DP*043
DTM*999*20070602
RMR*IK*473920070603*PI*82.7*82.7*0
REF*PO*0020070604
REF*ST*04739
REF*DP*043
DTM*999*20070603
RMR*IK*473920070604*PI*66.8*66.8*0
REF*PO*0020070605
REF*ST*04739
REF*DP*043
DTM*999*20070604
RMR*IK*473920070605*PI*63.35*63.35*0
REF*PO*0020070606
REF*ST*04739
REF*DP*043
DTM*999*20070605
RMR*IK*473920070606*PI*68.55*68.55*0
REF*PO*0020070607
REF*ST*04739
REF*DP*043
DTM*999*20070606
RMR*IK*475320070531*PI*20.85*20.85*0
REF*PO*0020070601
REF*ST*04753
REF*DP*043
DTM*999*20070531
RMR*IK*475320070601*PI*130.9*130.9*0
REF*PO*0020070602
REF*ST*04753
REF*DP*043
DTM*999*20070601
RMR*IK*475320070602*PI*125.2*125.2*0
REF*PO*0020070603
REF*ST*04753
REF*DP*043
DTM*999*20070602
RMR*IK*475320070603*PI*193.9*193.9*0
REF*PO*0020070604
REF*ST*04753
REF*DP*043
DTM*999*20070603
RMR*IK*475320070604*PI*78.6*78.6*0
REF*PO*0020070605
REF*ST*04753
REF*DP*043
DTM*999*20070604
RMR*IK*475320070605*PI*151.5*151.5*0
REF*PO*0020070606
REF*ST*04753
REF*DP*043
DTM*999*20070605
RMR*IK*475320070606*PI*98*98*0
REF*PO*0020070607
REF*ST*04753
REF*DP*043
DTM*999*20070606
RMR*IK*476020070531*PI*44.85*44.85*0
REF*PO*0020070601
REF*ST*04760
REF*DP*043
DTM*999*20070531
RMR*IK*476020070601*PI*41.45*41.45*0
REF*PO*0020070602
REF*ST*04760
REF*DP*043
DTM*999*20070601
RMR*IK*476020070602*PI*39.95*39.95*0
REF*PO*0020070603
REF*ST*04760
REF*DP*043
DTM*999*20070602
RMR*IK*476020070603*PI*29.8*29.8*0
REF*PO*0020070604
REF*ST*04760
REF*DP*043
DTM*999*20070603
RMR*IK*476020070604*PI*44.05*44.05*0
REF*PO*0020070605
REF*ST*04760
REF*DP*043
DTM*999*20070604
RMR*IK*476020070605*PI*22.65*22.65*0
REF*PO*0020070606
REF*ST*04760
REF*DP*043
DTM*999*20070605
RMR*IK*476020070606*PI*40.05*40.05*0
REF*PO*0020070607
REF*ST*04760
REF*DP*043
DTM*999*20070606
RMR*IK*476920070531*PI*59.05*59.05*0
REF*PO*0020070601
REF*ST*04769
REF*DP*043
DTM*999*20070531
RMR*IK*476920070601*PI*43.8*43.8*0
REF*PO*0020070602
REF*ST*04769
REF*DP*043
DTM*999*20070601
RMR*IK*476920070602*PI*84.9*84.9*0
REF*PO*0020070603
REF*ST*04769
REF*DP*043
DTM*999*20070602
RMR*IK*476920070603*PI*67.4*67.4*0
REF*PO*0020070604
REF*ST*04769
REF*DP*043
DTM*999*20070603
RMR*IK*476920070604*PI*85.55*85.55*0
REF*PO*0020070605
REF*ST*04769
REF*DP*043
DTM*999*20070604
RMR*IK*476920070605*PI*33*33*0
REF*PO*0020070606
REF*ST*04769
REF*DP*043
DTM*999*20070605
RMR*IK*476920070606*PI*35.85*35.85*0
REF*PO*0020070607
REF*ST*04769
REF*DP*043
DTM*999*20070606
RMR*IK*478220070603*PI*1.2*1.2*0
REF*PO*0020070604
REF*ST*04782
REF*DP*043
DTM*999*20070603
RMR*IK*481720070531*PI*224.55*224.55*0
REF*PO*0020070601
REF*ST*04817
REF*DP*043
DTM*999*20070531
RMR*IK*481720070601*PI*310.5*310.5*0
REF*PO*0020070602
REF*ST*04817
REF*DP*043
DTM*999*20070601
RMR*IK*481720070602*PI*486.5*486.5*0
REF*PO*0020070603
REF*ST*04817
REF*DP*043
DTM*999*20070602
RMR*IK*481720070603*PI*254.35*254.35*0
REF*PO*0020070604
REF*ST*04817
REF*DP*043
DTM*999*20070603
RMR*IK*481720070604*PI*225.25*225.25*0
REF*PO*0020070605
REF*ST*04817
REF*DP*043
DTM*999*20070604
RMR*IK*481720070605*PI*177.85*177.85*0
REF*PO*0020070606
REF*ST*04817
REF*DP*043
DTM*999*20070605
RMR*IK*481720070606*PI*141.05*141.05*0
REF*PO*0020070607
REF*ST*04817
REF*DP*043
DTM*999*20070606
RMR*IK*483520070531*PI*34.35*34.35*0
REF*PO*0020070601
REF*ST*04835
REF*DP*043
DTM*999*20070531
RMR*IK*483520070601*PI*46.15*46.15*0
REF*PO*0020070602
REF*ST*04835
REF*DP*043
DTM*999*20070601
RMR*IK*483520070602*PI*63.7*63.7*0
REF*PO*0020070603
REF*ST*04835
REF*DP*043
DTM*999*20070602
RMR*IK*483520070603*PI*30.85*30.85*0
REF*PO*0020070604
REF*ST*04835
REF*DP*043
DTM*999*20070603
RMR*IK*483520070604*PI*10.9*10.9*0
REF*PO*0020070605
REF*ST*04835
REF*DP*043
DTM*999*20070604
RMR*IK*483520070605*PI*36.9*36.9*0
REF*PO*0020070606
REF*ST*04835
REF*DP*043
DTM*999*20070605
RMR*IK*483520070606*PI*28.15*28.15*0
REF*PO*0020070607
REF*ST*04835
REF*DP*043
DTM*999*20070606
RMR*IK*488320070531*PI*208.65*208.65*0
REF*PO*0020070601
REF*ST*04883
REF*DP*043
DTM*999*20070531
RMR*IK*488320070601*PI*335.55*335.55*0
REF*PO*0020070602
REF*ST*04883
REF*DP*043
DTM*999*20070601
RMR*IK*488320070602*PI*199.95*199.95*0
REF*PO*0020070603
REF*ST*04883
REF*DP*043
DTM*999*20070602
RMR*IK*488320070603*PI*186.05*186.05*0
REF*PO*0020070604
REF*ST*04883
REF*DP*043
DTM*999*20070603
RMR*IK*488320070604*PI*205.05*205.05*0
REF*PO*0020070605
REF*ST*04883
REF*DP*043
DTM*999*20070604
RMR*IK*488320070605*PI*110.65*110.65*0
REF*PO*0020070606
REF*ST*04883
REF*DP*043
DTM*999*20070605
RMR*IK*488320070606*PI*98.55*98.55*0
REF*PO*0020070607
REF*ST*04883
REF*DP*043
DTM*999*20070606
RMR*IK*489820070531*PI*.9*.9*0
REF*PO*0020070601
REF*ST*04898
REF*DP*043
DTM*999*20070531
RMR*IK*489820070601*PI*9.8*9.8*0
REF*PO*0020070602
REF*ST*04898
REF*DP*043
DTM*999*20070601
RMR*IK*489820070602*PI*8.25*8.25*0
REF*PO*0020070603
REF*ST*04898
REF*DP*043
DTM*999*20070602
RMR*IK*489820070603*PI*12.1*12.1*0
REF*PO*0020070604
REF*ST*04898
REF*DP*043
DTM*999*20070603
RMR*IK*489820070604*PI*9.8*9.8*0
REF*PO*0020070605
REF*ST*04898
REF*DP*043
DTM*999*20070604
RMR*IK*489820070605*PI*39.65*39.65*0
REF*PO*0020070606
REF*ST*04898
REF*DP*043
DTM*999*20070605
RMR*IK*489820070606*PI*13.1*13.1*0
REF*PO*0020070607
REF*ST*04898
REF*DP*043
DTM*999*20070606
RMR*IK*497020070531*PI*602.75*602.75*0
REF*PO*0020070601
REF*ST*04970
REF*DP*043
DTM*999*20070531
RMR*IK*497020070601*PI*721.55*721.55*0
REF*PO*0020070602
REF*ST*04970
REF*DP*043
DTM*999*20070601
RMR*IK*497020070602*PI*502.95*502.95*0
REF*PO*0020070603
REF*ST*04970
REF*DP*043
DTM*999*20070602
RMR*IK*497020070603*PI*349*349*0
REF*PO*0020070604
REF*ST*04970
REF*DP*043
DTM*999*20070603
RMR*IK*497020070604*PI*373.3*373.3*0
REF*PO*0020070605
REF*ST*04970
REF*DP*043
DTM*999*20070604
RMR*IK*497020070605*PI*277.55*277.55*0
REF*PO*0020070606
REF*ST*04970
REF*DP*043
DTM*999*20070605
RMR*IK*497020070606*PI*476.75*476.75*0
REF*PO*0020070607
REF*ST*04970
REF*DP*043
DTM*999*20070606
RMR*IK*502320070531*PI*44.75*44.75*0
REF*PO*0020070602
REF*ST*05023
REF*DP*043
DTM*999*20070531
RMR*IK*502320070601*PI*41.2*41.2*0
REF*PO*0020070603
REF*ST*05023
REF*DP*043
DTM*999*20070601
RMR*IK*502320070602*PI*50.65*50.65*0
REF*PO*0020070604
REF*ST*05023
REF*DP*043
DTM*999*20070602
RMR*IK*502320070603*PI*60*60*0
REF*PO*0020070605
REF*ST*05023
REF*DP*043
DTM*999*20070603
RMR*IK*502320070604*PI*45.2*45.2*0
REF*PO*0020070606
REF*ST*05023
REF*DP*043
DTM*999*20070604
RMR*IK*502320070605*PI*68.55*68.55*0
REF*PO*0020070607
REF*ST*05023
REF*DP*043
DTM*999*20070605
RMR*IK*502320070606*PI*37.75*37.75*0
REF*PO*0020070608
REF*ST*05023
REF*DP*043
DTM*999*20070606
RMR*IK*506620070531*PI*8.25*8.25*0
REF*PO*0020070602
REF*ST*05066
REF*DP*043
DTM*999*20070531
RMR*IK*506620070601*PI*5.75*5.75*0
REF*PO*0020070603
REF*ST*05066
REF*DP*043
DTM*999*20070601
RMR*IK*506620070602*PI*11.3*11.3*0
REF*PO*0020070604
REF*ST*05066
REF*DP*043
DTM*999*20070602
RMR*IK*506620070603*PI*12.8*12.8*0
REF*PO*0020070605
REF*ST*05066
REF*DP*043
DTM*999*20070603
RMR*IK*506620070604*PI*10.35*10.35*0
REF*PO*0020070606
REF*ST*05066
REF*DP*043
DTM*999*20070604
RMR*IK*506620070605*PI*.9*.9*0
REF*PO*0020070607
REF*ST*05066
REF*DP*043
DTM*999*20070605
RMR*IK*507020070531*PI*158.85*158.85*0
REF*PO*0020070602
REF*ST*05070
REF*DP*043
DTM*999*20070531
RMR*IK*507020070601*PI*202.15*202.15*0
REF*PO*0020070603
REF*ST*05070
REF*DP*043
DTM*999*20070601
RMR*IK*507020070602*PI*138.75*138.75*0
REF*PO*0020070604
REF*ST*05070
REF*DP*043
DTM*999*20070602
RMR*IK*507020070603*PI*45.55*45.55*0
REF*PO*0020070605
REF*ST*05070
REF*DP*043
DTM*999*20070603
RMR*IK*507020070604*PI*75.3*75.3*0
REF*PO*0020070606
REF*ST*05070
REF*DP*043
DTM*999*20070604
RMR*IK*507020070605*PI*37.65*37.65*0
REF*PO*0020070607
REF*ST*05070
REF*DP*043
DTM*999*20070605
RMR*IK*507020070606*PI*65.05*65.05*0
REF*PO*0020070608
REF*ST*05070
REF*DP*043
DTM*999*20070606
RMR*IK*507720070601*PI*13.8*13.8*0
REF*PO*0020070603
REF*ST*05077
REF*DP*043
DTM*999*20070601
RMR*IK*507720070602*PI*77.6*77.6*0
REF*PO*0020070604
REF*ST*05077
REF*DP*043
DTM*999*20070602
RMR*IK*507720070603*PI*26.5*26.5*0
REF*PO*0020070605
REF*ST*05077
REF*DP*043
DTM*999*20070603
RMR*IK*507720070604*PI*25.95*25.95*0
REF*PO*0020070606
REF*ST*05077
REF*DP*043
DTM*999*20070604
RMR*IK*507720070605*PI*30.95*30.95*0
REF*PO*0020070607
REF*ST*05077
REF*DP*043
DTM*999*20070605
RMR*IK*507720070606*PI*10*10*0
REF*PO*0020070608
REF*ST*05077
REF*DP*043
DTM*999*20070606
RMR*IK*702820070531*PI*.9*.9*0
REF*PO*0020070601
REF*ST*07028
REF*DP*043
DTM*999*20070531
RMR*IK*702820070601*PI*16.25*16.25*0
REF*PO*0020070602
REF*ST*07028
REF*DP*043
DTM*999*20070601
RMR*IK*702820070602*PI*6.45*6.45*0
REF*PO*0020070603
REF*ST*07028
REF*DP*043
DTM*999*20070602
RMR*IK*702820070603*PI*29.45*29.45*0
REF*PO*0020070604
REF*ST*07028
REF*DP*043
DTM*999*20070603
RMR*IK*702820070604*PI*9.8*9.8*0
REF*PO*0020070605
REF*ST*07028
REF*DP*043
DTM*999*20070604
RMR*IK*702820070605*PI*7.5*7.5*0
REF*PO*0020070606
REF*ST*07028
REF*DP*043
DTM*999*20070605
RMR*IK*702820070606*PI*5*5*0
REF*PO*0020070607
REF*ST*07028
REF*DP*043
DTM*999*20070606
RMR*IK*704520070531*PI*207.9*207.9*0
REF*PO*0020070601
REF*ST*07045
REF*DP*043
DTM*999*20070531
RMR*IK*704520070601*PI*242.5*242.5*0
REF*PO*0020070602
REF*ST*07045
REF*DP*043
DTM*999*20070601
RMR*IK*704520070602*PI*221.45*221.45*0
REF*PO*0020070603
REF*ST*07045
REF*DP*043
DTM*999*20070602
RMR*IK*704520070603*PI*114.4*114.4*0
REF*PO*0020070604
REF*ST*07045
REF*DP*043
DTM*999*20070603
RMR*IK*704520070604*PI*105.85*105.85*0
REF*PO*0020070605
REF*ST*07045
REF*DP*043
DTM*999*20070604
RMR*IK*704520070605*PI*111.35*111.35*0
REF*PO*0020070606
REF*ST*07045
REF*DP*043
DTM*999*20070605
RMR*IK*704520070606*PI*107.7*107.7*0
REF*PO*0020070607
REF*ST*07045
REF*DP*043
DTM*999*20070606
RMR*IK*705920070531*PI*11.7*11.7*0
REF*PO*0020070601
REF*ST*07059
REF*DP*043
DTM*999*20070531
RMR*IK*705920070601*PI*9.15*9.15*0
REF*PO*0020070602
REF*ST*07059
REF*DP*043
DTM*999*20070601
RMR*IK*705920070602*PI*13.65*13.65*0
REF*PO*0020070603
REF*ST*07059
REF*DP*043
DTM*999*20070602
RMR*IK*705920070603*PI*23.1*23.1*0
REF*PO*0020070604
REF*ST*07059
REF*DP*043
DTM*999*20070603
RMR*IK*705920070604*PI*9.15*9.15*0
REF*PO*0020070605
REF*ST*07059
REF*DP*043
DTM*999*20070604
RMR*IK*705920070605*PI*14.25*14.25*0
REF*PO*0020070606
REF*ST*07059
REF*DP*043
DTM*999*20070605
RMR*IK*705920070606*PI*8.25*8.25*0
REF*PO*0020070607
REF*ST*07059
REF*DP*043
DTM*999*20070606
RMR*IK*706420070531*PI*19.2*19.2*0
REF*PO*0020070601
REF*ST*07064
REF*DP*043
DTM*999*20070531
RMR*IK*706420070601*PI*26.25*26.25*0
REF*PO*0020070602
REF*ST*07064
REF*DP*043
DTM*999*20070601
RMR*IK*706420070602*PI*92.25*92.25*0
REF*PO*0020070603
REF*ST*07064
REF*DP*043
DTM*999*20070602
RMR*IK*706420070603*PI*40.25*40.25*0
REF*PO*0020070604
REF*ST*07064
REF*DP*043
DTM*999*20070603
RMR*IK*706420070604*PI*32.6*32.6*0
REF*PO*0020070605
REF*ST*07064
REF*DP*043
DTM*999*20070604
RMR*IK*706420070605*PI*50.15*50.15*0
REF*PO*0020070606
REF*ST*07064
REF*DP*043
DTM*999*20070605
RMR*IK*706420070606*PI*2.15*2.15*0
REF*PO*0020070607
REF*ST*07064
REF*DP*043
DTM*999*20070606
RMR*IK*706620070531*PI*150.85*150.85*0
REF*PO*0020070601
REF*ST*07066
REF*DP*043
DTM*999*20070531
RMR*IK*706620070601*PI*128.15*128.15*0
REF*PO*0020070602
REF*ST*07066
REF*DP*043
DTM*999*20070601
RMR*IK*706620070602*PI*271.05*271.05*0
REF*PO*0020070603
REF*ST*07066
REF*DP*043
DTM*999*20070602
RMR*IK*706620070603*PI*117.2*117.2*0
REF*PO*0020070604
REF*ST*07066
REF*DP*043
DTM*999*20070603
RMR*IK*706620070604*PI*73.3*73.3*0
REF*PO*0020070605
REF*ST*07066
REF*DP*043
DTM*999*20070604
RMR*IK*706620070605*PI*77.95*77.95*0
REF*PO*0020070606
REF*ST*07066
REF*DP*043
DTM*999*20070605
RMR*IK*706620070606*PI*115.2*115.2*0
REF*PO*0020070607
REF*ST*07066
REF*DP*043
DTM*999*20070606
RMR*IK*706920070531*PI*68.9*68.9*0
REF*PO*0020070601
REF*ST*07069
REF*DP*043
DTM*999*20070531
RMR*IK*706920070601*PI*110.45*110.45*0
REF*PO*0020070602
REF*ST*07069
REF*DP*043
DTM*999*20070601
RMR*IK*706920070602*PI*206.35*206.35*0
REF*PO*0020070603
REF*ST*07069
REF*DP*043
DTM*999*20070602
RMR*IK*706920070603*PI*45.1*45.1*0
REF*PO*0020070604
REF*ST*07069
REF*DP*043
DTM*999*20070603
RMR*IK*706920070604*PI*48.85*48.85*0
REF*PO*0020070605
REF*ST*07069
REF*DP*043
DTM*999*20070604
RMR*IK*706920070605*PI*12.8*12.8*0
REF*PO*0020070606
REF*ST*07069
REF*DP*043
DTM*999*20070605
RMR*IK*706920070606*PI*47.25*47.25*0
REF*PO*0020070607
REF*ST*07069
REF*DP*043
DTM*999*20070606
RMR*IK*707620070531*PI*97.4*97.4*0
REF*PO*0020070601
REF*ST*07076
REF*DP*043
DTM*999*20070531
RMR*IK*707620070601*PI*150.65*150.65*0
REF*PO*0020070602
REF*ST*07076
REF*DP*043
DTM*999*20070601
RMR*IK*707620070602*PI*229.5*229.5*0
REF*PO*0020070603
REF*ST*07076
REF*DP*043
DTM*999*20070602
RMR*IK*707620070603*PI*244.55*244.55*0
REF*PO*0020070604
REF*ST*07076
REF*DP*043
DTM*999*20070603
RMR*IK*707620070604*PI*139.5*139.5*0
REF*PO*0020070605
REF*ST*07076
REF*DP*043
DTM*999*20070604
RMR*IK*707620070605*PI*230*230*0
REF*PO*0020070606
REF*ST*07076
REF*DP*043
DTM*999*20070605
RMR*IK*707620070606*PI*96.2*96.2*0
REF*PO*0020070607
REF*ST*07076
REF*DP*043
DTM*999*20070606
RMR*IK*713220070531*PI*147.45*147.45*0
REF*PO*0020070601
REF*ST*07132
REF*DP*043
DTM*999*20070531
RMR*IK*713220070601*PI*306.65*306.65*0
REF*PO*0020070602
REF*ST*07132
REF*DP*043
DTM*999*20070601
RMR*IK*713220070602*PI*499*499*0
REF*PO*0020070603
REF*ST*07132
REF*DP*043
DTM*999*20070602
RMR*IK*713220070603*PI*351*351*0
REF*PO*0020070604
REF*ST*07132
REF*DP*043
DTM*999*20070603
RMR*IK*713220070604*PI*257.1*257.1*0
REF*PO*0020070605
REF*ST*07132
REF*DP*043
DTM*999*20070604
RMR*IK*713220070605*PI*173.65*173.65*0
REF*PO*0020070606
REF*ST*07132
REF*DP*043
DTM*999*20070605
RMR*IK*713220070606*PI*334.6*334.6*0
REF*PO*0020070607
REF*ST*07132
REF*DP*043
DTM*999*20070606
RMR*IK*714620070531*PI*58*58*0
REF*PO*0020070601
REF*ST*07146
REF*DP*043
DTM*999*20070531
RMR*IK*714620070601*PI*78.6*78.6*0
REF*PO*0020070602
REF*ST*07146
REF*DP*043
DTM*999*20070601
RMR*IK*714620070602*PI*49.35*49.35*0
REF*PO*0020070603
REF*ST*07146
REF*DP*043
DTM*999*20070602
RMR*IK*714620070603*PI*57.2*57.2*0
REF*PO*0020070604
REF*ST*07146
REF*DP*043
DTM*999*20070603
RMR*IK*714620070604*PI*216.2*216.2*0
REF*PO*0020070605
REF*ST*07146
REF*DP*043
DTM*999*20070604
RMR*IK*714620070605*PI*85.9*85.9*0
REF*PO*0020070606
REF*ST*07146
REF*DP*043
DTM*999*20070605
RMR*IK*714620070606*PI*66*66*0
REF*PO*0020070607
REF*ST*07146
REF*DP*043
DTM*999*20070606
RMR*IK*715420070531*PI*69.25*69.25*0
REF*PO*0020070601
REF*ST*07154
REF*DP*043
DTM*999*20070531
RMR*IK*715420070601*PI*73.7*73.7*0
REF*PO*0020070602
REF*ST*07154
REF*DP*043
DTM*999*20070601
RMR*IK*715420070602*PI*32.1*32.1*0
REF*PO*0020070603
REF*ST*07154
REF*DP*043
DTM*999*20070602
RMR*IK*715420070603*PI*28.5*28.5*0
REF*PO*0020070604
REF*ST*07154
REF*DP*043
DTM*999*20070603
RMR*IK*715420070604*PI*56.55*56.55*0
REF*PO*0020070605
REF*ST*07154
REF*DP*043
DTM*999*20070604
RMR*IK*715420070605*PI*65.6*65.6*0
REF*PO*0020070606
REF*ST*07154
REF*DP*043
DTM*999*20070605
RMR*IK*715420070606*PI*55.25*55.25*0
REF*PO*0020070607
REF*ST*07154
REF*DP*043
DTM*999*20070606
RMR*IK*718420070531*PI*303.4*303.4*0
REF*PO*0020070601
REF*ST*07184
REF*DP*043
DTM*999*20070531
RMR*IK*718420070601*PI*214.5*214.5*0
REF*PO*0020070602
REF*ST*07184
REF*DP*043
DTM*999*20070601
RMR*IK*718420070602*PI*476.4*476.4*0
REF*PO*0020070603
REF*ST*07184
REF*DP*043
DTM*999*20070602
RMR*IK*718420070603*PI*454.05*454.05*0
REF*PO*0020070604
REF*ST*07184
REF*DP*043
DTM*999*20070603
RMR*IK*718420070604*PI*275.25*275.25*0
REF*PO*0020070605
REF*ST*07184
REF*DP*043
DTM*999*20070604
RMR*IK*718420070605*PI*347.25*347.25*0
REF*PO*0020070606
REF*ST*07184
REF*DP*043
DTM*999*20070605
RMR*IK*718420070606*PI*199.75*199.75*0
REF*PO*0020070607
REF*ST*07184
REF*DP*043
DTM*999*20070606
RMR*IK*722920070601*PI*5.25*5.25*0
REF*PO*0020070602
REF*ST*07229
REF*DP*043
DTM*999*20070601
RMR*IK*725520070531*PI*492.95*492.95*0
REF*PO*0020070601
REF*ST*07255
REF*DP*043
DTM*999*20070531
RMR*IK*725520070601*PI*382.75*382.75*0
REF*PO*0020070602
REF*ST*07255
REF*DP*043
DTM*999*20070601
RMR*IK*725520070602*PI*938.95*938.95*0
REF*PO*0020070603
REF*ST*07255
REF*DP*043
DTM*999*20070602
RMR*IK*725520070603*PI*557*557*0
REF*PO*0020070604
REF*ST*07255
REF*DP*043
DTM*999*20070603
RMR*IK*725520070604*PI*791.65*791.65*0
REF*PO*0020070605
REF*ST*07255
REF*DP*043
DTM*999*20070604
RMR*IK*725520070605*PI*514.25*514.25*0
REF*PO*0020070606
REF*ST*07255
REF*DP*043
DTM*999*20070605
RMR*IK*725520070606*PI*388.9*388.9*0
REF*PO*0020070607
REF*ST*07255
REF*DP*043
DTM*999*20070606
RMR*IK*735420070531*PI*101.5*101.5*0
REF*PO*0020070601
REF*ST*07354
REF*DP*043
DTM*999*20070531
RMR*IK*735420070601*PI*220.1*220.1*0
REF*PO*0020070602
REF*ST*07354
REF*DP*043
DTM*999*20070601
RMR*IK*735420070602*PI*648.5*648.5*0
REF*PO*0020070603
REF*ST*07354
REF*DP*043
DTM*999*20070602
RMR*IK*735420070603*PI*266.75*266.75*0
REF*PO*0020070604
REF*ST*07354
REF*DP*043
DTM*999*20070603
RMR*IK*735420070604*PI*301.15*301.15*0
REF*PO*0020070605
REF*ST*07354
REF*DP*043
DTM*999*20070604
RMR*IK*735420070605*PI*346.15*346.15*0
REF*PO*0020070606
REF*ST*07354
REF*DP*043
DTM*999*20070605
RMR*IK*735420070606*PI*175.7*175.7*0
REF*PO*0020070607
REF*ST*07354
REF*DP*043
DTM*999*20070606
RMR*IK*735820070531*PI*336.7*336.7*0
REF*PO*0020070601
REF*ST*07358
REF*DP*043
DTM*999*20070531
RMR*IK*735820070601*PI*746.05*746.05*0
REF*PO*0020070602
REF*ST*07358
REF*DP*043
DTM*999*20070601
RMR*IK*735820070602*PI*807.95*807.95*0
REF*PO*0020070603
REF*ST*07358
REF*DP*043
DTM*999*20070602
RMR*IK*735820070603*PI*899*899*0
REF*PO*0020070604
REF*ST*07358
REF*DP*043
DTM*999*20070603
RMR*IK*735820070604*PI*724.4*724.4*0
REF*PO*0020070605
REF*ST*07358
REF*DP*043
DTM*999*20070604
RMR*IK*735820070605*PI*414.5*414.5*0
REF*PO*0020070606
REF*ST*07358
REF*DP*043
DTM*999*20070605
RMR*IK*735820070606*PI*488.35*488.35*0
REF*PO*0020070607
REF*ST*07358
REF*DP*043
DTM*999*20070606
RMR*IK*736020070531*PI*1.25*1.25*0
REF*PO*0020070601
REF*ST*07360
REF*DP*043
DTM*999*20070531
RMR*IK*736020070601*PI*16.05*16.05*0
REF*PO*0020070602
REF*ST*07360
REF*DP*043
DTM*999*20070601
RMR*IK*736020070602*PI*3.75*3.75*0
REF*PO*0020070603
REF*ST*07360
REF*DP*043
DTM*999*20070602
RMR*IK*736020070603*PI*33.05*33.05*0
REF*PO*0020070604
REF*ST*07360
REF*DP*043
DTM*999*20070603
RMR*IK*736020070604*PI*20.3*20.3*0
REF*PO*0020070605
REF*ST*07360
REF*DP*043
DTM*999*20070604
RMR*IK*736020070605*PI*2.6*2.6*0
REF*PO*0020070606
REF*ST*07360
REF*DP*043
DTM*999*20070605
RMR*IK*736020070606*PI*12.75*12.75*0
REF*PO*0020070607
REF*ST*07360
REF*DP*043
DTM*999*20070606
RMR*IK*736220070531*PI*26.7*26.7*0
REF*PO*0020070601
REF*ST*07362
REF*DP*043
DTM*999*20070531
RMR*IK*736220070601*PI*10.65*10.65*0
REF*PO*0020070602
REF*ST*07362
REF*DP*043
DTM*999*20070601
RMR*IK*736220070602*PI*68.75*68.75*0
REF*PO*0020070603
REF*ST*07362
REF*DP*043
DTM*999*20070602
RMR*IK*736220070603*PI*60*60*0
REF*PO*0020070604
REF*ST*07362
REF*DP*043
DTM*999*20070603
RMR*IK*736220070604*PI*72.8*72.8*0
REF*PO*0020070605
REF*ST*07362
REF*DP*043
DTM*999*20070604
RMR*IK*736220070605*PI*66.5*66.5*0
REF*PO*0020070606
REF*ST*07362
REF*DP*043
DTM*999*20070605
RMR*IK*736220070606*PI*40*40*0
REF*PO*0020070607
REF*ST*07362
REF*DP*043
DTM*999*20070606
RMR*IK*738820070531*PI*33.65*33.65*0
REF*PO*0020070601
REF*ST*07388
REF*DP*043
DTM*999*20070531
RMR*IK*738820070601*PI*48.55*48.55*0
REF*PO*0020070602
REF*ST*07388
REF*DP*043
DTM*999*20070601
RMR*IK*738820070602*PI*37.05*37.05*0
REF*PO*0020070603
REF*ST*07388
REF*DP*043
DTM*999*20070602
RMR*IK*738820070603*PI*30.45*30.45*0
REF*PO*0020070604
REF*ST*07388
REF*DP*043
DTM*999*20070603
RMR*IK*738820070604*PI*22.45*22.45*0
REF*PO*0020070605
REF*ST*07388
REF*DP*043
DTM*999*20070604
RMR*IK*738820070605*PI*7.85*7.85*0
REF*PO*0020070606
REF*ST*07388
REF*DP*043
DTM*999*20070605
RMR*IK*738820070606*PI*49.45*49.45*0
REF*PO*0020070607
REF*ST*07388
REF*DP*043
DTM*999*20070606
RMR*IK*739720070601*PI*26.25*26.25*0
REF*PO*0020070602
REF*ST*07397
REF*DP*043
DTM*999*20070601
RMR*IK*739720070603*PI*26.25*26.25*0
REF*PO*0020070604
REF*ST*07397
REF*DP*043
DTM*999*20070603
RMR*IK*739720070604*PI*10.5*10.5*0
REF*PO*0020070605
REF*ST*07397
REF*DP*043
DTM*999*20070604
RMR*IK*739720070606*PI*15.75*15.75*0
REF*PO*0020070607
REF*ST*07397
REF*DP*043
DTM*999*20070606
RMR*IK*743720070531*PI*11.35*11.35*0
REF*PO*0020070601
REF*ST*07437
REF*DP*043
DTM*999*20070531
RMR*IK*743720070601*PI*6.6*6.6*0
REF*PO*0020070602
REF*ST*07437
REF*DP*043
DTM*999*20070601
RMR*IK*743720070602*PI*50.9*50.9*0
REF*PO*0020070603
REF*ST*07437
REF*DP*043
DTM*999*20070602
RMR*IK*743720070603*PI*39.8*39.8*0
REF*PO*0020070604
REF*ST*07437
REF*DP*043
DTM*999*20070603
RMR*IK*743720070604*PI*5.4*5.4*0
REF*PO*0020070605
REF*ST*07437
REF*DP*043
DTM*999*20070604
RMR*IK*743720070605*PI*8.95*8.95*0
REF*PO*0020070606
REF*ST*07437
REF*DP*043
DTM*999*20070605
RMR*IK*743720070606*PI*31.55*31.55*0
REF*PO*0020070607
REF*ST*07437
REF*DP*043
DTM*999*20070606
RMR*IK*746020070531*PI*183.05*183.05*0
REF*PO*0020070601
REF*ST*07460
REF*DP*043
DTM*999*20070531
RMR*IK*746020070601*PI*120.35*120.35*0
REF*PO*0020070602
REF*ST*07460
REF*DP*043
DTM*999*20070601
RMR*IK*746020070602*PI*472.25*472.25*0
REF*PO*0020070603
REF*ST*07460
REF*DP*043
DTM*999*20070602
RMR*IK*746020070603*PI*142.4*142.4*0
REF*PO*0020070604
REF*ST*07460
REF*DP*043
DTM*999*20070603
RMR*IK*746020070604*PI*158*158*0
REF*PO*0020070605
REF*ST*07460
REF*DP*043
DTM*999*20070604
RMR*IK*746020070605*PI*94.1*94.1*0
REF*PO*0020070606
REF*ST*07460
REF*DP*043
DTM*999*20070605
RMR*IK*746020070606*PI*104.45*104.45*0
REF*PO*0020070607
REF*ST*07460
REF*DP*043
DTM*999*20070606
RMR*IK*746120070531*PI*135.05*135.05*0
REF*PO*0020070601
REF*ST*07461
REF*DP*043
DTM*999*20070531
RMR*IK*746120070601*PI*128.95*128.95*0
REF*PO*0020070602
REF*ST*07461
REF*DP*043
DTM*999*20070601
RMR*IK*746120070602*PI*133.6*133.6*0
REF*PO*0020070603
REF*ST*07461
REF*DP*043
DTM*999*20070602
RMR*IK*746120070603*PI*107.15*107.15*0
REF*PO*0020070604
REF*ST*07461
REF*DP*043
DTM*999*20070603
RMR*IK*746120070604*PI*107.85*107.85*0
REF*PO*0020070605
REF*ST*07461
REF*DP*043
DTM*999*20070604
RMR*IK*746120070605*PI*76.8*76.8*0
REF*PO*0020070606
REF*ST*07461
REF*DP*043
DTM*999*20070605
RMR*IK*746120070606*PI*122.8*122.8*0
REF*PO*0020070607
REF*ST*07461
REF*DP*043
DTM*999*20070606
RMR*IK*747720070531*PI*10.5*10.5*0
REF*PO*0020070601
REF*ST*07477
REF*DP*043
DTM*999*20070531
RMR*IK*747720070601*PI*10.5*10.5*0
REF*PO*0020070602
REF*ST*07477
REF*DP*043
DTM*999*20070601
RMR*IK*747720070603*PI*5.25*5.25*0
REF*PO*0020070604
REF*ST*07477
REF*DP*043
DTM*999*20070603
RMR*IK*747720070605*PI*5.25*5.25*0
REF*PO*0020070606
REF*ST*07477
REF*DP*043
DTM*999*20070605
RMR*IK*755820070531*PI*56.2*56.2*0
REF*PO*0020070601
REF*ST*07558
REF*DP*043
DTM*999*20070531
RMR*IK*755820070601*PI*51.9*51.9*0
REF*PO*0020070602
REF*ST*07558
REF*DP*043
DTM*999*20070601
RMR*IK*755820070602*PI*132.55*132.55*0
REF*PO*0020070603
REF*ST*07558
REF*DP*043
DTM*999*20070602
RMR*IK*755820070603*PI*39.45*39.45*0
REF*PO*0020070604
REF*ST*07558
REF*DP*043
DTM*999*20070603
RMR*IK*755820070604*PI*49.2*49.2*0
REF*PO*0020070605
REF*ST*07558
REF*DP*043
DTM*999*20070604
RMR*IK*755820070605*PI*108.2*108.2*0
REF*PO*0020070606
REF*ST*07558
REF*DP*043
DTM*999*20070605
RMR*IK*755820070606*PI*65.6*65.6*0
REF*PO*0020070607
REF*ST*07558
REF*DP*043
DTM*999*20070606
RMR*IK*760720070531*PI*408.8*408.8*0
REF*PO*0020070601
REF*ST*07607
REF*DP*043
DTM*999*20070531
RMR*IK*760720070601*PI*525.45*525.45*0
REF*PO*0020070602
REF*ST*07607
REF*DP*043
DTM*999*20070601
RMR*IK*760720070602*PI*309.55*309.55*0
REF*PO*0020070603
REF*ST*07607
REF*DP*043
DTM*999*20070602
RMR*IK*760720070603*PI*386.55*386.55*0
REF*PO*0020070604
REF*ST*07607
REF*DP*043
DTM*999*20070603
RMR*IK*760720070604*PI*275.1*275.1*0
REF*PO*0020070605
REF*ST*07607
REF*DP*043
DTM*999*20070604
RMR*IK*760720070605*PI*351.25*351.25*0
REF*PO*0020070606
REF*ST*07607
REF*DP*043
DTM*999*20070605
RMR*IK*760720070606*PI*416.9*416.9*0
REF*PO*0020070607
REF*ST*07607
REF*DP*043
DTM*999*20070606
RMR*IK*761020070531*PI*176.35*176.35*0
REF*PO*0020070601
REF*ST*07610
REF*DP*043
DTM*999*20070531
RMR*IK*761020070601*PI*292.6*292.6*0
REF*PO*0020070602
REF*ST*07610
REF*DP*043
DTM*999*20070601
RMR*IK*761020070602*PI*315.4*315.4*0
REF*PO*0020070603
REF*ST*07610
REF*DP*043
DTM*999*20070602
RMR*IK*761020070603*PI*150.65*150.65*0
REF*PO*0020070604
REF*ST*07610
REF*DP*043
DTM*999*20070603
RMR*IK*761020070604*PI*114.45*114.45*0
REF*PO*0020070605
REF*ST*07610
REF*DP*043
DTM*999*20070604
RMR*IK*761020070605*PI*102.75*102.75*0
REF*PO*0020070606
REF*ST*07610
REF*DP*043
DTM*999*20070605
RMR*IK*761020070606*PI*281.05*281.05*0
REF*PO*0020070607
REF*ST*07610
REF*DP*043
DTM*999*20070606
RMR*IK*762920070531*PI*158.45*158.45*0
REF*PO*0020070601
REF*ST*07629
REF*DP*043
DTM*999*20070531
RMR*IK*762920070601*PI*120*120*0
REF*PO*0020070602
REF*ST*07629
REF*DP*043
DTM*999*20070601
RMR*IK*762920070602*PI*243.65*243.65*0
REF*PO*0020070603
REF*ST*07629
REF*DP*043
DTM*999*20070602
RMR*IK*762920070603*PI*185.75*185.75*0
REF*PO*0020070604
REF*ST*07629
REF*DP*043
DTM*999*20070603
RMR*IK*762920070604*PI*125.65*125.65*0
REF*PO*0020070605
REF*ST*07629
REF*DP*043
DTM*999*20070604
RMR*IK*762920070605*PI*66.5*66.5*0
REF*PO*0020070606
REF*ST*07629
REF*DP*043
DTM*999*20070605
RMR*IK*762920070606*PI*66.35*66.35*0
REF*PO*0020070607
REF*ST*07629
REF*DP*043
DTM*999*20070606
RMR*IK*763720070531*PI*1.8*1.8*0
REF*PO*0020070601
REF*ST*07637
REF*DP*043
DTM*999*20070531
RMR*IK*763720070601*PI*46.95*46.95*0
REF*PO*0020070602
REF*ST*07637
REF*DP*043
DTM*999*20070601
RMR*IK*763720070602*PI*33*33*0
REF*PO*0020070603
REF*ST*07637
REF*DP*043
DTM*999*20070602
RMR*IK*763720070603*PI*6.6*6.6*0
REF*PO*0020070604
REF*ST*07637
REF*DP*043
DTM*999*20070603
RMR*IK*763720070604*PI*33.1*33.1*0
REF*PO*0020070605
REF*ST*07637
REF*DP*043
DTM*999*20070604
RMR*IK*763720070605*PI*24.8*24.8*0
REF*PO*0020070606
REF*ST*07637
REF*DP*043
DTM*999*20070605
RMR*IK*763720070606*PI*19.95*19.95*0
REF*PO*0020070607
REF*ST*07637
REF*DP*043
DTM*999*20070606
RMR*IK*771820070531*PI*165.15*165.15*0
REF*PO*0020070601
REF*ST*07718
REF*DP*043
DTM*999*20070531
RMR*IK*771820070601*PI*399.65*399.65*0
REF*PO*0020070602
REF*ST*07718
REF*DP*043
DTM*999*20070601
RMR*IK*771820070602*PI*526.25*526.25*0
REF*PO*0020070603
REF*ST*07718
REF*DP*043
DTM*999*20070602
RMR*IK*771820070603*PI*287.9*287.9*0
REF*PO*0020070604
REF*ST*07718
REF*DP*043
DTM*999*20070603
RMR*IK*771820070604*PI*489.6*489.6*0
REF*PO*0020070605
REF*ST*07718
REF*DP*043
DTM*999*20070604
RMR*IK*771820070605*PI*160.2*160.2*0
REF*PO*0020070606
REF*ST*07718
REF*DP*043
DTM*999*20070605
RMR*IK*771820070606*PI*209.35*209.35*0
REF*PO*0020070607
REF*ST*07718
REF*DP*043
DTM*999*20070606
RMR*IK*771920070531*PI*97.75*97.75*0
REF*PO*0020070601
REF*ST*07719
REF*DP*043
DTM*999*20070531
RMR*IK*771920070601*PI*146.35*146.35*0
REF*PO*0020070602
REF*ST*07719
REF*DP*043
DTM*999*20070601
RMR*IK*771920070602*PI*109.5*109.5*0
REF*PO*0020070603
REF*ST*07719
REF*DP*043
DTM*999*20070602
RMR*IK*771920070603*PI*36.15*36.15*0
REF*PO*0020070604
REF*ST*07719
REF*DP*043
DTM*999*20070603
RMR*IK*771920070604*PI*33.3*33.3*0
REF*PO*0020070605
REF*ST*07719
REF*DP*043
DTM*999*20070604
RMR*IK*771920070605*PI*53.45*53.45*0
REF*PO*0020070606
REF*ST*07719
REF*DP*043
DTM*999*20070605
RMR*IK*771920070606*PI*45.45*45.45*0
REF*PO*0020070607
REF*ST*07719
REF*DP*043
DTM*999*20070606
RMR*IK*921720070531*PI*59.55*59.55*0
REF*PO*0020070601
REF*ST*09217
REF*DP*043
DTM*999*20070531
RMR*IK*921720070601*PI*29.9*29.9*0
REF*PO*0020070602
REF*ST*09217
REF*DP*043
DTM*999*20070601
RMR*IK*921720070602*PI*5.4*5.4*0
REF*PO*0020070603
REF*ST*09217
REF*DP*043
DTM*999*20070602
RMR*IK*921720070603*PI*18.65*18.65*0
REF*PO*0020070604
REF*ST*09217
REF*DP*043
DTM*999*20070603
RMR*IK*921720070604*PI*23.5*23.5*0
REF*PO*0020070605
REF*ST*09217
REF*DP*043
DTM*999*20070604
RMR*IK*921720070605*PI*30.1*30.1*0
REF*PO*0020070606
REF*ST*09217
REF*DP*043
DTM*999*20070605
RMR*IK*921720070606*PI*10.5*10.5*0
REF*PO*0020070607
REF*ST*09217
REF*DP*043
DTM*999*20070606
RMR*IK*951320070531*PI*72.85*72.85*0
REF*PO*0020070602
REF*ST*09513
REF*DP*043
DTM*999*20070531
RMR*IK*951320070601*PI*471.9*471.9*0
REF*PO*0020070602
REF*ST*09513
REF*DP*043
DTM*999*20070601
RMR*IK*951320070602*PI*480.5*480.5*0
REF*PO*0020070603
REF*ST*09513
REF*DP*043
DTM*999*20070602
RMR*IK*951320070603*PI*312.9*312.9*0
REF*PO*0020070604
REF*ST*09513
REF*DP*043
DTM*999*20070603
RMR*IK*951320070604*PI*349.95*349.95*0
REF*PO*0020070605
REF*ST*09513
REF*DP*043
DTM*999*20070604
RMR*IK*951320070605*PI*205*205*0
REF*PO*0020070606
REF*ST*09513
REF*DP*043
DTM*999*20070605
RMR*IK*951320070606*PI*197.5*197.5*0
REF*PO*0020070607
REF*ST*09513
REF*DP*043
DTM*999*20070606
RMR*IK*956020070531*PI*10.35*10.35*0
REF*PO*0020070601
REF*ST*09560
REF*DP*043
DTM*999*20070531
RMR*IK*956020070601*PI*22.7*22.7*0
REF*PO*0020070602
REF*ST*09560
REF*DP*043
DTM*999*20070601
RMR*IK*956020070602*PI*105.8*105.8*0
REF*PO*0020070603
REF*ST*09560
REF*DP*043
DTM*999*20070602
RMR*IK*956020070603*PI*48.3*48.3*0
REF*PO*0020070604
REF*ST*09560
REF*DP*043
DTM*999*20070603
RMR*IK*956020070604*PI*69.15*69.15*0
REF*PO*0020070605
REF*ST*09560
REF*DP*043
DTM*999*20070604
RMR*IK*956020070605*PI*54.5*54.5*0
REF*PO*0020070606
REF*ST*09560
REF*DP*043
DTM*999*20070605
RMR*IK*956020070606*PI*68.65*68.65*0
REF*PO*0020070607
REF*ST*09560
REF*DP*043
DTM*999*20070606
RMR*IK*957120070531*PI*13.55*13.55*0
REF*PO*0020070601
REF*ST*09571
REF*DP*043
DTM*999*20070531
RMR*IK*957120070601*PI*124.3*124.3*0
REF*PO*0020070602
REF*ST*09571
REF*DP*043
DTM*999*20070601
RMR*IK*957120070602*PI*70.25*70.25*0
REF*PO*0020070603
REF*ST*09571
REF*DP*043
DTM*999*20070602
RMR*IK*957120070603*PI*74.1*74.1*0
REF*PO*0020070604
REF*ST*09571
REF*DP*043
DTM*999*20070603
RMR*IK*957120070604*PI*34.4*34.4*0
REF*PO*0020070605
REF*ST*09571
REF*DP*043
DTM*999*20070604
RMR*IK*957120070605*PI*72*72*0
REF*PO*0020070606
REF*ST*09571
REF*DP*043
DTM*999*20070605
RMR*IK*957120070606*PI*34.7*34.7*0
REF*PO*0020070607
REF*ST*09571
REF*DP*043
DTM*999*20070606
RMR*IK*962020070531*PI*120.25*120.25*0
REF*PO*0020070601
REF*ST*09620
REF*DP*043
DTM*999*20070531
RMR*IK*962020070601*PI*167.65*167.65*0
REF*PO*0020070602
REF*ST*09620
REF*DP*043
DTM*999*20070601
RMR*IK*962020070602*PI*233.65*233.65*0
REF*PO*0020070603
REF*ST*09620
REF*DP*043
DTM*999*20070602
RMR*IK*962020070603*PI*129.45*129.45*0
REF*PO*0020070604
REF*ST*09620
REF*DP*043
DTM*999*20070603
RMR*IK*962020070604*PI*117.6*117.6*0
REF*PO*0020070605
REF*ST*09620
REF*DP*043
DTM*999*20070604
RMR*IK*962020070605*PI*108.5*108.5*0
REF*PO*0020070606
REF*ST*09620
REF*DP*043
DTM*999*20070605
RMR*IK*962020070606*PI*59.55*59.55*0
REF*PO*0020070607
REF*ST*09620
REF*DP*043
DTM*999*20070606
RMR*IK*962120070531*PI*94.3*94.3*0
REF*PO*0020070601
REF*ST*09621
REF*DP*043
DTM*999*20070531
RMR*IK*962120070601*PI*280.05*280.05*0
REF*PO*0020070602
REF*ST*09621
REF*DP*043
DTM*999*20070601
RMR*IK*962120070602*PI*434.6*434.6*0
REF*PO*0020070603
REF*ST*09621
REF*DP*043
DTM*999*20070602
RMR*IK*962120070603*PI*267.3*267.3*0
REF*PO*0020070604
REF*ST*09621
REF*DP*043
DTM*999*20070603
RMR*IK*962120070604*PI*195.15*195.15*0
REF*PO*0020070605
REF*ST*09621
REF*DP*043
DTM*999*20070604
RMR*IK*962120070605*PI*208.15*208.15*0
REF*PO*0020070606
REF*ST*09621
REF*DP*043
DTM*999*20070605
RMR*IK*962120070606*PI*106.35*106.35*0
REF*PO*0020070607
REF*ST*09621
REF*DP*043
DTM*999*20070606
RMR*IK*962220070531*PI*12.2*12.2*0
REF*PO*0020070601
REF*ST*09622
REF*DP*043
DTM*999*20070531
RMR*IK*962220070601*PI*33.7*33.7*0
REF*PO*0020070602
REF*ST*09622
REF*DP*043
DTM*999*20070601
RMR*IK*962220070602*PI*18.25*18.25*0
REF*PO*0020070603
REF*ST*09622
REF*DP*043
DTM*999*20070602
RMR*IK*962220070603*PI*22.55*22.55*0
REF*PO*0020070604
REF*ST*09622
REF*DP*043
DTM*999*20070603
RMR*IK*962220070604*PI*20.45*20.45*0
REF*PO*0020070605
REF*ST*09622
REF*DP*043
DTM*999*20070604
RMR*IK*962220070606*PI*56.35*56.35*0
REF*PO*0020070607
REF*ST*09622
REF*DP*043
DTM*999*20070606
RMR*IK*962520070531*PI*66.15*66.15*0
REF*PO*0020070601
REF*ST*09625
REF*DP*043
DTM*999*20070531
RMR*IK*962520070602*PI*49.85*49.85*0
REF*PO*0020070603
REF*ST*09625
REF*DP*043
DTM*999*20070602
RMR*IK*962520070603*PI*116.2*116.2*0
REF*PO*0020070604
REF*ST*09625
REF*DP*043
DTM*999*20070603
RMR*IK*962520070604*PI*11.8*11.8*0
REF*PO*0020070605
REF*ST*09625
REF*DP*043
DTM*999*20070604
RMR*IK*962520070605*PI*45.9*45.9*0
REF*PO*0020070606
REF*ST*09625
REF*DP*043
DTM*999*20070605
RMR*IK*962520070606*PI*40.5*40.5*0
REF*PO*0020070607
REF*ST*09625
REF*DP*043
DTM*999*20070606
RMR*IK*962920070531*PI*77.55*77.55*0
REF*PO*0020070601
REF*ST*09629
REF*DP*043
DTM*999*20070531
RMR*IK*962920070601*PI*146.55*146.55*0
REF*PO*0020070602
REF*ST*09629
REF*DP*043
DTM*999*20070601
RMR*IK*962920070602*PI*243.85*243.85*0
REF*PO*0020070603
REF*ST*09629
REF*DP*043
DTM*999*20070602
RMR*IK*962920070603*PI*235.4*235.4*0
REF*PO*0020070604
REF*ST*09629
REF*DP*043
DTM*999*20070603
RMR*IK*962920070604*PI*51.8*51.8*0
REF*PO*0020070605
REF*ST*09629
REF*DP*043
DTM*999*20070604
RMR*IK*962920070605*PI*89.2*89.2*0
REF*PO*0020070606
REF*ST*09629
REF*DP*043
DTM*999*20070605
RMR*IK*962920070606*PI*79.75*79.75*0
REF*PO*0020070607
REF*ST*09629
REF*DP*043
DTM*999*20070606
RMR*IK*963320070531*PI*455.1*455.1*0
REF*PO*0020070601
REF*ST*09633
REF*DP*043
DTM*999*20070531
RMR*IK*963320070601*PI*520.35*520.35*0
REF*PO*0020070602
REF*ST*09633
REF*DP*043
DTM*999*20070601
RMR*IK*963320070602*PI*662.95*662.95*0
REF*PO*0020070603
REF*ST*09633
REF*DP*043
DTM*999*20070602
RMR*IK*963320070603*PI*372.9*372.9*0
REF*PO*0020070604
REF*ST*09633
REF*DP*043
DTM*999*20070603
RMR*IK*963320070604*PI*422.25*422.25*0
REF*PO*0020070605
REF*ST*09633
REF*DP*043
DTM*999*20070604
RMR*IK*963320070605*PI*565.8*565.8*0
REF*PO*0020070606
REF*ST*09633
REF*DP*043
DTM*999*20070605
RMR*IK*963320070606*PI*439.85*439.85*0
REF*PO*0020070607
REF*ST*09633
REF*DP*043
DTM*999*20070606
RMR*IK*963920070531*PI*25.35*25.35*0
REF*PO*0020070601
REF*ST*09639
REF*DP*043
DTM*999*20070531
RMR*IK*963920070601*PI*56.4*56.4*0
REF*PO*0020070602
REF*ST*09639
REF*DP*043
DTM*999*20070601
RMR*IK*963920070602*PI*99.4*99.4*0
REF*PO*0020070603
REF*ST*09639
REF*DP*043
DTM*999*20070602
RMR*IK*963920070603*PI*56.4*56.4*0
REF*PO*0020070604
REF*ST*09639
REF*DP*043
DTM*999*20070603
RMR*IK*963920070604*PI*16.5*16.5*0
REF*PO*0020070605
REF*ST*09639
REF*DP*043
DTM*999*20070604
RMR*IK*963920070605*PI*75.9*75.9*0
REF*PO*0020070606
REF*ST*09639
REF*DP*043
DTM*999*20070605
RMR*IK*963920070606*PI*29.85*29.85*0
REF*PO*0020070607
REF*ST*09639
REF*DP*043
DTM*999*20070606
RMR*IK*964820070531*PI*261.8*261.8*0
REF*PO*0020070601
REF*ST*09648
REF*DP*043
DTM*999*20070531
RMR*IK*964820070601*PI*485.9*485.9*0
REF*PO*0020070602
REF*ST*09648
REF*DP*043
DTM*999*20070601
RMR*IK*964820070602*PI*362.85*362.85*0
REF*PO*0020070603
REF*ST*09648
REF*DP*043
DTM*999*20070602
RMR*IK*964820070603*PI*312.05*312.05*0
REF*PO*0020070604
REF*ST*09648
REF*DP*043
DTM*999*20070603
RMR*IK*964820070604*PI*350.45*350.45*0
REF*PO*0020070605
REF*ST*09648
REF*DP*043
DTM*999*20070604
RMR*IK*964820070605*PI*324.5*324.5*0
REF*PO*0020070606
REF*ST*09648
REF*DP*043
DTM*999*20070605
RMR*IK*964820070606*PI*212.45*212.45*0
REF*PO*0020070607
REF*ST*09648
REF*DP*043
DTM*999*20070606
RMR*IK*967420070531*PI*247.35*247.35*0
REF*PO*0020070601
REF*ST*09674
REF*DP*043
DTM*999*20070531
RMR*IK*967420070601*PI*271.4*271.4*0
REF*PO*0020070602
REF*ST*09674
REF*DP*043
DTM*999*20070601
RMR*IK*967420070602*PI*315.25*315.25*0
REF*PO*0020070603
REF*ST*09674
REF*DP*043
DTM*999*20070602
RMR*IK*967420070603*PI*208.35*208.35*0
REF*PO*0020070604
REF*ST*09674
REF*DP*043
DTM*999*20070603
RMR*IK*967420070604*PI*326.55*326.55*0
REF*PO*0020070605
REF*ST*09674
REF*DP*043
DTM*999*20070604
RMR*IK*967420070605*PI*272.5*272.5*0
REF*PO*0020070606
REF*ST*09674
REF*DP*043
DTM*999*20070605
RMR*IK*967420070606*PI*290.05*290.05*0
REF*PO*0020070607
REF*ST*09674
REF*DP*043
DTM*999*20070606
RMR*IK*971420070531*PI*59.15*59.15*0
REF*PO*0020070601
REF*ST*09714
REF*DP*043
DTM*999*20070531
RMR*IK*971420070601*PI*32.55*32.55*0
REF*PO*0020070602
REF*ST*09714
REF*DP*043
DTM*999*20070601
RMR*IK*971420070602*PI*71.7*71.7*0
REF*PO*0020070603
REF*ST*09714
REF*DP*043
DTM*999*20070602
RMR*IK*971420070603*PI*21.7*21.7*0
REF*PO*0020070604
REF*ST*09714
REF*DP*043
DTM*999*20070603
RMR*IK*971420070604*PI*7.35*7.35*0
REF*PO*0020070605
REF*ST*09714
REF*DP*043
DTM*999*20070604
RMR*IK*971420070605*PI*23.1*23.1*0
REF*PO*0020070606
REF*ST*09714
REF*DP*043
DTM*999*20070605
RMR*IK*971420070606*PI*8.95*8.95*0
REF*PO*0020070607
REF*ST*09714
REF*DP*043
DTM*999*20070606
RMR*IK*972820070531*PI*48.2*48.2*0
REF*PO*0020070601
REF*ST*09728
REF*DP*043
DTM*999*20070531
RMR*IK*972820070601*PI*80.1*80.1*0
REF*PO*0020070602
REF*ST*09728
REF*DP*043
DTM*999*20070601
RMR*IK*972820070602*PI*131.55*131.55*0
REF*PO*0020070603
REF*ST*09728
REF*DP*043
DTM*999*20070602
RMR*IK*972820070603*PI*113.5*113.5*0
REF*PO*0020070604
REF*ST*09728
REF*DP*043
DTM*999*20070603
RMR*IK*972820070604*PI*70.75*70.75*0
REF*PO*0020070605
REF*ST*09728
REF*DP*043
DTM*999*20070604
RMR*IK*972820070605*PI*41.65*41.65*0
REF*PO*0020070606
REF*ST*09728
REF*DP*043
DTM*999*20070605
RMR*IK*972820070606*PI*51.8*51.8*0
REF*PO*0020070607
REF*ST*09728
REF*DP*043
DTM*999*20070606
RMR*IK*973520070531*PI*143.9*143.9*0
REF*PO*0020070601
REF*ST*09735
REF*DP*043
DTM*999*20070531
RMR*IK*973520070601*PI*161.25*161.25*0
REF*PO*0020070602
REF*ST*09735
REF*DP*043
DTM*999*20070601
RMR*IK*973520070602*PI*202.25*202.25*0
REF*PO*0020070603
REF*ST*09735
REF*DP*043
DTM*999*20070602
RMR*IK*973520070603*PI*114.35*114.35*0
REF*PO*0020070604
REF*ST*09735
REF*DP*043
DTM*999*20070603
RMR*IK*973520070604*PI*180.25*180.25*0
REF*PO*0020070605
REF*ST*09735
REF*DP*043
DTM*999*20070604
RMR*IK*973520070605*PI*136.7*136.7*0
REF*PO*0020070606
REF*ST*09735
REF*DP*043
DTM*999*20070605
RMR*IK*973520070606*PI*77.9*77.9*0
REF*PO*0020070607
REF*ST*09735
REF*DP*043
DTM*999*20070606
RMR*IK*975820070531*PI*268*268*0
REF*PO*0020070601
REF*ST*09758
REF*DP*043
DTM*999*20070531
RMR*IK*975820070601*PI*286.1*286.1*0
REF*PO*0020070602
REF*ST*09758
REF*DP*043
DTM*999*20070601
RMR*IK*975820070602*PI*407.3*407.3*0
REF*PO*0020070603
REF*ST*09758
REF*DP*043
DTM*999*20070602
RMR*IK*975820070603*PI*237.3*237.3*0
REF*PO*0020070604
REF*ST*09758
REF*DP*043
DTM*999*20070603
RMR*IK*975820070604*PI*211.7*211.7*0
REF*PO*0020070605
REF*ST*09758
REF*DP*043
DTM*999*20070604
RMR*IK*975820070605*PI*293.3*293.3*0
REF*PO*0020070606
REF*ST*09758
REF*DP*043
DTM*999*20070605
RMR*IK*975820070606*PI*250.05*250.05*0
REF*PO*0020070607
REF*ST*09758
REF*DP*043
DTM*999*20070606
SE*4295*0001
GE*1*1000075
IEA*1*001000075
ISA*00*          *00*          *08*9254291001     *12*6154525825     *070703*0421*U*00400*000000066*0*P*>
GS*PD*9254291001*6154525825*20070703*0421*66*X*004010
ST*852*0001
XQ*H*20070703
N9*AD*T00000040
LIN**IN*002916611*ZZ*43*UP*831664001184*****DG*1*VS*00000
ZA*QS***006*20070702
CTP**UCP*2.1
SDQ*EA*ZZ*3063*1*3084*7*3143*2*3644*2*3646*3*3822*1*3848*1*3941*2*3996*1*4093*9
SDQ*EA*ZZ*4103*3*4244*6*4308*4*4717*3*4970*1*7076*4*7354*4*7358*5*7362*1*7607*5
SDQ*EA*ZZ*9513*1*9560*1*9620*2*9621*2*9629*1*9633*6*9728*1*9735*1*9758*10
CTT*1
SE*11*0001
ST*852*0002
XQ*H*20070703
N9*AD*T00000040
LIN**IN*016303311*ZZ*43*UP*831664001283*****DG*5*VS*00000
ZA*QS***006*20070702
CTP**UCP*6
SDQ*EA*ZZ*9648*1
CTT*1
SE*9*0002
ST*852*0003
XQ*H*20070703
N9*AD*T00000040
LIN**IN*025393811*ZZ*43*UP*831664001238*****DG*1*VS*00000
ZA*QS***006*20070702
CTP**UCP*6
SDQ*EA*ZZ*3103*1*3941*1*4093*4*4103*1*4308*1*7358*4*9648*1*9758*1
LIN**IN*025393811*ZZ*43*UP*831664001238*****DG*5*VS*00000
ZA*QS***006*20070702
CTP**UCP*6
SDQ*EA*ZZ*9758*1
CTT*2
SE*13*0003
ST*852*0004
XQ*H*20070703
N9*AD*T00000040
LIN**IN*025397611*ZZ*43*UP*831664001245*****DG*1*VS*00000
ZA*QS***006*20070702
CTP**UCP*3
SDQ*EA*ZZ*3063*1*3082*1*3084*6*3408*1*3644*2*3646*7*3672*1*3703*1*3713*2*3715*2
SDQ*EA*ZZ*3822*1*3836*1*3941*20*3978*2*4093*12*4103*2*4244*3*4970*1*7063*1*7066*1
SDQ*EA*ZZ*7076*4*7184*4*7255*1*7354*1*7358*1*7460*2*9513*1*9620*1*9629*4*9633*2
SDQ*EA*ZZ*9648*2*9735*3
CTT*1
SE*12*0004
ST*852*0005
XQ*H*20070703
N9*AD*T00000040
LIN**IN*025408511*ZZ*43*UP*831664001269*****DG*1*VS*00000
ZA*QS***006*20070702
CTP**UCP*2.1
SDQ*EA*ZZ*3084*5*3646*3*3703*3*3715*8*3822*3*3848*1*3941*2*4093*9*4103*1*4244*13
SDQ*EA*ZZ*4717*2*4719*1*4970*1*7132*2*7255*3*7354*5*7358*5*7607*3*9513*3*9633*4
SDQ*EA*ZZ*9648*1*9758*1
CTT*1
SE*11*0005
ST*852*0006
XQ*H*20070703
N9*AD*T00000040
LIN**IN*025412011*ZZ*43*UP*831664001276*****DG*1*VS*00000
ZA*QS***006*20070702
CTP**UCP*1.25
SDQ*EA*ZZ*3082*1*3083*2*3143*2*3646*1*3715*1*3996*2*4093*5*4103*2*4244*9*4312*6
SDQ*EA*ZZ*4717*1*4739*3*4970*2*7076*4*7184*7*7255*1*7358*5*9633*7*9648*1*9674*1
SDQ*EA*ZZ*9735*1*9758*2
CTT*1
SE*11*0006
ST*852*0007
XQ*H*20070703
N9*AD*T00000040
LIN**IN*033281811*ZZ*43*UP*831664001290*****DG*1*VS*00000
ZA*QS***006*20070702
CTP**UCP*3.3
SDQ*EA*ZZ*3143*2*3646*8*3703*1*4093*1*4103*4*4719*5*7184*9*7358*2*9758*1
CTT*1
SE*9*0007
ST*852*0008
XQ*H*20070703
N9*AD*T00000040
LIN**IN*044488711*ZZ*43*UP*831664001306*****DG*1*VS*00000
ZA*QS***006*20070702
CTP**UCP*4.5
SDQ*EA*ZZ*3646*6*3703*1*3848*3*3941*1*3966*2*4093*1*4103*1*4312*2*4717*3*7045*1
SDQ*EA*ZZ*7076*6*7255*2*7358*6*9633*2
LIN**IN*044488711*ZZ*43*UP*831664001306*****DG*5*VS*00000
ZA*QS***006*20070702
CTP**UCP*4.5
SDQ*EA*ZZ*9633*1
CTT*2
SE*14*0008
ST*852*0009
XQ*H*20070703
N9*AD*T00000040
LIN**IN*048848711*ZZ*43*UP*831664001153*****DG*1*VS*00000
ZA*QS***006*20070702
CTP**UCP*2.1
SDQ*EA*ZZ*4970*1
CTT*1
SE*9*0009
ST*852*0010
XQ*H*20070703
N9*AD*T00000040
LIN**IN*053241411*ZZ*43*UP*831664001313*****DG*1*VS*00000
ZA*QS***006*20070701
CTP**UCP*.4
SDQ*EA*ZZ*4198*1
ZA*QS***006*20070702
CTP**UCP*.4
SDQ*EA*ZZ*3083*1*3143*2*3646*7*3672*4*3713*20*3836*1*3848*7*4103*1*4189*1*4308*3
SDQ*EA*ZZ*4717*2*4739*2*4817*10*4970*2*7362*1*7610*9*7719*3*9648*2*9674*2*9758*21
CTT*1
SE*13*0010
ST*852*0011
XQ*H*20070703
N9*AD*T00000040
LIN**IN*059647211*ZZ*43*UP*831664001191*****DG*1*VS*00000
ZA*QS***006*20070702
CTP**UCP*4.95
SDQ*EA*ZZ*7358*10
LIN**IN*059647211*ZZ*43*UP*831664001191*****DG*5*VS*00000
ZA*QS***006*20070702
CTP**UCP*4.95
SDQ*EA*ZZ*9620*1
CTT*2
SE*13*0011
ST*852*0012
XQ*H*20070703
N9*AD*T00000040
LIN**IN*076496411*ZZ*43*UP*831664001320*****DG*1*VS*00000
ZA*QS***006*20070702
CTP**UCP*2.1
SDQ*EA*ZZ*3644*1*3646*6*3703*2*4093*1*4103*1*4244*3*4970*3*7184*2*7354*3*7358*2
SDQ*EA*ZZ*7607*3*9633*4
LIN**IN*076496411*ZZ*43*UP*831664001320*****DG*5*VS*00000
ZA*QS***006*20070702
CTP**UCP*2.1
SDQ*EA*ZZ*4970*1*9633*2
CTT*2
SE*14*0012
ST*852*0013
XQ*H*20070703
N9*AD*T00000040
LIN**IN*079180612*ZZ*43*UP*831664001368*****DG*1*VS*00000
ZA*QS***006*20070702
CTP**UCP*4.25
SDQ*EA*ZZ*3083*17*3084*8*3103*2*3348*3*3408*3*3644*6*3646*12*3703*11*3715*3*3822*5
SDQ*EA*ZZ*3836*3*3848*4*3941*6*4093*16*4244*4*4308*6*4717*11*4719*1*4753*4*4817*4
SDQ*EA*ZZ*4883*1*4970*1*7063*5*7066*2*7132*3*7184*20*7255*4*7354*2*7358*4*7397*1
SDQ*EA*ZZ*7460*1*7461*2*7607*2*7718*13*9620*1*9621*7*9633*3*9648*5*9674*1*9728*1
SDQ*EA*ZZ*9758*7
LIN**IN*079180612*ZZ*43*UP*831664001368*****DG*5*VS*00000
ZA*QS***006*20070702
CTP**UCP*4.25
SDQ*EA*ZZ*4244*5
LIN**IN*079180612*ZZ*43*UP*831664001368*****DG*8*VS*00000
ZA*QS***006*20070702
CTP**UCP*4.25
SDQ*EA*ZZ*3644*1*7354*4
CTT*3
SE*21*0013
ST*852*0014
XQ*H*20070703
N9*AD*T00000040
LIN**IN*096698911*ZZ*43*UP*831664001115*****DG*1*VS*00000
ZA*QS***006*20070702
CTP**UCP*8.75
SDQ*EA*ZZ*7255*3
CTT*1
SE*9*0014
ST*852*0015
XQ*H*20070703
N9*AD*T00000040
LIN**IN*096901411*ZZ*43*UP*831664001139*****DG*1*VS*00000
ZA*QS***006*20070702
CTP**UCP*1.95
SDQ*EA*ZZ*3644*3*3703*1*3713*1*3715*3*3822*1*4308*1*4719*1*7132*4*7610*1
LIN**IN*096901411*ZZ*43*UP*831664001139*****DG*5*VS*00000
ZA*QS***006*20070702
CTP**UCP*1.95
SDQ*EA*ZZ*9633*1
CTT*2
SE*13*0015
ST*852*0016
XQ*H*20070703
N9*AD*T00000040
LIN**IN*096901811*ZZ*43*UP*831664001122*****DG*1*VS*00000
ZA*QS***006*20070702
CTP**UCP*3
SDQ*EA*ZZ*3063*7*3084*4*3143*1*3194*1*3219*2*3408*8*3644*6*3646*2*3703*5*3715*2
SDQ*EA*ZZ*3848*3*3941*2*3996*1*4093*5*4244*2*4717*2*4719*4*4817*1*7045*1*7063*5
SDQ*EA*ZZ*7066*3*7076*4*7132*2*7184*1*7255*2*7558*2*7610*3*7629*1*7718*3*9620*3
SDQ*EA*ZZ*9633*6*9648*2*9728*3
CTT*1
SE*12*0016
ST*852*0017
XQ*H*20070703
N9*AD*T00000040
LIN**IN*097065711*ZZ*43*UP*831664000842*****DG*1*VS*00000
ZA*QS***006*20070702
CTP**UCP*5.25
SDQ*EA*ZZ*3103*1*3420*1*3957*2*3967*1*4717*1*7076*2*7132*2*7719*1
LIN**IN*097065711*ZZ*43*UP*831664000842*****DG*2*VS*00000
ZA*QS***006*20070702
CTP**UCP*5.25
SDQ*EA*ZZ*4189*-2
LIN**IN*097065711*ZZ*43*UP*831664000842*****DG*5*VS*00000
ZA*QS***006*20070702
CTP**UCP*5.25
SDQ*EA*ZZ*4071*2
LIN**IN*097065711*ZZ*43*UP*831664000842*****DG*8*VS*00000
ZA*QS***006*20070702
CTP**UCP*5.25
SDQ*EA*ZZ*4308*2
CTT*4
SE*21*0017
ST*852*0018
XQ*H*20070703
N9*AD*T00000040
LIN**IN*097095611*ZZ*43*UP*831664000019*****DG*1*VS*00000
ZA*QS***006*20070701
CTP**UCP*.55
SDQ*EA*ZZ*4198*2*5023*1
ZA*QS***006*20070702
CTP**UCP*.55
SDQ*EA*ZZ*3063*5*3082*8*3084*6*3103*2*3143*41*3194*2*3223*2*3602*10*3644*97*3646*35
SDQ*EA*ZZ*3660*4*3672*7*3675*1*3685*5*3703*18*3713*10*3715*17*3822*15*3848*20*3905*2
SDQ*EA*ZZ*3929*2*3941*12*3966*7*3978*2*3994*4*3996*2*4071*16*4093*34*4103*21*4122*2
SDQ*EA*ZZ*4189*1*4198*5*4244*22*4308*7*4312*36*4475*1*4717*4*4719*41*4739*3*4753*2
SDQ*EA*ZZ*4817*18*4835*3*4883*11*4970*16*7045*4*7059*7*7069*5*7076*74*7132*21*7146*1
SDQ*EA*ZZ*7154*1*7184*18*7255*28*7354*15*7358*95*7362*12*7437*3*7461*2*7558*13*7607*53
SDQ*EA*ZZ*7637*2*7719*1*9513*15*9620*2*9621*22*9622*5*9625*11*9629*13*9633*47*9639*11
SDQ*EA*ZZ*9648*63*9674*20*9714*6*9735*2*9758*31
LIN**IN*097095611*ZZ*43*UP*831664000019*****DG*3*VS*00000
ZA*QS***006*20070702
CTP**UCP*.55
SDQ*EA*ZZ*7610*64
LIN**IN*097095611*ZZ*43*UP*831664000019*****DG*5*VS*00000
ZA*QS***006*20070702
CTP**UCP*.55
SDQ*EA*ZZ*7358*1
LIN**IN*097095611*ZZ*43*UP*831664000019*****DG*9*VS*00000
ZA*QS***006*20070702
CTP**UCP*.55
SDQ*EA*ZZ*3359*5
CTT*4
SE*31*0018
ST*852*0019
XQ*H*20070703
N9*AD*T00000040
LIN**IN*097095711*ZZ*43*UP*831664000255*****DG*1*VS*00000
ZA*QS***006*20070701
CTP**UCP*.4
SDQ*EA*ZZ*5023*1
ZA*QS***006*20070702
CTP**UCP*.4
SDQ*EA*ZZ*3083*1*3084*2*3143*5*3644*13*3646*18*3672*1*3713*1*3848*3*4103*1*4244*1
SDQ*EA*ZZ*4717*1*4719*8*4817*1*4835*3*4970*3*7354*1*7558*7*9621*4*9633*4*9648*2
CTT*1
SE*13*0019
ST*852*0020
XQ*H*20070703
N9*AD*T00000040
LIN**IN*097095811*ZZ*43*UP*831664000699*****DG*1*VS*00000
ZA*QS***006*20070702
CTP**UCP*.4
SDQ*EA*ZZ*3672*1*4717*9*4769*2*4970*7*7362*1*9633*5
CTT*1
SE*9*0020
ST*852*0021
XQ*H*20070703
N9*AD*T00000040
LIN**IN*097095911*ZZ*43*UP*831664000675*****DG*1*VS*00000
ZA*QS***006*20070702
CTP**UCP*1.25
SDQ*EA*ZZ*3083*2*3084*3*3143*6*3644*5*3646*2*3660*2*3941*1*4093*1*4103*4*4244*3
SDQ*EA*ZZ*4312*1*4717*1*4719*2*4723*2*4739*8*7358*22*7362*1*7607*2*7610*3*9629*3
SDQ*EA*ZZ*9648*9*9735*1
CTT*1
SE*11*0021
ST*852*0022
XQ*H*20070703
N9*AD*T00000040
LIN**IN*097096011*ZZ*43*UP*831664000682*****DG*1*VS*00000
ZA*QS***006*20070702
CTP**UCP*1.25
SDQ*EA*ZZ*3082*3*3084*2*3143*1*3219*1*3223*4*3289*3*3348*9*3408*6*3646*5*3685*3
SDQ*EA*ZZ*3703*6*3822*6*3941*3*3996*1*4033*8*4093*20*4103*2*4198*2*4244*1*4308*5
SDQ*EA*ZZ*4312*1*4717*8*4970*7*7066*1*7069*1*7132*6*7184*3*7255*11*7354*7*7358*4
SDQ*EA*ZZ*7388*1*7460*9*7607*9*7718*1*9513*2*9571*2*9621*6*9648*6*9674*1*9758*4
LIN**IN*097096011*ZZ*43*UP*831664000682*****DG*3*VS*00000
ZA*QS***006*20070702
CTP**UCP*1.25
SDQ*EA*ZZ*9217*2
LIN**IN*097096011*ZZ*43*UP*831664000682*****DG*5*VS*00000
ZA*QS***006*20070702
CTP**UCP*1.25
SDQ*EA*ZZ*9714*4
CTT*3
SE*20*0022
ST*852*0023
XQ*H*20070703
N9*AD*T00000040
LIN**IN*097096111*ZZ*43*UP*831664000330*****DG*1*VS*00000
ZA*QS***006*20070702
CTP**UCP*1.25
SDQ*EA*ZZ*3063*2*3082*2*3083*6*3084*8*3143*4*3348*5*3602*2*3644*18*3646*38*3661*1
SDQ*EA*ZZ*3672*3*3685*3*3703*7*3713*3*3715*4*3822*11*3848*5*3941*40*3978*2*3991*4
SDQ*EA*ZZ*3996*7*4033*3*4071*6*4093*35*4103*24*4244*27*4308*10*4312*13*4475*10*4717*5
SDQ*EA*ZZ*4719*28*4723*2*4739*9*4753*3*4817*7*4883*2*4970*3*7045*10*7059*1*7066*11
SDQ*EA*ZZ*7069*5*7076*6*7132*8*7146*3*7184*28*7255*14*7354*15*7358*35*7362*1*7460*2
SDQ*EA*ZZ*7461*1*7607*14*7610*31*9513*6*9620*2*9621*16*9625*6*9629*5*9633*14*9648*30
SDQ*EA*ZZ*9674*25*9728*6*9758*52
LIN**IN*097096111*ZZ*43*UP*831664000330*****DG*8*VS*00000
ZA*QS***006*20070702
CTP**UCP*1.25
SDQ*EA*ZZ*4717*6
CTT*2
SE*19*0023
ST*852*0024
XQ*H*20070703
N9*AD*T00000040
LIN**IN*097096211*ZZ*43*UP*831664000941*****DG*1*VS*00000
ZA*QS***006*20070702
CTP**UCP*1.25
SDQ*EA*ZZ*3083*12*3084*14*3143*4*3223*1*3644*4*3646*1*3703*4*3822*2*3941*2*4093*10
SDQ*EA*ZZ*4103*1*4244*6*4308*8*4312*4*4475*2*4717*1*4739*1*4817*4*4970*2*7045*2
SDQ*EA*ZZ*7066*4*7076*4*7184*2*7354*5*7358*9*7607*1*7719*1*9513*6*9621*6*9629*5
SDQ*EA*ZZ*9648*3*9674*3*9728*2*9758*17
CTT*1
SE*12*0024
ST*852*0025
XQ*H*20070703
N9*AD*T00000040
LIN**IN*097096311*ZZ*43*UP*831664000743*****DG*1*VS*00000
ZA*QS***006*20070702
CTP**UCP*1.95
SDQ*EA*ZZ*7076*4*7358*1*9629*10
CTT*1
SE*9*0025
ST*852*0026
XQ*H*20070703
N9*AD*T00000040
LIN**IN*097096411*ZZ*43*UP*831664000453*****DG*1*VS*00000
ZA*QS***006*20070702
CTP**UCP*3
SDQ*EA*ZZ*3063*5*3083*4*3084*4*3143*1*3194*1*3223*2*3348*3*3408*7*3644*12*3646*7
SDQ*EA*ZZ*3703*24*3715*5*3836*3*3848*2*3941*2*3994*2*4093*1*4103*5*4244*7*4308*2
SDQ*EA*ZZ*4312*5*4475*1*4717*5*4719*2*4739*4*4817*4*4883*2*4970*9*7045*1*7063*3
SDQ*EA*ZZ*7066*7*7076*2*7132*5*7184*3*7255*18*7354*2*7358*11*7388*1*7461*6*7607*5
SDQ*EA*ZZ*7718*1*9513*2*9620*2*9621*2*9622*1*9629*4*9633*6*9648*6*9674*3*9728*1
SDQ*EA*ZZ*9735*1*9758*15
LIN**IN*097096411*ZZ*43*UP*831664000453*****DG*3*VS*00000
ZA*QS***006*20070702
CTP**UCP*3
SDQ*EA*ZZ*7610*2
LIN**IN*097096411*ZZ*43*UP*831664000453*****DG*5*VS*00000
ZA*QS***006*20070702
CTP**UCP*3
SDQ*EA*ZZ*3348*3*3996*1*7184*-2
LIN**IN*097096411*ZZ*43*UP*831664000453*****DG*8*VS*00000
ZA*QS***006*20070702
CTP**UCP*3
SDQ*EA*ZZ*4244*3
CTT*4
SE*26*0026
ST*852*0027
XQ*H*20070703
N9*AD*T00000040
LIN**IN*097096511*ZZ*43*UP*831664000460*****DG*1*VS*00000
ZA*QS***006*20070702
CTP**UCP*3
SDQ*EA*ZZ*3063*1*3082*2*3083*6*3084*12*3103*16*3143*2*3194*1*3223*1*3348*1*3408*1
SDQ*EA*ZZ*3602*1*3644*11*3646*5*3672*1*3685*3*3713*3*3822*3*3848*6*3876*3*3929*1
SDQ*EA*ZZ*3941*3*3966*4*3975*1*3978*6*4071*6*4093*13*4103*4*4244*8*4308*6*4312*1
SDQ*EA*ZZ*4475*1*4717*3*4719*4*4739*7*4817*3*4883*2*4970*6*7063*20*7066*4*7069*1
SDQ*EA*ZZ*7076*2*7132*9*7146*1*7184*15*7255*8*7354*2*7358*20*7362*1*7388*1*7460*1
SDQ*EA*ZZ*7461*4*7607*16*7718*4*9513*3*9620*1*9621*4*9629*4*9633*6*9648*6*9728*7
SDQ*EA*ZZ*9735*1*9758*19
LIN**IN*097096511*ZZ*43*UP*831664000460*****DG*3*VS*00000
ZA*QS***006*20070702
CTP**UCP*3
SDQ*EA*ZZ*3703*1*7610*2
LIN**IN*097096511*ZZ*43*UP*831664000460*****DG*5*VS*00000
ZA*QS***006*20070702
CTP**UCP*3
SDQ*EA*ZZ*3348*1*4739*-1*4970*1*7063*1
CTT*3
SE*23*0027
ST*852*0028
XQ*H*20070703
N9*AD*T00000040
LIN**IN*097096711*ZZ*43*UP*831664000484*****DG*1*VS*00000
ZA*QS***006*20070702
CTP**UCP*4.95
SDQ*EA*ZZ*3063*2*3083*1*3084*11*3103*1*3143*1*3194*1*3408*1*3644*8*3646*7*3685*3
SDQ*EA*ZZ*3703*12*3715*3*3876*1*3941*6*4071*1*4093*10*4103*12*4244*1*4308*5*4475*2
SDQ*EA*ZZ*4717*1*4719*3*4883*2*4970*1*7045*3*7066*5*7076*5*7132*2*7184*9*7255*15
SDQ*EA*ZZ*7354*2*7358*4*7607*6*7610*1*7718*2*7719*2*9620*4*9621*2*9633*6*9639*1
SDQ*EA*ZZ*9728*1*9758*4
LIN**IN*097096711*ZZ*43*UP*831664000484*****DG*5*VS*00000
ZA*QS***006*20070702
CTP**UCP*4.95
SDQ*EA*ZZ*3703*1
LIN**IN*097096711*ZZ*43*UP*831664000484*****DG*8*VS*00000
ZA*QS***006*20070702
CTP**UCP*4.95
SDQ*EA*ZZ*4817*2
CTT*3
SE*21*0028
ST*852*0029
XQ*H*20070703
N9*AD*T00000040
LIN**IN*097096911*ZZ*43*UP*831664000491*****DG*1*VS*00000
ZA*QS***006*20070702
CTP**UCP*6
SDQ*EA*ZZ*7607*1
CTT*1
SE*9*0029
ST*852*0030
XQ*H*20070703
N9*AD*T00000040
LIN**IN*097097011*ZZ*43*UP*831664000859*****DG*1*VS*00000
ZA*QS***006*20070702
CTP**UCP*2.55
SDQ*EA*ZZ*3103*1*3348*3*3644*2*3646*1*3848*5*3941*1*4093*5*4312*1*4970*16*7066*3
SDQ*EA*ZZ*7076*1*7255*6*7358*3*7607*5*9621*1*9735*1*9758*2
CTT*1
SE*10*0030
ST*852*0031
XQ*H*20070703
N9*AD*T00000040
LIN**IN*097097111*ZZ*43*UP*831664000781*****DG*1*VS*00000
ZA*QS***006*20070702
CTP**UCP*2.1
SDQ*EA*ZZ*3084*3*3143*11*3644*3*3646*3*4093*4*4103*1*4244*14*4312*2*4475*4*4717*1
SDQ*EA*ZZ*4970*1*7076*2*7132*3*7255*3*7354*5*7358*8*7607*16*9620*7*9735*3*9758*2
CTT*1
SE*10*0031
ST*852*0032
XQ*H*20070703
N9*AD*T00000040
LIN**IN*097097211*ZZ*43*UP*831664000651*****DG*1*VS*00000
ZA*QS***006*20070701
CTP**UCP*1.5
SDQ*EA*ZZ*5023*1
ZA*QS***006*20070702
CTP**UCP*1.5
SDQ*EA*ZZ*3084*2*4103*1
CTT*1
SE*12*0032
ST*852*0033
XQ*H*20070703
N9*AD*T00000040
LIN**IN*097097611*ZZ*43*UP*831664000514*****DG*1*VS*00000
ZA*QS***006*20070702
CTP**UCP*1.4
SDQ*EA*ZZ*3083*4*3685*2*3703*20*7066*1*7076*3*7461*2*7718*1*9621*1
CTT*1
SE*9*0033
ST*852*0034
XQ*H*20070703
N9*AD*T00000040
LIN**IN*097098511*ZZ*43*UP*831664001016*****DG*1*VS*00000
ZA*QS***006*20070702
CTP**UCP*2
SDQ*EA*ZZ*9620*1
CTT*1
SE*9*0034
GE*34*66
IEA*1*000000066
*** SUPERTRACS READY FOR INPUT
