ISA*00*          *00*          *09*006985290EFT   *12*6154525825     *050912*1440*U*00400*000100298*0*P*>
GS*RA*006985290EFT*6154525825*20050912*14401344*100207*X*004010
ST*820*000000001
BPR*I*483.5*C*ACH*CCP*01*021000018*DA*0300955622*9008965873**01*064102601*DA*3000289*20050913*VEN
TRN*3*770138549*9008965873
DTM*097*20050912
N1*PR*KMART CORPORATION*1*008965873
N1*PE*YOUNGS FARMS*92*00069099588
N1*SE*YOUNGS FARMS*92*00069099588
ENT*1
RMR*IK*360220050811*PI*43.2*43.2*0
REF*PO*0020050812
REF*ST*03602
REF*DP*043
DTM*999*20050811
RMR*IK*360220050814*PI*31.2*31.2*0
REF*PO*0020050815
REF*ST*03602
REF*DP*043
DTM*999*20050814
RMR*IK*360220050815*PI*3.3*3.3*0
REF*PO*0020050816
REF*ST*03602
REF*DP*043
DTM*999*20050815
RMR*IK*366020050811*PI*3*3*0
REF*PO*0020050812
REF*ST*03660
REF*DP*043
DTM*999*20050811
RMR*IK*371320050812*PI*.75*.75*0
REF*PO*0020050813
REF*ST*03713
REF*DP*043
DTM*999*20050812
RMR*IK*371320050813*PI*5.5*5.5*0
REF*PO*0020050814
REF*ST*03713
REF*DP*043
DTM*999*20050813
RMR*IK*371320050815*PI*.75*.75*0
REF*PO*0020050816
REF*ST*03713
REF*DP*043
DTM*999*20050815
RMR*IK*384820050811*PI*7.15*7.15*0
REF*PO*0020050812
REF*ST*03848
REF*DP*043
DTM*999*20050811
RMR*IK*384820050812*PI*5.55*5.55*0
REF*PO*0020050813
REF*ST*03848
REF*DP*043
DTM*999*20050812
RMR*IK*384820050813*PI*12.05*12.05*0
REF*PO*0020050814
REF*ST*03848
REF*DP*043
DTM*999*20050813
RMR*IK*384820050814*PI*6.5*6.5*0
REF*PO*0020050815
REF*ST*03848
REF*DP*043
DTM*999*20050814
RMR*IK*384820050815*PI*7.15*7.15*0
REF*PO*0020050816
REF*ST*03848
REF*DP*043
DTM*999*20050815
RMR*IK*384820050816*PI*14.3*14.3*0
REF*PO*0020050817
REF*ST*03848
REF*DP*043
DTM*999*20050816
RMR*IK*397820050811*PI*3.48*3.48*0
REF*PO*0020050812
REF*ST*03978
REF*DP*043
DTM*999*20050811
RMR*IK*397820050815*PI*5.25*5.25*0
REF*PO*0020050816
REF*ST*03978
REF*DP*043
DTM*999*20050815
RMR*IK*397820050816*PI*1.5*1.5*0
REF*PO*0020050817
REF*ST*03978
REF*DP*043
DTM*999*20050816
RMR*IK*399620050813*PI*6*6*0
REF*PO*0020050814
REF*ST*03996
REF*DP*043
DTM*999*20050813
RMR*IK*410320050811*PI*14.4*14.4*0
REF*PO*0020050812
REF*ST*04103
REF*DP*043
DTM*999*20050811
RMR*IK*410320050812*PI*24*24*0
REF*PO*0020050813
REF*ST*04103
REF*DP*043
DTM*999*20050812
RMR*IK*410320050813*PI*31.2*31.2*0
REF*PO*0020050814
REF*ST*04103
REF*DP*043
DTM*999*20050813
RMR*IK*410320050815*PI*2.4*2.4*0
REF*PO*0020050816
REF*ST*04103
REF*DP*043
DTM*999*20050815
RMR*IK*410320050817*PI*19.2*19.2*0
REF*PO*0020050818
REF*ST*04103
REF*DP*043
DTM*999*20050817
RMR*IK*424420050811*PI*7.2*7.2*0
REF*PO*0020050812
REF*ST*04244
REF*DP*043
DTM*999*20050811
RMR*IK*424420050812*PI*2.4*2.4*0
REF*PO*0020050813
REF*ST*04244
REF*DP*043
DTM*999*20050812
RMR*IK*424420050815*PI*12*12*0
REF*PO*0020050816
REF*ST*04244
REF*DP*043
DTM*999*20050815
RMR*IK*471720050811*PI*3.58*3.58*0
REF*PO*0020050812
REF*ST*04717
REF*DP*043
DTM*999*20050811
RMR*IK*483520050813*PI*29.1*29.1*0
REF*PO*0020050814
REF*ST*04835
REF*DP*043
DTM*999*20050813
RMR*IK*483520050815*PI*2.6*2.6*0
REF*PO*0020050816
REF*ST*04835
REF*DP*043
DTM*999*20050815
RMR*IK*483520050816*PI*16.9*16.9*0
REF*PO*0020050817
REF*ST*04835
REF*DP*043
DTM*999*20050816
RMR*IK*483520050817*PI*27.75*27.75*0
REF*PO*0020050818
REF*ST*04835
REF*DP*043
DTM*999*20050817
RMR*IK*489820050815*PI*1.16*1.16*0
REF*PO*0020050816
REF*ST*04898
REF*DP*043
DTM*999*20050815
RMR*IK*705920050813*PI*6*6*0
REF*PO*0020050814
REF*ST*07059
REF*DP*043
DTM*999*20050813
RMR*IK*706920050811*PI*11.9*11.9*0
REF*PO*0020050812
REF*ST*07069
REF*DP*043
DTM*999*20050811
RMR*IK*706920050812*PI*12.3*12.3*0
REF*PO*0020050813
REF*ST*07069
REF*DP*043
DTM*999*20050812
RMR*IK*706920050813*PI*3.3*3.3*0
REF*PO*0020050814
REF*ST*07069
REF*DP*043
DTM*999*20050813
RMR*IK*706920050816*PI*3*3*0
REF*PO*0020050817
REF*ST*07069
REF*DP*043
DTM*999*20050816
RMR*IK*706920050817*PI*3.3*3.3*0
REF*PO*0020050818
REF*ST*07069
REF*DP*043
DTM*999*20050817
RMR*IK*718420050813*PI*3.48*3.48*0
REF*PO*0020050814
REF*ST*07184
REF*DP*043
DTM*999*20050813
RMR*IK*735820050811*PI*18*18*0
REF*PO*0020050812
REF*ST*07358
REF*DP*043
DTM*999*20050811
RMR*IK*735820050813*PI*6.6*6.6*0
REF*PO*0020050814
REF*ST*07358
REF*DP*043
DTM*999*20050813
RMR*IK*735820050814*PI*4.8*4.8*0
REF*PO*0020050815
REF*ST*07358
REF*DP*043
DTM*999*20050814
RMR*IK*735820050815*PI*9*9*0
REF*PO*0020050816
REF*ST*07358
REF*DP*043
DTM*999*20050815
RMR*IK*735820050816*PI*18*18*0
REF*PO*0020050817
REF*ST*07358
REF*DP*043
DTM*999*20050816
RMR*IK*735820050817*PI*18*18*0
REF*PO*0020050818
REF*ST*07358
REF*DP*043
DTM*999*20050817
RMR*IK*746020050815*PI*3*3*0
REF*PO*0020050816
REF*ST*07460
REF*DP*043
DTM*999*20050815
RMR*IK*762920050811*PI*.5*.5*0
REF*PO*0020050812
REF*ST*07629
REF*DP*043
DTM*999*20050811
RMR*IK*762920050814*PI*.5*.5*0
REF*PO*0020050815
REF*ST*07629
REF*DP*043
DTM*999*20050814
RMR*IK*763720050812*PI*2*2*0
REF*PO*0020050813
REF*ST*07637
REF*DP*043
DTM*999*20050812
RMR*IK*763720050816*PI*3.3*3.3*0
REF*PO*0020050817
REF*ST*07637
REF*DP*043
DTM*999*20050816
RMR*IK*962520050811*PI*6*6*0
REF*PO*0020050812
REF*ST*09625
REF*DP*043
DTM*999*20050811
SE*259*000000001
GE*1*100207
IEA*1*000100298
ISA*00*          *00*          *09*006985290AC    *12*6154525825     *050913*0458*U*00400*000000842*0*P*>
GS*PD*006985290AC*6154525825*20050913*04582778*219*X*004010
ST*852*000000001
XQ*H*20050913
N9*AD*T00000040
LIN**CB*970976114*ZZ*43*UP*831664000514*****DG*1*VS*00000
ZA*QS***006*20050912
CTP**UCP*1.25
SDQ*EA*ZZ*3137*13*3241*6*3422*3*3759*3*3812*10*4048*3*4293*3*4720*1*4743*3*7018*1
SDQ*EA*ZZ*7021*1*7304*2*9680*1
LIN**CB*970976114*ZZ*43*UP*831664000514*****DG*8*VS*00000
ZA*QS***006*20050912
CTP**UCP*1.25
SDQ*EA*ZZ*4743*3
CTT*2
SE*14*000000001
ST*852*000000002
XQ*H*20050913
N9*AD*T00000040
LIN**CB*970977112*ZZ*43*UP*831664000521*****DG*1*VS*00000
ZA*QS***006*20050911
CTP**UCP*2.1
SDQ*EA*ZZ*5023*6
ZA*QS***006*20050912
CTP**UCP*2.1
SDQ*EA*ZZ*3083*14*3084*3*3103*1*3143*11*3194*4*3359*2*3408*4*3602*7*3644*4*3646*5
SDQ*EA*ZZ*3660*13*3672*2*3685*3*3703*15*3713*15*3715*1*3759*1*3836*2*3848*1*3876*3
SDQ*EA*ZZ*3929*2*3931*3*3941*4*3966*1*3978*18*3996*2*4071*6*4093*15*4103*14*4244*1
SDQ*EA*ZZ*4304*2*4308*3*4312*8*4475*2*4753*7*4817*3*4835*5*4970*7*7059*2*7064*5
SDQ*EA*ZZ*7066*2*7069*11*7076*3*7132*4*7146*4*7184*8*7255*15*7358*9*7362*3*7461*7
SDQ*EA*ZZ*7607*2*7610*11*7637*20*7718*6*9571*1*9620*16*9621*1*9622*2*9625*9*9629*4
SDQ*EA*ZZ*9633*9*9648*2*9758*1
CTT*1
SE*18*000000002
ST*852*000000003
XQ*H*20050913
N9*AD*T00000040
LIN**CB*970978110*ZZ*43*UP*831664000538*****DG*1*VS*00000
ZA*QS***006*20050912
CTP**UCP*6.75
SDQ*EA*ZZ*3194*2*3408*1*3602*1*3703*4*3713*1*3715*2*3836*2*3931*1*3978*3*4093*3
SDQ*EA*ZZ*4308*2*4970*1*7059*1*7069*1*7154*2*7184*2*7255*2*7358*1*7362*3*7607*1
SDQ*EA*ZZ*7637*2*9625*1*9629*2*9648*2
CTT*1
SE*11*000000003
GE*3*219
IEA*1*000000842
*** SUPERTRACS READY FOR INPUT
