ISA*00*          *00*          *09*006985290AC    *12*6154525825     *060114*0420*U*00400*001000031*0*P*>
GS*PD*006985290AC*6154525825*20060114*0420*1000031*X*004010
ST*852*0001
XQ*H*20060114
N9*AD*T00000040
LIN**CB*970952115*ZZ*43*UP*831664000552*****DG*1*VS*00000
ZA*QS***006*20060113
CTP**UCP*1.375
SDQ*EA*ZZ*4810*1
CTT*1
SE*9*0001
GE*1*1000031
IEA*1*001000031
ISA*00*          *00*          *09*006985290EFT   *12*6154525825     *060113*2315*U*00400*001000006*0*P*>
GS*RA*006985290EFT*6154525825*20060113*2315*1000006*X*004010
ST*820*0001
BPR*I*46821.77*C*ACH*CCP*01*021000018*DA*0300955622*9008965873**01*064102601*DA*3000289*20060117*VEN
TRN*3*770157313*9008965873
DTM*097*20060113
N1*PR*KMART CORPORATION*1*008965873
N1*PE*YOUNGS FARMS*92*00069099588
N1*SE*YOUNGS FARMS*92*00069099588
ENT*1
RMR*IK*306320051215*PI*83.78*83.78*0
REF*PO*0020051216
REF*ST*03063
REF*DP*043
DTM*999*20051215
RMR*IK*306320051216*PI*85.76*85.76*0
REF*PO*0020051217
REF*ST*03063
REF*DP*043
DTM*999*20051216
RMR*IK*306320051217*PI*94.5*94.5*0
REF*PO*0020051218
REF*ST*03063
REF*DP*043
DTM*999*20051217
RMR*IK*306320051218*PI*13.4*13.4*0
REF*PO*0020051219
REF*ST*03063
REF*DP*043
DTM*999*20051218
RMR*IK*306320051219*PI*17.42*17.42*0
REF*PO*0020051220
REF*ST*03063
REF*DP*043
DTM*999*20051219
RMR*IK*306320051220*PI*44.22*44.22*0
REF*PO*0020051221
REF*ST*03063
REF*DP*043
DTM*999*20051220
RMR*IK*306320051221*PI*117.08*117.08*0
REF*PO*0020051222
REF*ST*03063
REF*DP*043
DTM*999*20051221
RMR*IK*308320051215*PI*41.54*41.54*0
REF*PO*0020051216
REF*ST*03083
REF*DP*043
DTM*999*20051215
RMR*IK*308320051216*PI*30.87*30.87*0
REF*PO*0020051217
REF*ST*03083
REF*DP*043
DTM*999*20051216
RMR*IK*308320051217*PI*151.52*151.52*0
REF*PO*0020051218
REF*ST*03083
REF*DP*043
DTM*999*20051217
RMR*IK*308320051218*PI*45.56*45.56*0
REF*PO*0020051219
REF*ST*03083
REF*DP*043
DTM*999*20051218
RMR*IK*308320051219*PI*12.76*12.76*0
REF*PO*0020051220
REF*ST*03083
REF*DP*043
DTM*999*20051219
RMR*IK*308320051220*PI*191.62*191.62*0
REF*PO*0020051221
REF*ST*03083
REF*DP*043
DTM*999*20051220
RMR*IK*308320051221*PI*100.5*100.5*0
REF*PO*0020051222
REF*ST*03083
REF*DP*043
DTM*999*20051221
RMR*IK*308420051215*PI*56.28*56.28*0
REF*PO*0020051216
REF*ST*03084
REF*DP*043
DTM*999*20051215
RMR*IK*308420051216*PI*56.03*56.03*0
REF*PO*0020051217
REF*ST*03084
REF*DP*043
DTM*999*20051216
RMR*IK*308420051217*PI*278.77*278.77*0
REF*PO*0020051218
REF*ST*03084
REF*DP*043
DTM*999*20051217
RMR*IK*308420051218*PI*51.12*51.12*0
REF*PO*0020051219
REF*ST*03084
REF*DP*043
DTM*999*20051218
RMR*IK*308420051219*PI*142.04*142.04*0
REF*PO*0020051220
REF*ST*03084
REF*DP*043
DTM*999*20051219
RMR*IK*308420051220*PI*148.74*148.74*0
REF*PO*0020051221
REF*ST*03084
REF*DP*043
DTM*999*20051220
RMR*IK*308420051221*PI*170.57*170.57*0
REF*PO*0020051222
REF*ST*03084
REF*DP*043
DTM*999*20051221
RMR*IK*310320051215*PI*22.36*22.36*0
REF*PO*0020051216
REF*ST*03103
REF*DP*043
DTM*999*20051215
RMR*IK*310320051216*PI*26.8*26.8*0
REF*PO*0020051217
REF*ST*03103
REF*DP*043
DTM*999*20051216
RMR*IK*310320051217*PI*37.52*37.52*0
REF*PO*0020051218
REF*ST*03103
REF*DP*043
DTM*999*20051217
RMR*IK*310320051218*PI*31.82*31.82*0
REF*PO*0020051219
REF*ST*03103
REF*DP*043
DTM*999*20051218
RMR*IK*310320051219*PI*16.08*16.08*0
REF*PO*0020051220
REF*ST*03103
REF*DP*043
DTM*999*20051219
RMR*IK*310320051220*PI*44.22*44.22*0
REF*PO*0020051221
REF*ST*03103
REF*DP*043
DTM*999*20051220
RMR*IK*312020051215*PI*8.04*8.04*0
REF*PO*0020051216
REF*ST*03120
REF*DP*043
DTM*999*20051215
RMR*IK*312020051216*PI*6.7*6.7*0
REF*PO*0020051217
REF*ST*03120
REF*DP*043
DTM*999*20051216
RMR*IK*312020051217*PI*2.68*2.68*0
REF*PO*0020051218
REF*ST*03120
REF*DP*043
DTM*999*20051217
RMR*IK*312020051218*PI*5.36*5.36*0
REF*PO*0020051219
REF*ST*03120
REF*DP*043
DTM*999*20051218
RMR*IK*312020051219*PI*4.02*4.02*0
REF*PO*0020051220
REF*ST*03120
REF*DP*043
DTM*999*20051219
RMR*IK*314320051215*PI*53.6*53.6*0
REF*PO*0020051216
REF*ST*03143
REF*DP*043
DTM*999*20051215
RMR*IK*314320051216*PI*51.51*51.51*0
REF*PO*0020051217
REF*ST*03143
REF*DP*043
DTM*999*20051216
RMR*IK*314320051217*PI*59.16*59.16*0
REF*PO*0020051218
REF*ST*03143
REF*DP*043
DTM*999*20051217
RMR*IK*314320051218*PI*110.27*110.27*0
REF*PO*0020051219
REF*ST*03143
REF*DP*043
DTM*999*20051218
RMR*IK*314320051219*PI*79.26*79.26*0
REF*PO*0020051220
REF*ST*03143
REF*DP*043
DTM*999*20051219
RMR*IK*314320051220*PI*34.84*34.84*0
REF*PO*0020051221
REF*ST*03143
REF*DP*043
DTM*999*20051220
RMR*IK*314320051221*PI*33.5*33.5*0
REF*PO*0020051222
REF*ST*03143
REF*DP*043
DTM*999*20051221
RMR*IK*319420051215*PI*69.68*69.68*0
REF*PO*0020051216
REF*ST*03194
REF*DP*043
DTM*999*20051215
RMR*IK*319420051216*PI*117.92*117.92*0
REF*PO*0020051217
REF*ST*03194
REF*DP*043
DTM*999*20051216
RMR*IK*319420051217*PI*93.8*93.8*0
REF*PO*0020051218
REF*ST*03194
REF*DP*043
DTM*999*20051217
RMR*IK*319420051218*PI*43.58*43.58*0
REF*PO*0020051219
REF*ST*03194
REF*DP*043
DTM*999*20051218
RMR*IK*319420051219*PI*26.8*26.8*0
REF*PO*0020051220
REF*ST*03194
REF*DP*043
DTM*999*20051219
RMR*IK*319420051220*PI*46.9*46.9*0
REF*PO*0020051221
REF*ST*03194
REF*DP*043
DTM*999*20051220
RMR*IK*319420051221*PI*89.34*89.34*0
REF*PO*0020051222
REF*ST*03194
REF*DP*043
DTM*999*20051221
RMR*IK*332020051215*PI*63.25*63.25*0
REF*PO*0020051216
REF*ST*03320
REF*DP*043
DTM*999*20051215
RMR*IK*332020051216*PI*247.5*247.5*0
REF*PO*0020051217
REF*ST*03320
REF*DP*043
DTM*999*20051216
RMR*IK*332020051217*PI*5.5*5.5*0
REF*PO*0020051219
REF*ST*03320
REF*DP*043
DTM*999*20051217
RMR*IK*332020051217*PI*85.25*85.25*0
REF*PO*0020051218
REF*ST*03320
REF*DP*043
DTM*999*20051217
RMR*IK*332020051218*PI*85.25*85.25*0
REF*PO*0020051219
REF*ST*03320
REF*DP*043
DTM*999*20051218
RMR*IK*332020051219*PI*1.38*1.38*0
REF*PO*0020051220
REF*ST*03320
REF*DP*043
DTM*999*20051219
RMR*IK*332020051220*PI*2.75*2.75*0
REF*PO*0020051221
REF*ST*03320
REF*DP*043
DTM*999*20051220
RMR*IK*334720051215*PI*167.75*167.75*0
REF*PO*0020051216
REF*ST*03347
REF*DP*043
DTM*999*20051215
RMR*IK*334720051216*PI*360.25*360.25*0
REF*PO*0020051217
REF*ST*03347
REF*DP*043
DTM*999*20051216
RMR*IK*334720051217*PI*5.5*5.5*0
REF*PO*0020051218
REF*ST*03347
REF*DP*043
DTM*999*20051217
RMR*IK*334720051218*PI*2.75*2.75*0
REF*PO*0020051219
REF*ST*03347
REF*DP*043
DTM*999*20051218
RMR*IK*334820051215*PI*15.66*15.66*0
REF*PO*0020051216
REF*ST*03348
REF*DP*043
DTM*999*20051215
RMR*IK*334820051216*PI*24.12*24.12*0
REF*PO*0020051217
REF*ST*03348
REF*DP*043
DTM*999*20051216
RMR*IK*334820051217*PI*196.63*196.63*0
REF*PO*0020051218
REF*ST*03348
REF*DP*043
DTM*999*20051217
RMR*IK*334820051218*PI*73.78*73.78*0
REF*PO*0020051219
REF*ST*03348
REF*DP*043
DTM*999*20051218
RMR*IK*334820051219*PI*57.25*57.25*0
REF*PO*0020051220
REF*ST*03348
REF*DP*043
DTM*999*20051219
RMR*IK*334820051220*PI*54.94*54.94*0
REF*PO*0020051221
REF*ST*03348
REF*DP*043
DTM*999*20051220
RMR*IK*334820051221*PI*122.41*122.41*0
REF*PO*0020051222
REF*ST*03348
REF*DP*043
DTM*999*20051221
RMR*IK*335920051215*PI*24.12*24.12*0
REF*PO*0020051216
REF*ST*03359
REF*DP*043
DTM*999*20051215
RMR*IK*335920051216*PI*56.28*56.28*0
REF*PO*0020051217
REF*ST*03359
REF*DP*043
DTM*999*20051216
RMR*IK*335920051217*PI*32.16*32.16*0
REF*PO*0020051218
REF*ST*03359
REF*DP*043
DTM*999*20051217
RMR*IK*335920051218*PI*32.16*32.16*0
REF*PO*0020051219
REF*ST*03359
REF*DP*043
DTM*999*20051218
RMR*IK*335920051219*PI*29.48*29.48*0
REF*PO*0020051220
REF*ST*03359
REF*DP*043
DTM*999*20051219
RMR*IK*335920051220*PI*12.06*12.06*0
REF*PO*0020051221
REF*ST*03359
REF*DP*043
DTM*999*20051220
RMR*IK*335920051221*PI*30.82*30.82*0
REF*PO*0020051222
REF*ST*03359
REF*DP*043
DTM*999*20051221
RMR*IK*340820051215*PI*13*13*0
REF*PO*0020051216
REF*ST*03408
REF*DP*043
DTM*999*20051215
RMR*IK*340820051216*PI*25.85*25.85*0
REF*PO*0020051217
REF*ST*03408
REF*DP*043
DTM*999*20051216
RMR*IK*340820051217*PI*170.31*170.31*0
REF*PO*0020051218
REF*ST*03408
REF*DP*043
DTM*999*20051217
RMR*IK*340820051218*PI*48.32*48.32*0
REF*PO*0020051219
REF*ST*03408
REF*DP*043
DTM*999*20051218
RMR*IK*340820051219*PI*12.06*12.06*0
REF*PO*0020051220
REF*ST*03408
REF*DP*043
DTM*999*20051219
RMR*IK*340820051220*PI*49.58*49.58*0
REF*PO*0020051221
REF*ST*03408
REF*DP*043
DTM*999*20051220
RMR*IK*340820051221*PI*135.34*135.34*0
REF*PO*0020051222
REF*ST*03408
REF*DP*043
DTM*999*20051221
RMR*IK*342320051216*PI*1328.25*1328.25*0
REF*PO*0020051217
REF*ST*03423
REF*DP*043
DTM*999*20051216
RMR*IK*342320051217*PI*19.25*19.25*0
REF*PO*0020051218
REF*ST*03423
REF*DP*043
DTM*999*20051217
RMR*IK*360220051215*PI*23.17*23.17*0
REF*PO*0020051216
REF*ST*03602
REF*DP*043
DTM*999*20051215
RMR*IK*360220051216*PI*21.44*21.44*0
REF*PO*0020051217
REF*ST*03602
REF*DP*043
DTM*999*20051216
RMR*IK*360220051217*PI*149.88*149.88*0
REF*PO*0020051218
REF*ST*03602
REF*DP*043
DTM*999*20051217
RMR*IK*360220051218*PI*79.45*79.45*0
REF*PO*0020051219
REF*ST*03602
REF*DP*043
DTM*999*20051218
RMR*IK*360220051219*PI*13.4*13.4*0
REF*PO*0020051220
REF*ST*03602
REF*DP*043
DTM*999*20051219
RMR*IK*360220051220*PI*16.08*16.08*0
REF*PO*0020051221
REF*ST*03602
REF*DP*043
DTM*999*20051220
RMR*IK*360220051221*PI*2.68*2.68*0
REF*PO*0020051222
REF*ST*03602
REF*DP*043
DTM*999*20051221
RMR*IK*364420051215*PI*37.52*37.52*0
REF*PO*0020051216
REF*ST*03644
REF*DP*043
DTM*999*20051215
RMR*IK*364420051216*PI*28.14*28.14*0
REF*PO*0020051217
REF*ST*03644
REF*DP*043
DTM*999*20051216
RMR*IK*364420051217*PI*40.2*40.2*0
REF*PO*0020051218
REF*ST*03644
REF*DP*043
DTM*999*20051217
RMR*IK*364420051218*PI*65.66*65.66*0
REF*PO*0020051219
REF*ST*03644
REF*DP*043
DTM*999*20051218
RMR*IK*364420051219*PI*92.46*92.46*0
REF*PO*0020051220
REF*ST*03644
REF*DP*043
DTM*999*20051219
RMR*IK*364420051220*PI*80.4*80.4*0
REF*PO*0020051221
REF*ST*03644
REF*DP*043
DTM*999*20051220
RMR*IK*364420051221*PI*171.57*171.57*0
REF*PO*0020051222
REF*ST*03644
REF*DP*043
DTM*999*20051221
RMR*IK*364620051215*PI*204.38*204.38*0
REF*PO*0020051216
REF*ST*03646
REF*DP*043
DTM*999*20051215
RMR*IK*364620051216*PI*67*67*0
REF*PO*0020051217
REF*ST*03646
REF*DP*043
DTM*999*20051216
RMR*IK*364620051217*PI*49.58*49.58*0
REF*PO*0020051218
REF*ST*03646
REF*DP*043
DTM*999*20051217
RMR*IK*364620051218*PI*210.38*210.38*0
REF*PO*0020051219
REF*ST*03646
REF*DP*043
DTM*999*20051218
RMR*IK*364620051219*PI*124.62*124.62*0
REF*PO*0020051220
REF*ST*03646
REF*DP*043
DTM*999*20051219
RMR*IK*364620051220*PI*71.02*71.02*0
REF*PO*0020051221
REF*ST*03646
REF*DP*043
DTM*999*20051220
RMR*IK*364620051221*PI*64.32*64.32*0
REF*PO*0020051222
REF*ST*03646
REF*DP*043
DTM*999*20051221
RMR*IK*366020051215*PI*21.44*21.44*0
REF*PO*0020051216
REF*ST*03660
REF*DP*043
DTM*999*20051215
RMR*IK*366020051216*PI*41.54*41.54*0
REF*PO*0020051217
REF*ST*03660
REF*DP*043
DTM*999*20051216
RMR*IK*366020051217*PI*178.22*178.22*0
REF*PO*0020051218
REF*ST*03660
REF*DP*043
DTM*999*20051217
RMR*IK*366020051218*PI*54.94*54.94*0
REF*PO*0020051219
REF*ST*03660
REF*DP*043
DTM*999*20051218
RMR*IK*366020051219*PI*2.68*2.68*0
REF*PO*0020051220
REF*ST*03660
REF*DP*043
DTM*999*20051219
RMR*IK*366020051220*PI*5.36*5.36*0
REF*PO*0020051221
REF*ST*03660
REF*DP*043
DTM*999*20051220
RMR*IK*366320051215*PI*561*561*0
REF*PO*0020051216
REF*ST*03663
REF*DP*043
DTM*999*20051215
RMR*IK*366320051216*PI*451*451*0
REF*PO*0020051217
REF*ST*03663
REF*DP*043
DTM*999*20051216
RMR*IK*366320051217*PI*66*66*0
REF*PO*0020051218
REF*ST*03663
REF*DP*043
DTM*999*20051217
RMR*IK*366320051218*PI*13.75*13.75*0
REF*PO*0020051219
REF*ST*03663
REF*DP*043
DTM*999*20051218
RMR*IK*366320051219*PI*1.38*1.38*0
REF*PO*0020051220
REF*ST*03663
REF*DP*043
DTM*999*20051219
RMR*IK*367220051215*PI*111.27*111.27*0
REF*PO*0020051216
REF*ST*03672
REF*DP*043
DTM*999*20051215
RMR*IK*367220051216*PI*86.56*86.56*0
REF*PO*0020051217
REF*ST*03672
REF*DP*043
DTM*999*20051216
RMR*IK*367220051217*PI*70.38*70.38*0
REF*PO*0020051218
REF*ST*03672
REF*DP*043
DTM*999*20051217
RMR*IK*367220051218*PI*35.54*35.54*0
REF*PO*0020051219
REF*ST*03672
REF*DP*043
DTM*999*20051218
RMR*IK*367220051219*PI*12.51*12.51*0
REF*PO*0020051220
REF*ST*03672
REF*DP*043
DTM*999*20051219
RMR*IK*367220051220*PI*5.75*5.75*0
REF*PO*0020051221
REF*ST*03672
REF*DP*043
DTM*999*20051220
RMR*IK*367220051221*PI*8.49*8.49*0
REF*PO*0020051222
REF*ST*03672
REF*DP*043
DTM*999*20051221
RMR*IK*368520051215*PI*2.68*2.68*0
REF*PO*0020051217
REF*ST*03685
REF*DP*043
DTM*999*20051215
RMR*IK*368520051215*PI*43.85*43.85*0
REF*PO*0020051216
REF*ST*03685
REF*DP*043
DTM*999*20051215
RMR*IK*368520051216*PI*62.78*62.78*0
REF*PO*0020051217
REF*ST*03685
REF*DP*043
DTM*999*20051216
RMR*IK*368520051217*PI*219.72*219.72*0
REF*PO*0020051218
REF*ST*03685
REF*DP*043
DTM*999*20051217
RMR*IK*368520051218*PI*29.53*29.53*0
REF*PO*0020051219
REF*ST*03685
REF*DP*043
DTM*999*20051218
RMR*IK*368520051219*PI*60.3*60.3*0
REF*PO*0020051220
REF*ST*03685
REF*DP*043
DTM*999*20051219
RMR*IK*368520051220*PI*103.18*103.18*0
REF*PO*0020051221
REF*ST*03685
REF*DP*043
DTM*999*20051220
RMR*IK*368520051221*PI*67*67*0
REF*PO*0020051222
REF*ST*03685
REF*DP*043
DTM*999*20051221
RMR*IK*370320051215*PI*47.82*47.82*0
REF*PO*0020051216
REF*ST*03703
REF*DP*043
DTM*999*20051215
RMR*IK*370320051216*PI*33.7*33.7*0
REF*PO*0020051217
REF*ST*03703
REF*DP*043
DTM*999*20051216
RMR*IK*370320051217*PI*151.62*151.62*0
REF*PO*0020051218
REF*ST*03703
REF*DP*043
DTM*999*20051217
RMR*IK*370320051218*PI*31.02*31.02*0
REF*PO*0020051219
REF*ST*03703
REF*DP*043
DTM*999*20051218
RMR*IK*370320051219*PI*119.26*119.26*0
REF*PO*0020051220
REF*ST*03703
REF*DP*043
DTM*999*20051219
RMR*IK*370320051220*PI*121.94*121.94*0
REF*PO*0020051221
REF*ST*03703
REF*DP*043
DTM*999*20051220
RMR*IK*370320051221*PI*129.56*129.56*0
REF*PO*0020051222
REF*ST*03703
REF*DP*043
DTM*999*20051221
RMR*IK*371320051215*PI*18.81*18.81*0
REF*PO*0020051216
REF*ST*03713
REF*DP*043
DTM*999*20051215
RMR*IK*371320051216*PI*35.64*35.64*0
REF*PO*0020051217
REF*ST*03713
REF*DP*043
DTM*999*20051216
RMR*IK*371320051217*PI*52.59*52.59*0
REF*PO*0020051218
REF*ST*03713
REF*DP*043
DTM*999*20051217
RMR*IK*371320051218*PI*51.67*51.67*0
REF*PO*0020051219
REF*ST*03713
REF*DP*043
DTM*999*20051218
RMR*IK*371320051219*PI*20.1*20.1*0
REF*PO*0020051220
REF*ST*03713
REF*DP*043
DTM*999*20051219
RMR*IK*371320051220*PI*25.09*25.09*0
REF*PO*0020051221
REF*ST*03713
REF*DP*043
DTM*999*20051220
RMR*IK*371320051221*PI*10.08*10.08*0
REF*PO*0020051222
REF*ST*03713
REF*DP*043
DTM*999*20051221
RMR*IK*371520051215*PI*20.1*20.1*0
REF*PO*0020051216
REF*ST*03715
REF*DP*043
DTM*999*20051215
RMR*IK*371520051216*PI*29.48*29.48*0
REF*PO*0020051217
REF*ST*03715
REF*DP*043
DTM*999*20051216
RMR*IK*371520051217*PI*93.16*93.16*0
REF*PO*0020051218
REF*ST*03715
REF*DP*043
DTM*999*20051217
RMR*IK*371520051218*PI*44.22*44.22*0
REF*PO*0020051219
REF*ST*03715
REF*DP*043
DTM*999*20051218
RMR*IK*371520051219*PI*61.64*61.64*0
REF*PO*0020051220
REF*ST*03715
REF*DP*043
DTM*999*20051219
RMR*IK*371520051220*PI*75.04*75.04*0
REF*PO*0020051221
REF*ST*03715
REF*DP*043
DTM*999*20051220
RMR*IK*371520051221*PI*50.92*50.92*0
REF*PO*0020051222
REF*ST*03715
REF*DP*043
DTM*999*20051221
RMR*IK*382220051215*PI*105.44*105.44*0
REF*PO*0020051216
REF*ST*03822
REF*DP*043
DTM*999*20051215
RMR*IK*382220051216*PI*44.27*44.27*0
REF*PO*0020051217
REF*ST*03822
REF*DP*043
DTM*999*20051216
RMR*IK*382220051217*PI*111.27*111.27*0
REF*PO*0020051218
REF*ST*03822
REF*DP*043
DTM*999*20051217
RMR*IK*382220051218*PI*106.56*106.56*0
REF*PO*0020051219
REF*ST*03822
REF*DP*043
DTM*999*20051218
RMR*IK*382220051219*PI*79.06*79.06*0
REF*PO*0020051220
REF*ST*03822
REF*DP*043
DTM*999*20051219
RMR*IK*382220051220*PI*60.3*60.3*0
REF*PO*0020051221
REF*ST*03822
REF*DP*043
DTM*999*20051220
RMR*IK*382220051221*PI*40.2*40.2*0
REF*PO*0020051222
REF*ST*03822
REF*DP*043
DTM*999*20051221
RMR*IK*383620051215*PI*27.5*27.5*0
REF*PO*0020051216
REF*ST*03836
REF*DP*043
DTM*999*20051215
RMR*IK*383620051216*PI*26.38*26.38*0
REF*PO*0020051217
REF*ST*03836
REF*DP*043
DTM*999*20051216
RMR*IK*383620051217*PI*116.13*116.13*0
REF*PO*0020051218
REF*ST*03836
REF*DP*043
DTM*999*20051217
RMR*IK*383620051218*PI*57.17*57.17*0
REF*PO*0020051219
REF*ST*03836
REF*DP*043
DTM*999*20051218
RMR*IK*383620051219*PI*19.68*19.68*0
REF*PO*0020051220
REF*ST*03836
REF*DP*043
DTM*999*20051219
RMR*IK*383620051220*PI*53.95*53.95*0
REF*PO*0020051221
REF*ST*03836
REF*DP*043
DTM*999*20051220
RMR*IK*383620051221*PI*142.24*142.24*0
REF*PO*0020051222
REF*ST*03836
REF*DP*043
DTM*999*20051221
RMR*IK*384820051215*PI*87.15*87.15*0
REF*PO*0020051216
REF*ST*03848
REF*DP*043
DTM*999*20051215
RMR*IK*384820051216*PI*62.34*62.34*0
REF*PO*0020051217
REF*ST*03848
REF*DP*043
DTM*999*20051216
RMR*IK*384820051217*PI*59.66*59.66*0
REF*PO*0020051218
REF*ST*03848
REF*DP*043
DTM*999*20051217
RMR*IK*384820051218*PI*19.46*19.46*0
REF*PO*0020051219
REF*ST*03848
REF*DP*043
DTM*999*20051218
RMR*IK*384820051219*PI*27.71*27.71*0
REF*PO*0020051220
REF*ST*03848
REF*DP*043
DTM*999*20051219
RMR*IK*384820051220*PI*193.86*193.86*0
REF*PO*0020051221
REF*ST*03848
REF*DP*043
DTM*999*20051220
RMR*IK*384820051221*PI*176.88*176.88*0
REF*PO*0020051222
REF*ST*03848
REF*DP*043
DTM*999*20051221
RMR*IK*387620051215*PI*30.18*30.18*0
REF*PO*0020051216
REF*ST*03876
REF*DP*043
DTM*999*20051215
RMR*IK*387620051216*PI*22.78*22.78*0
REF*PO*0020051217
REF*ST*03876
REF*DP*043
DTM*999*20051216
RMR*IK*387620051217*PI*157.56*157.56*0
REF*PO*0020051218
REF*ST*03876
REF*DP*043
DTM*999*20051217
RMR*IK*387620051218*PI*49.13*49.13*0
REF*PO*0020051219
REF*ST*03876
REF*DP*043
DTM*999*20051218
RMR*IK*387620051219*PI*36.35*36.35*0
REF*PO*0020051220
REF*ST*03876
REF*DP*043
DTM*999*20051219
RMR*IK*387620051220*PI*41.54*41.54*0
REF*PO*0020051221
REF*ST*03876
REF*DP*043
DTM*999*20051220
RMR*IK*387620051221*PI*54.94*54.94*0
REF*PO*0020051222
REF*ST*03876
REF*DP*043
DTM*999*20051221
RMR*IK*392920051215*PI*62.34*62.34*0
REF*PO*0020051216
REF*ST*03929
REF*DP*043
DTM*999*20051215
RMR*IK*392920051216*PI*76.74*76.74*0
REF*PO*0020051217
REF*ST*03929
REF*DP*043
DTM*999*20051216
RMR*IK*392920051217*PI*156.83*156.83*0
REF*PO*0020051218
REF*ST*03929
REF*DP*043
DTM*999*20051217
RMR*IK*392920051218*PI*44.97*44.97*0
REF*PO*0020051219
REF*ST*03929
REF*DP*043
DTM*999*20051218
RMR*IK*392920051219*PI*24.58*24.58*0
REF*PO*0020051220
REF*ST*03929
REF*DP*043
DTM*999*20051219
RMR*IK*392920051220*PI*186.76*186.76*0
REF*PO*0020051221
REF*ST*03929
REF*DP*043
DTM*999*20051220
RMR*IK*392920051221*PI*149.73*149.73*0
REF*PO*0020051222
REF*ST*03929
REF*DP*043
DTM*999*20051221
RMR*IK*393120051215*PI*27.19*27.19*0
REF*PO*0020051216
REF*ST*03931
REF*DP*043
DTM*999*20051215
RMR*IK*393120051216*PI*21.83*21.83*0
REF*PO*0020051217
REF*ST*03931
REF*DP*043
DTM*999*20051216
RMR*IK*393120051217*PI*96*96*0
REF*PO*0020051218
REF*ST*03931
REF*DP*043
DTM*999*20051217
RMR*IK*393120051218*PI*53.6*53.6*0
REF*PO*0020051219
REF*ST*03931
REF*DP*043
DTM*999*20051218
RMR*IK*393120051219*PI*14.74*14.74*0
REF*PO*0020051220
REF*ST*03931
REF*DP*043
DTM*999*20051219
RMR*IK*393120051220*PI*24.9*24.9*0
REF*PO*0020051221
REF*ST*03931
REF*DP*043
DTM*999*20051220
RMR*IK*393120051221*PI*6.7*6.7*0
REF*PO*0020051222
REF*ST*03931
REF*DP*043
DTM*999*20051221
RMR*IK*393320051215*PI*8.04*8.04*0
REF*PO*0020051216
REF*ST*03933
REF*DP*043
DTM*999*20051215
RMR*IK*393320051216*PI*18.12*18.12*0
REF*PO*0020051217
REF*ST*03933
REF*DP*043
DTM*999*20051216
RMR*IK*393320051217*PI*106.8*106.8*0
REF*PO*0020051218
REF*ST*03933
REF*DP*043
DTM*999*20051217
RMR*IK*393320051218*PI*17.42*17.42*0
REF*PO*0020051219
REF*ST*03933
REF*DP*043
DTM*999*20051218
RMR*IK*393320051219*PI*18.81*18.81*0
REF*PO*0020051220
REF*ST*03933
REF*DP*043
DTM*999*20051219
RMR*IK*393320051220*PI*4.02*4.02*0
REF*PO*0020051221
REF*ST*03933
REF*DP*043
DTM*999*20051220
RMR*IK*393320051221*PI*4.02*4.02*0
REF*PO*0020051222
REF*ST*03933
REF*DP*043
DTM*999*20051221
RMR*IK*394120051215*PI*25.66*25.66*0
REF*PO*0020051216
REF*ST*03941
REF*DP*043
DTM*999*20051215
RMR*IK*394120051216*PI*30.82*30.82*0
REF*PO*0020051217
REF*ST*03941
REF*DP*043
DTM*999*20051216
RMR*IK*394120051217*PI*220.46*220.46*0
REF*PO*0020051218
REF*ST*03941
REF*DP*043
DTM*999*20051217
RMR*IK*394120051218*PI*99.86*99.86*0
REF*PO*0020051219
REF*ST*03941
REF*DP*043
DTM*999*20051218
RMR*IK*394120051219*PI*60.3*60.3*0
REF*PO*0020051220
REF*ST*03941
REF*DP*043
DTM*999*20051219
RMR*IK*394120051220*PI*67*67*0
REF*PO*0020051221
REF*ST*03941
REF*DP*043
DTM*999*20051220
RMR*IK*394120051221*PI*33.5*33.5*0
REF*PO*0020051222
REF*ST*03941
REF*DP*043
DTM*999*20051221
RMR*IK*396620051215*PI*5.36*5.36*0
REF*PO*0020051216
REF*ST*03966
REF*DP*043
DTM*999*20051215
RMR*IK*396620051216*PI*32.66*32.66*0
REF*PO*0020051217
REF*ST*03966
REF*DP*043
DTM*999*20051216
RMR*IK*396620051217*PI*77.93*77.93*0
REF*PO*0020051218
REF*ST*03966
REF*DP*043
DTM*999*20051217
RMR*IK*396620051218*PI*55.82*55.82*0
REF*PO*0020051219
REF*ST*03966
REF*DP*043
DTM*999*20051218
RMR*IK*396620051219*PI*5.36*5.36*0
REF*PO*0020051220
REF*ST*03966
REF*DP*043
DTM*999*20051219
RMR*IK*396620051220*PI*15.02*15.02*0
REF*PO*0020051221
REF*ST*03966
REF*DP*043
DTM*999*20051220
RMR*IK*397820051215*PI*13.84*13.84*0
REF*PO*0020051216
REF*ST*03978
REF*DP*043
DTM*999*20051215
RMR*IK*397820051216*PI*9.58*9.58*0
REF*PO*0020051217
REF*ST*03978
REF*DP*043
DTM*999*20051216
RMR*IK*397820051217*PI*67.12*67.12*0
REF*PO*0020051218
REF*ST*03978
REF*DP*043
DTM*999*20051217
RMR*IK*397820051218*PI*16.97*16.97*0
REF*PO*0020051219
REF*ST*03978
REF*DP*043
DTM*999*20051218
RMR*IK*397820051219*PI*30.57*30.57*0
REF*PO*0020051220
REF*ST*03978
REF*DP*043
DTM*999*20051219
RMR*IK*397820051220*PI*40.59*40.59*0
REF*PO*0020051221
REF*ST*03978
REF*DP*043
DTM*999*20051220
RMR*IK*397820051221*PI*27.27*27.27*0
REF*PO*0020051222
REF*ST*03978
REF*DP*043
DTM*999*20051221
RMR*IK*399620051215*PI*17.42*17.42*0
REF*PO*0020051216
REF*ST*03996
REF*DP*043
DTM*999*20051215
RMR*IK*399620051216*PI*74.82*74.82*0
REF*PO*0020051217
REF*ST*03996
REF*DP*043
DTM*999*20051216
RMR*IK*399620051217*PI*147.9*147.9*0
REF*PO*0020051218
REF*ST*03996
REF*DP*043
DTM*999*20051217
RMR*IK*399620051218*PI*48.94*48.94*0
REF*PO*0020051219
REF*ST*03996
REF*DP*043
DTM*999*20051218
RMR*IK*399620051219*PI*117.92*117.92*0
REF*PO*0020051220
REF*ST*03996
REF*DP*043
DTM*999*20051219
RMR*IK*399620051220*PI*112.56*112.56*0
REF*PO*0020051221
REF*ST*03996
REF*DP*043
DTM*999*20051220
RMR*IK*399620051221*PI*21.44*21.44*0
REF*PO*0020051222
REF*ST*03996
REF*DP*043
DTM*999*20051221
RMR*IK*403320051215*PI*5.36*5.36*0
REF*PO*0020051216
REF*ST*04033
REF*DP*043
DTM*999*20051215
RMR*IK*403320051216*PI*12.06*12.06*0
REF*PO*0020051217
REF*ST*04033
REF*DP*043
DTM*999*20051216
RMR*IK*403320051217*PI*10.72*10.72*0
REF*PO*0020051218
REF*ST*04033
REF*DP*043
DTM*999*20051217
RMR*IK*403320051218*PI*36.77*36.77*0
REF*PO*0020051219
REF*ST*04033
REF*DP*043
DTM*999*20051218
RMR*IK*403320051219*PI*17.42*17.42*0
REF*PO*0020051220
REF*ST*04033
REF*DP*043
DTM*999*20051219
RMR*IK*403320051220*PI*16.28*16.28*0
REF*PO*0020051221
REF*ST*04033
REF*DP*043
DTM*999*20051220
RMR*IK*403320051221*PI*5.36*5.36*0
REF*PO*0020051222
REF*ST*04033
REF*DP*043
DTM*999*20051221
RMR*IK*407120051215*PI*20.3*20.3*0
REF*PO*0020051216
REF*ST*04071
REF*DP*043
DTM*999*20051215
RMR*IK*407120051216*PI*35.73*35.73*0
REF*PO*0020051217
REF*ST*04071
REF*DP*043
DTM*999*20051216
RMR*IK*407120051217*PI*171.67*171.67*0
REF*PO*0020051218
REF*ST*04071
REF*DP*043
DTM*999*20051217
RMR*IK*407120051218*PI*130.73*130.73*0
REF*PO*0020051219
REF*ST*04071
REF*DP*043
DTM*999*20051218
RMR*IK*407120051219*PI*69.93*69.93*0
REF*PO*0020051220
REF*ST*04071
REF*DP*043
DTM*999*20051219
RMR*IK*407120051220*PI*32.91*32.91*0
REF*PO*0020051221
REF*ST*04071
REF*DP*043
DTM*999*20051220
RMR*IK*407120051221*PI*6.7*6.7*0
REF*PO*0020051222
REF*ST*04071
REF*DP*043
DTM*999*20051221
RMR*IK*407220051217*PI*8.04*8.04*0
REF*PO*0020051218
REF*ST*04072
REF*DP*043
DTM*999*20051217
RMR*IK*407220051218*PI*1.34*1.34*0
REF*PO*0020051219
REF*ST*04072
REF*DP*043
DTM*999*20051218
RMR*IK*407220051220*PI*16.08*16.08*0
REF*PO*0020051221
REF*ST*04072
REF*DP*043
DTM*999*20051220
RMR*IK*409320051215*PI*66.51*66.51*0
REF*PO*0020051216
REF*ST*04093
REF*DP*043
DTM*999*20051215
RMR*IK*409320051216*PI*46.95*46.95*0
REF*PO*0020051217
REF*ST*04093
REF*DP*043
DTM*999*20051216
RMR*IK*409320051217*PI*130.73*130.73*0
REF*PO*0020051218
REF*ST*04093
REF*DP*043
DTM*999*20051217
RMR*IK*409320051218*PI*28.14*28.14*0
REF*PO*0020051219
REF*ST*04093
REF*DP*043
DTM*999*20051218
RMR*IK*409320051219*PI*41.54*41.54*0
REF*PO*0020051220
REF*ST*04093
REF*DP*043
DTM*999*20051219
RMR*IK*409320051220*PI*182.24*182.24*0
REF*PO*0020051221
REF*ST*04093
REF*DP*043
DTM*999*20051220
RMR*IK*409320051221*PI*34.84*34.84*0
REF*PO*0020051222
REF*ST*04093
REF*DP*043
DTM*999*20051221
RMR*IK*410320051215*PI*68.34*68.34*0
REF*PO*0020051216
REF*ST*04103
REF*DP*043
DTM*999*20051215
RMR*IK*410320051216*PI*194.72*194.72*0
REF*PO*0020051217
REF*ST*04103
REF*DP*043
DTM*999*20051216
RMR*IK*410320051217*PI*179.42*179.42*0
REF*PO*0020051218
REF*ST*04103
REF*DP*043
DTM*999*20051217
RMR*IK*410320051218*PI*52.09*52.09*0
REF*PO*0020051219
REF*ST*04103
REF*DP*043
DTM*999*20051218
RMR*IK*410320051219*PI*188.43*188.43*0
REF*PO*0020051220
REF*ST*04103
REF*DP*043
DTM*999*20051219
RMR*IK*410320051220*PI*138.53*138.53*0
REF*PO*0020051221
REF*ST*04103
REF*DP*043
DTM*999*20051220
RMR*IK*410320051221*PI*167.04*167.04*0
REF*PO*0020051222
REF*ST*04103
REF*DP*043
DTM*999*20051221
RMR*IK*421320051215*PI*1.34*1.34*0
REF*PO*0020051216
REF*ST*04213
REF*DP*043
DTM*999*20051215
RMR*IK*421320051216*PI*8.04*8.04*0
REF*PO*0020051217
REF*ST*04213
REF*DP*043
DTM*999*20051216
RMR*IK*421320051217*PI*249.24*249.24*0
REF*PO*0020051218
REF*ST*04213
REF*DP*043
DTM*999*20051217
RMR*IK*421320051218*PI*44.22*44.22*0
REF*PO*0020051219
REF*ST*04213
REF*DP*043
DTM*999*20051218
RMR*IK*421320051219*PI*5.36*5.36*0
REF*PO*0020051220
REF*ST*04213
REF*DP*043
DTM*999*20051219
RMR*IK*424420051215*PI*103.59*103.59*0
REF*PO*0020051216
REF*ST*04244
REF*DP*043
DTM*999*20051215
RMR*IK*424420051216*PI*53.19*53.19*0
REF*PO*0020051217
REF*ST*04244
REF*DP*043
DTM*999*20051216
RMR*IK*424420051217*PI*198.36*198.36*0
REF*PO*0020051218
REF*ST*04244
REF*DP*043
DTM*999*20051217
RMR*IK*424420051218*PI*40.4*40.4*0
REF*PO*0020051219
REF*ST*04244
REF*DP*043
DTM*999*20051218
RMR*IK*424420051219*PI*26.8*26.8*0
REF*PO*0020051220
REF*ST*04244
REF*DP*043
DTM*999*20051219
RMR*IK*424420051220*PI*130.78*130.78*0
REF*PO*0020051221
REF*ST*04244
REF*DP*043
DTM*999*20051220
RMR*IK*424420051221*PI*155.44*155.44*0
REF*PO*0020051222
REF*ST*04244
REF*DP*043
DTM*999*20051221
RMR*IK*430820051215*PI*98.57*98.57*0
REF*PO*0020051216
REF*ST*04308
REF*DP*043
DTM*999*20051215
RMR*IK*430820051216*PI*247.95*247.95*0
REF*PO*0020051217
REF*ST*04308
REF*DP*043
DTM*999*20051216
RMR*IK*430820051217*PI*165.57*165.57*0
REF*PO*0020051218
REF*ST*04308
REF*DP*043
DTM*999*20051217
RMR*IK*430820051218*PI*56.28*56.28*0
REF*PO*0020051219
REF*ST*04308
REF*DP*043
DTM*999*20051218
RMR*IK*430820051219*PI*45.56*45.56*0
REF*PO*0020051220
REF*ST*04308
REF*DP*043
DTM*999*20051219
RMR*IK*430820051220*PI*87.1*87.1*0
REF*PO*0020051221
REF*ST*04308
REF*DP*043
DTM*999*20051220
RMR*IK*430820051221*PI*207.7*207.7*0
REF*PO*0020051222
REF*ST*04308
REF*DP*043
DTM*999*20051221
RMR*IK*431220051215*PI*21.44*21.44*0
REF*PO*0020051216
REF*ST*04312
REF*DP*043
DTM*999*20051215
RMR*IK*431220051216*PI*179.95*179.95*0
REF*PO*0020051217
REF*ST*04312
REF*DP*043
DTM*999*20051216
RMR*IK*431220051217*PI*76.43*76.43*0
REF*PO*0020051218
REF*ST*04312
REF*DP*043
DTM*999*20051217
RMR*IK*431220051218*PI*90.08*90.08*0
REF*PO*0020051219
REF*ST*04312
REF*DP*043
DTM*999*20051218
RMR*IK*431220051219*PI*71.52*71.52*0
REF*PO*0020051220
REF*ST*04312
REF*DP*043
DTM*999*20051219
RMR*IK*431220051220*PI*203.73*203.73*0
REF*PO*0020051221
REF*ST*04312
REF*DP*043
DTM*999*20051220
RMR*IK*431220051221*PI*133.06*133.06*0
REF*PO*0020051222
REF*ST*04312
REF*DP*043
DTM*999*20051221
RMR*IK*445120051215*PI*6.7*6.7*0
REF*PO*0020051216
REF*ST*04451
REF*DP*043
DTM*999*20051215
RMR*IK*445120051217*PI*2.68*2.68*0
REF*PO*0020051218
REF*ST*04451
REF*DP*043
DTM*999*20051217
RMR*IK*445120051218*PI*1.34*1.34*0
REF*PO*0020051219
REF*ST*04451
REF*DP*043
DTM*999*20051218
RMR*IK*445120051219*PI*1.34*1.34*0
REF*PO*0020051220
REF*ST*04451
REF*DP*043
DTM*999*20051219
RMR*IK*445120051221*PI*2.68*2.68*0
REF*PO*0020051222
REF*ST*04451
REF*DP*043
DTM*999*20051221
RMR*IK*447520051215*PI*103.46*103.46*0
REF*PO*0020051216
REF*ST*04475
REF*DP*043
DTM*999*20051215
RMR*IK*447520051216*PI*163.97*163.97*0
REF*PO*0020051217
REF*ST*04475
REF*DP*043
DTM*999*20051216
RMR*IK*447520051217*PI*99.86*99.86*0
REF*PO*0020051218
REF*ST*04475
REF*DP*043
DTM*999*20051217
RMR*IK*447520051218*PI*38.3*38.3*0
REF*PO*0020051219
REF*ST*04475
REF*DP*043
DTM*999*20051218
RMR*IK*447520051219*PI*219.32*219.32*0
REF*PO*0020051220
REF*ST*04475
REF*DP*043
DTM*999*20051219
RMR*IK*447520051220*PI*132.66*132.66*0
REF*PO*0020051221
REF*ST*04475
REF*DP*043
DTM*999*20051220
RMR*IK*447520051221*PI*80.85*80.85*0
REF*PO*0020051222
REF*ST*04475
REF*DP*043
DTM*999*20051221
RMR*IK*471720051215*PI*61.87*61.87*0
REF*PO*0020051216
REF*ST*04717
REF*DP*043
DTM*999*20051215
RMR*IK*471720051216*PI*31.94*31.94*0
REF*PO*0020051217
REF*ST*04717
REF*DP*043
DTM*999*20051216
RMR*IK*471720051217*PI*44.32*44.32*0
REF*PO*0020051218
REF*ST*04717
REF*DP*043
DTM*999*20051217
RMR*IK*471720051218*PI*84.62*84.62*0
REF*PO*0020051219
REF*ST*04717
REF*DP*043
DTM*999*20051218
RMR*IK*471720051219*PI*105.41*105.41*0
REF*PO*0020051220
REF*ST*04717
REF*DP*043
DTM*999*20051219
RMR*IK*471720051220*PI*41.12*41.12*0
REF*PO*0020051221
REF*ST*04717
REF*DP*043
DTM*999*20051220
RMR*IK*471720051221*PI*24.62*24.62*0
REF*PO*0020051222
REF*ST*04717
REF*DP*043
DTM*999*20051221
RMR*IK*471920051215*PI*177.08*177.08*0
REF*PO*0020051216
REF*ST*04719
REF*DP*043
DTM*999*20051215
RMR*IK*471920051216*PI*143.32*143.32*0
REF*PO*0020051217
REF*ST*04719
REF*DP*043
DTM*999*20051216
RMR*IK*471920051217*PI*312.48*312.48*0
REF*PO*0020051218
REF*ST*04719
REF*DP*043
DTM*999*20051217
RMR*IK*471920051218*PI*61.5*61.5*0
REF*PO*0020051219
REF*ST*04719
REF*DP*043
DTM*999*20051218
RMR*IK*471920051219*PI*377.93*377.93*0
REF*PO*0020051220
REF*ST*04719
REF*DP*043
DTM*999*20051219
RMR*IK*471920051220*PI*522.66*522.66*0
REF*PO*0020051221
REF*ST*04719
REF*DP*043
DTM*999*20051220
RMR*IK*471920051221*PI*84.47*84.47*0
REF*PO*0020051222
REF*ST*04719
REF*DP*043
DTM*999*20051221
RMR*IK*473920051215*PI*13.6*13.6*0
REF*PO*0020051216
REF*ST*04739
REF*DP*043
DTM*999*20051215
RMR*IK*473920051216*PI*12.06*12.06*0
REF*PO*0020051217
REF*ST*04739
REF*DP*043
DTM*999*20051216
RMR*IK*473920051217*PI*199.86*199.86*0
REF*PO*0020051218
REF*ST*04739
REF*DP*043
DTM*999*20051217
RMR*IK*473920051218*PI*48.44*48.44*0
REF*PO*0020051219
REF*ST*04739
REF*DP*043
DTM*999*20051218
RMR*IK*473920051219*PI*6.7*6.7*0
REF*PO*0020051220
REF*ST*04739
REF*DP*043
DTM*999*20051219
RMR*IK*473920051220*PI*44.22*44.22*0
REF*PO*0020051221
REF*ST*04739
REF*DP*043
DTM*999*20051220
RMR*IK*473920051221*PI*83.08*83.08*0
REF*PO*0020051222
REF*ST*04739
REF*DP*043
DTM*999*20051221
RMR*IK*475320051215*PI*19.26*19.26*0
REF*PO*0020051216
REF*ST*04753
REF*DP*043
DTM*999*20051215
RMR*IK*475320051216*PI*37.6*37.6*0
REF*PO*0020051217
REF*ST*04753
REF*DP*043
DTM*999*20051216
RMR*IK*475320051217*PI*43.38*43.38*0
REF*PO*0020051218
REF*ST*04753
REF*DP*043
DTM*999*20051217
RMR*IK*476020051215*PI*48.63*48.63*0
REF*PO*0020051216
REF*ST*04760
REF*DP*043
DTM*999*20051215
RMR*IK*476020051216*PI*184.92*184.92*0
REF*PO*0020051217
REF*ST*04760
REF*DP*043
DTM*999*20051216
RMR*IK*476020051217*PI*168.84*168.84*0
REF*PO*0020051218
REF*ST*04760
REF*DP*043
DTM*999*20051217
RMR*IK*476020051218*PI*58.96*58.96*0
REF*PO*0020051219
REF*ST*04760
REF*DP*043
DTM*999*20051218
RMR*IK*476020051219*PI*37.98*37.98*0
REF*PO*0020051220
REF*ST*04760
REF*DP*043
DTM*999*20051219
RMR*IK*476020051220*PI*12.06*12.06*0
REF*PO*0020051221
REF*ST*04760
REF*DP*043
DTM*999*20051220
RMR*IK*476020051221*PI*61.64*61.64*0
REF*PO*0020051222
REF*ST*04760
REF*DP*043
DTM*999*20051221
RMR*IK*476920051215*PI*5.36*5.36*0
REF*PO*0020051216
REF*ST*04769
REF*DP*043
DTM*999*20051215
RMR*IK*476920051216*PI*8.04*8.04*0
REF*PO*0020051217
REF*ST*04769
REF*DP*043
DTM*999*20051216
RMR*IK*476920051217*PI*37.52*37.52*0
REF*PO*0020051218
REF*ST*04769
REF*DP*043
DTM*999*20051217
RMR*IK*476920051218*PI*8.04*8.04*0
REF*PO*0020051219
REF*ST*04769
REF*DP*043
DTM*999*20051218
RMR*IK*476920051219*PI*1.34*1.34*0
REF*PO*0020051220
REF*ST*04769
REF*DP*043
DTM*999*20051219
RMR*IK*481020051216*PI*448.25*448.25*0
REF*PO*0020051217
REF*ST*04810
REF*DP*043
DTM*999*20051216
RMR*IK*481020051217*PI*635.25*635.25*0
REF*PO*0020051218
REF*ST*04810
REF*DP*043
DTM*999*20051217
RMR*IK*481020051218*PI*338.25*338.25*0
REF*PO*0020051219
REF*ST*04810
REF*DP*043
DTM*999*20051218
RMR*IK*481020051219*PI*1.38*1.38*0
REF*PO*0020051220
REF*ST*04810
REF*DP*043
DTM*999*20051219
RMR*IK*481020051220*PI*1.38*1.38*0
REF*PO*0020051221
REF*ST*04810
REF*DP*043
DTM*999*20051220
RMR*IK*481020051221*PI*1.38*1.38*0
REF*PO*0020051222
REF*ST*04810
REF*DP*043
DTM*999*20051221
RMR*IK*481720051215*PI*88.44*88.44*0
REF*PO*0020051216
REF*ST*04817
REF*DP*043
DTM*999*20051215
RMR*IK*481720051216*PI*134*134*0
REF*PO*0020051217
REF*ST*04817
REF*DP*043
DTM*999*20051216
RMR*IK*481720051217*PI*131.32*131.32*0
REF*PO*0020051218
REF*ST*04817
REF*DP*043
DTM*999*20051217
RMR*IK*481720051218*PI*80.4*80.4*0
REF*PO*0020051219
REF*ST*04817
REF*DP*043
DTM*999*20051218
RMR*IK*481720051219*PI*32.16*32.16*0
REF*PO*0020051220
REF*ST*04817
REF*DP*043
DTM*999*20051219
RMR*IK*481720051220*PI*52.26*52.26*0
REF*PO*0020051221
REF*ST*04817
REF*DP*043
DTM*999*20051220
RMR*IK*481720051221*PI*52.26*52.26*0
REF*PO*0020051222
REF*ST*04817
REF*DP*043
DTM*999*20051221
RMR*IK*483520051215*PI*26.8*26.8*0
REF*PO*0020051216
REF*ST*04835
REF*DP*043
DTM*999*20051215
RMR*IK*483520051216*PI*2.68*2.68*0
REF*PO*0020051217
REF*ST*04835
REF*DP*043
DTM*999*20051216
RMR*IK*483520051217*PI*26.8*26.8*0
REF*PO*0020051218
REF*ST*04835
REF*DP*043
DTM*999*20051217
RMR*IK*483520051218*PI*8.04*8.04*0
REF*PO*0020051219
REF*ST*04835
REF*DP*043
DTM*999*20051218
RMR*IK*483520051219*PI*2.68*2.68*0
REF*PO*0020051220
REF*ST*04835
REF*DP*043
DTM*999*20051219
RMR*IK*483520051220*PI*4.02*4.02*0
REF*PO*0020051221
REF*ST*04835
REF*DP*043
DTM*999*20051220
RMR*IK*483520051221*PI*8.04*8.04*0
REF*PO*0020051222
REF*ST*04835
REF*DP*043
DTM*999*20051221
RMR*IK*488320051215*PI*12.06*12.06*0
REF*PO*0020051216
REF*ST*04883
REF*DP*043
DTM*999*20051215
RMR*IK*488320051216*PI*14.94*14.94*0
REF*PO*0020051217
REF*ST*04883
REF*DP*043
DTM*999*20051216
RMR*IK*488320051217*PI*61.64*61.64*0
REF*PO*0020051218
REF*ST*04883
REF*DP*043
DTM*999*20051217
RMR*IK*488320051218*PI*9.38*9.38*0
REF*PO*0020051219
REF*ST*04883
REF*DP*043
DTM*999*20051218
RMR*IK*488320051219*PI*10.72*10.72*0
REF*PO*0020051220
REF*ST*04883
REF*DP*043
DTM*999*20051219
RMR*IK*488320051220*PI*8.04*8.04*0
REF*PO*0020051221
REF*ST*04883
REF*DP*043
DTM*999*20051220
RMR*IK*488320051221*PI*9.38*9.38*0
REF*PO*0020051222
REF*ST*04883
REF*DP*043
DTM*999*20051221
RMR*IK*489820051215*PI*20.3*20.3*0
REF*PO*0020051216
REF*ST*04898
REF*DP*043
DTM*999*20051215
RMR*IK*489820051216*PI*8.24*8.24*0
REF*PO*0020051217
REF*ST*04898
REF*DP*043
DTM*999*20051216
RMR*IK*489820051217*PI*55.11*55.11*0
REF*PO*0020051218
REF*ST*04898
REF*DP*043
DTM*999*20051217
RMR*IK*489820051218*PI*40.45*40.45*0
REF*PO*0020051219
REF*ST*04898
REF*DP*043
DTM*999*20051218
RMR*IK*489820051219*PI*6.7*6.7*0
REF*PO*0020051220
REF*ST*04898
REF*DP*043
DTM*999*20051219
RMR*IK*489820051220*PI*5.56*5.56*0
REF*PO*0020051221
REF*ST*04898
REF*DP*043
DTM*999*20051220
RMR*IK*489820051221*PI*19.74*19.74*0
REF*PO*0020051222
REF*ST*04898
REF*DP*043
DTM*999*20051221
RMR*IK*497020051215*PI*79.06*79.06*0
REF*PO*0020051216
REF*ST*04970
REF*DP*043
DTM*999*20051215
RMR*IK*497020051216*PI*116.78*116.78*0
REF*PO*0020051217
REF*ST*04970
REF*DP*043
DTM*999*20051216
RMR*IK*497020051217*PI*113.9*113.9*0
REF*PO*0020051218
REF*ST*04970
REF*DP*043
DTM*999*20051217
RMR*IK*497020051218*PI*41.54*41.54*0
REF*PO*0020051219
REF*ST*04970
REF*DP*043
DTM*999*20051218
RMR*IK*497020051219*PI*132.02*132.02*0
REF*PO*0020051220
REF*ST*04970
REF*DP*043
DTM*999*20051219
RMR*IK*497020051220*PI*38.86*38.86*0
REF*PO*0020051221
REF*ST*04970
REF*DP*043
DTM*999*20051220
RMR*IK*497020051221*PI*40.2*40.2*0
REF*PO*0020051222
REF*ST*04970
REF*DP*043
DTM*999*20051221
RMR*IK*502320051215*PI*25.74*25.74*0
REF*PO*0020051217
REF*ST*05023
REF*DP*043
DTM*999*20051215
RMR*IK*502320051216*PI*51.67*51.67*0
REF*PO*0020051218
REF*ST*05023
REF*DP*043
DTM*999*20051216
RMR*IK*502320051217*PI*246.02*246.02*0
REF*PO*0020051219
REF*ST*05023
REF*DP*043
DTM*999*20051217
RMR*IK*502320051218*PI*10.77*10.77*0
REF*PO*0020051220
REF*ST*05023
REF*DP*043
DTM*999*20051218
RMR*IK*502320051219*PI*5.36*5.36*0
REF*PO*0020051221
REF*ST*05023
REF*DP*043
DTM*999*20051219
RMR*IK*502320051220*PI*3.38*3.38*0
REF*PO*0020051222
REF*ST*05023
REF*DP*043
DTM*999*20051220
RMR*IK*704520051215*PI*67.7*67.7*0
REF*PO*0020051216
REF*ST*07045
REF*DP*043
DTM*999*20051215
RMR*IK*704520051216*PI*59.66*59.66*0
REF*PO*0020051217
REF*ST*07045
REF*DP*043
DTM*999*20051216
RMR*IK*704520051217*PI*235.25*235.25*0
REF*PO*0020051218
REF*ST*07045
REF*DP*043
DTM*999*20051217
RMR*IK*704520051218*PI*67*67*0
REF*PO*0020051219
REF*ST*07045
REF*DP*043
DTM*999*20051218
RMR*IK*704520051219*PI*28.14*28.14*0
REF*PO*0020051220
REF*ST*07045
REF*DP*043
DTM*999*20051219
RMR*IK*704520051220*PI*255.37*255.37*0
REF*PO*0020051221
REF*ST*07045
REF*DP*043
DTM*999*20051220
RMR*IK*704520051221*PI*209.9*209.9*0
REF*PO*0020051222
REF*ST*07045
REF*DP*043
DTM*999*20051221
RMR*IK*705920051215*PI*50.92*50.92*0
REF*PO*0020051216
REF*ST*07059
REF*DP*043
DTM*999*20051215
RMR*IK*705920051216*PI*147.4*147.4*0
REF*PO*0020051217
REF*ST*07059
REF*DP*043
DTM*999*20051216
RMR*IK*705920051217*PI*93.8*93.8*0
REF*PO*0020051218
REF*ST*07059
REF*DP*043
DTM*999*20051217
RMR*IK*705920051218*PI*18.76*18.76*0
REF*PO*0020051219
REF*ST*07059
REF*DP*043
DTM*999*20051218
RMR*IK*705920051219*PI*22.78*22.78*0
REF*PO*0020051220
REF*ST*07059
REF*DP*043
DTM*999*20051219
RMR*IK*705920051220*PI*29.48*29.48*0
REF*PO*0020051221
REF*ST*07059
REF*DP*043
DTM*999*20051220
RMR*IK*705920051221*PI*20.55*20.55*0
REF*PO*0020051222
REF*ST*07059
REF*DP*043
DTM*999*20051221
RMR*IK*706420051216*PI*11.42*11.42*0
REF*PO*0020051217
REF*ST*07064
REF*DP*043
DTM*999*20051216
RMR*IK*706420051217*PI*22.14*22.14*0
REF*PO*0020051218
REF*ST*07064
REF*DP*043
DTM*999*20051217
RMR*IK*706420051218*PI*24.82*24.82*0
REF*PO*0020051219
REF*ST*07064
REF*DP*043
DTM*999*20051218
RMR*IK*706420051219*PI*5.36*5.36*0
REF*PO*0020051220
REF*ST*07064
REF*DP*043
DTM*999*20051219
RMR*IK*706620051215*PI*70.07*70.07*0
REF*PO*0020051216
REF*ST*07066
REF*DP*043
DTM*999*20051215
RMR*IK*706620051216*PI*59.35*59.35*0
REF*PO*0020051217
REF*ST*07066
REF*DP*043
DTM*999*20051216
RMR*IK*706620051217*PI*50.92*50.92*0
REF*PO*0020051218
REF*ST*07066
REF*DP*043
DTM*999*20051217
RMR*IK*706620051218*PI*26.8*26.8*0
REF*PO*0020051219
REF*ST*07066
REF*DP*043
DTM*999*20051218
RMR*IK*706620051219*PI*16.08*16.08*0
REF*PO*0020051220
REF*ST*07066
REF*DP*043
DTM*999*20051219
RMR*IK*706620051220*PI*9.38*9.38*0
REF*PO*0020051221
REF*ST*07066
REF*DP*043
DTM*999*20051220
RMR*IK*706620051221*PI*22.78*22.78*0
REF*PO*0020051222
REF*ST*07066
REF*DP*043
DTM*999*20051221
RMR*IK*706920051215*PI*9.38*9.38*0
REF*PO*0020051216
REF*ST*07069
REF*DP*043
DTM*999*20051215
RMR*IK*706920051216*PI*18.76*18.76*0
REF*PO*0020051217
REF*ST*07069
REF*DP*043
DTM*999*20051216
RMR*IK*706920051217*PI*71.94*71.94*0
REF*PO*0020051218
REF*ST*07069
REF*DP*043
DTM*999*20051217
RMR*IK*706920051218*PI*33.5*33.5*0
REF*PO*0020051219
REF*ST*07069
REF*DP*043
DTM*999*20051218
RMR*IK*706920051219*PI*5.36*5.36*0
REF*PO*0020051220
REF*ST*07069
REF*DP*043
DTM*999*20051219
RMR*IK*706920051220*PI*12.06*12.06*0
REF*PO*0020051221
REF*ST*07069
REF*DP*043
DTM*999*20051220
RMR*IK*706920051221*PI*142.04*142.04*0
REF*PO*0020051222
REF*ST*07069
REF*DP*043
DTM*999*20051221
RMR*IK*707620051215*PI*11.64*11.64*0
REF*PO*0020051216
REF*ST*07076
REF*DP*043
DTM*999*20051215
RMR*IK*707620051216*PI*8.04*8.04*0
REF*PO*0020051217
REF*ST*07076
REF*DP*043
DTM*999*20051216
RMR*IK*707620051217*PI*73.7*73.7*0
REF*PO*0020051218
REF*ST*07076
REF*DP*043
DTM*999*20051217
RMR*IK*707620051218*PI*75.04*75.04*0
REF*PO*0020051219
REF*ST*07076
REF*DP*043
DTM*999*20051218
RMR*IK*707620051219*PI*42.88*42.88*0
REF*PO*0020051220
REF*ST*07076
REF*DP*043
DTM*999*20051219
RMR*IK*707620051220*PI*24.82*24.82*0
REF*PO*0020051221
REF*ST*07076
REF*DP*043
DTM*999*20051220
RMR*IK*707620051221*PI*6.9*6.9*0
REF*PO*0020051222
REF*ST*07076
REF*DP*043
DTM*999*20051221
RMR*IK*713220051215*PI*14.74*14.74*0
REF*PO*0020051216
REF*ST*07132
REF*DP*043
DTM*999*20051215
RMR*IK*713220051216*PI*18.76*18.76*0
REF*PO*0020051217
REF*ST*07132
REF*DP*043
DTM*999*20051216
RMR*IK*713220051217*PI*69.62*69.62*0
REF*PO*0020051218
REF*ST*07132
REF*DP*043
DTM*999*20051217
RMR*IK*713220051218*PI*33.5*33.5*0
REF*PO*0020051219
REF*ST*07132
REF*DP*043
DTM*999*20051218
RMR*IK*713220051219*PI*25.46*25.46*0
REF*PO*0020051220
REF*ST*07132
REF*DP*043
DTM*999*20051219
RMR*IK*713220051220*PI*36.02*36.02*0
REF*PO*0020051221
REF*ST*07132
REF*DP*043
DTM*999*20051220
RMR*IK*713220051221*PI*17.42*17.42*0
REF*PO*0020051222
REF*ST*07132
REF*DP*043
DTM*999*20051221
RMR*IK*714620051215*PI*18.96*18.96*0
REF*PO*0020051216
REF*ST*07146
REF*DP*043
DTM*999*20051215
RMR*IK*714620051216*PI*11.42*11.42*0
REF*PO*0020051217
REF*ST*07146
REF*DP*043
DTM*999*20051216
RMR*IK*714620051217*PI*17.17*17.17*0
REF*PO*0020051218
REF*ST*07146
REF*DP*043
DTM*999*20051217
RMR*IK*714620051218*PI*69.82*69.82*0
REF*PO*0020051219
REF*ST*07146
REF*DP*043
DTM*999*20051218
RMR*IK*714620051219*PI*45.61*45.61*0
REF*PO*0020051220
REF*ST*07146
REF*DP*043
DTM*999*20051219
RMR*IK*714620051220*PI*22.78*22.78*0
REF*PO*0020051221
REF*ST*07146
REF*DP*043
DTM*999*20051220
RMR*IK*714620051221*PI*9.38*9.38*0
REF*PO*0020051222
REF*ST*07146
REF*DP*043
DTM*999*20051221
RMR*IK*715420051215*PI*32.36*32.36*0
REF*PO*0020051216
REF*ST*07154
REF*DP*043
DTM*999*20051215
RMR*IK*715420051216*PI*10.72*10.72*0
REF*PO*0020051217
REF*ST*07154
REF*DP*043
DTM*999*20051216
RMR*IK*715420051217*PI*17.62*17.62*0
REF*PO*0020051218
REF*ST*07154
REF*DP*043
DTM*999*20051217
RMR*IK*715420051218*PI*31.74*31.74*0
REF*PO*0020051219
REF*ST*07154
REF*DP*043
DTM*999*20051218
RMR*IK*715420051219*PI*2.68*2.68*0
REF*PO*0020051220
REF*ST*07154
REF*DP*043
DTM*999*20051219
RMR*IK*715420051220*PI*2.68*2.68*0
REF*PO*0020051221
REF*ST*07154
REF*DP*043
DTM*999*20051220
RMR*IK*715420051221*PI*2.88*2.88*0
REF*PO*0020051222
REF*ST*07154
REF*DP*043
DTM*999*20051221
RMR*IK*718420051215*PI*29.68*29.68*0
REF*PO*0020051216
REF*ST*07184
REF*DP*043
DTM*999*20051215
RMR*IK*718420051216*PI*60.4*60.4*0
REF*PO*0020051217
REF*ST*07184
REF*DP*043
DTM*999*20051216
RMR*IK*718420051217*PI*149.64*149.64*0
REF*PO*0020051218
REF*ST*07184
REF*DP*043
DTM*999*20051217
RMR*IK*718420051218*PI*52.04*52.04*0
REF*PO*0020051219
REF*ST*07184
REF*DP*043
DTM*999*20051218
RMR*IK*718420051219*PI*35.43*35.43*0
REF*PO*0020051220
REF*ST*07184
REF*DP*043
DTM*999*20051219
RMR*IK*718420051220*PI*144.72*144.72*0
REF*PO*0020051221
REF*ST*07184
REF*DP*043
DTM*999*20051220
RMR*IK*718420051221*PI*85.4*85.4*0
REF*PO*0020051222
REF*ST*07184
REF*DP*043
DTM*999*20051221
RMR*IK*722320051216*PI*541.75*541.75*0
REF*PO*0020051217
REF*ST*07223
REF*DP*043
DTM*999*20051216
RMR*IK*722320051217*PI*426.25*426.25*0
REF*PO*0020051218
REF*ST*07223
REF*DP*043
DTM*999*20051217
RMR*IK*722320051218*PI*19.25*19.25*0
REF*PO*0020051219
REF*ST*07223
REF*DP*043
DTM*999*20051218
RMR*IK*722320051219*PI*5.5*5.5*0
REF*PO*0020051220
REF*ST*07223
REF*DP*043
DTM*999*20051219
RMR*IK*722320051220*PI*2.75*2.75*0
REF*PO*0020051221
REF*ST*07223
REF*DP*043
DTM*999*20051220
RMR*IK*725520051215*PI*58.96*58.96*0
REF*PO*0020051216
REF*ST*07255
REF*DP*043
DTM*999*20051215
RMR*IK*725520051216*PI*46.36*46.36*0
REF*PO*0020051217
REF*ST*07255
REF*DP*043
DTM*999*20051216
RMR*IK*725520051217*PI*223.98*223.98*0
REF*PO*0020051218
REF*ST*07255
REF*DP*043
DTM*999*20051217
RMR*IK*725520051218*PI*98.11*98.11*0
REF*PO*0020051219
REF*ST*07255
REF*DP*043
DTM*999*20051218
RMR*IK*725520051219*PI*226.84*226.84*0
REF*PO*0020051220
REF*ST*07255
REF*DP*043
DTM*999*20051219
RMR*IK*725520051220*PI*105.66*105.66*0
REF*PO*0020051221
REF*ST*07255
REF*DP*043
DTM*999*20051220
RMR*IK*725520051221*PI*138.91*138.91*0
REF*PO*0020051222
REF*ST*07255
REF*DP*043
DTM*999*20051221
RMR*IK*730820051215*PI*6.28*6.28*0
REF*PO*0020051216
REF*ST*07308
REF*DP*043
DTM*999*20051215
RMR*IK*730820051216*PI*4.02*4.02*0
REF*PO*0020051217
REF*ST*07308
REF*DP*043
DTM*999*20051216
RMR*IK*730820051217*PI*1.34*1.34*0
REF*PO*0020051218
REF*ST*07308
REF*DP*043
DTM*999*20051217
RMR*IK*730820051218*PI*12.34*12.34*0
REF*PO*0020051219
REF*ST*07308
REF*DP*043
DTM*999*20051218
RMR*IK*730820051219*PI*1.34*1.34*0
REF*PO*0020051220
REF*ST*07308
REF*DP*043
DTM*999*20051219
RMR*IK*730820051221*PI*6.28*6.28*0
REF*PO*0020051222
REF*ST*07308
REF*DP*043
DTM*999*20051221
RMR*IK*735620051215*PI*25.66*25.66*0
REF*PO*0020051216
REF*ST*07356
REF*DP*043
DTM*999*20051215
RMR*IK*735620051216*PI*5.36*5.36*0
REF*PO*0020051217
REF*ST*07356
REF*DP*043
DTM*999*20051216
RMR*IK*735620051217*PI*58.4*58.4*0
REF*PO*0020051218
REF*ST*07356
REF*DP*043
DTM*999*20051217
RMR*IK*735620051218*PI*39.06*39.06*0
REF*PO*0020051219
REF*ST*07356
REF*DP*043
DTM*999*20051218
RMR*IK*735620051219*PI*30.82*30.82*0
REF*PO*0020051220
REF*ST*07356
REF*DP*043
DTM*999*20051219
RMR*IK*735620051220*PI*8.04*8.04*0
REF*PO*0020051221
REF*ST*07356
REF*DP*043
DTM*999*20051220
RMR*IK*735620051221*PI*5.36*5.36*0
REF*PO*0020051222
REF*ST*07356
REF*DP*043
DTM*999*20051221
RMR*IK*735820051215*PI*36.43*36.43*0
REF*PO*0020051216
REF*ST*07358
REF*DP*043
DTM*999*20051215
RMR*IK*735820051216*PI*35.93*35.93*0
REF*PO*0020051217
REF*ST*07358
REF*DP*043
DTM*999*20051216
RMR*IK*735820051217*PI*149.9*149.9*0
REF*PO*0020051218
REF*ST*07358
REF*DP*043
DTM*999*20051217
RMR*IK*735820051218*PI*116.09*116.09*0
REF*PO*0020051219
REF*ST*07358
REF*DP*043
DTM*999*20051218
RMR*IK*735820051219*PI*99.16*99.16*0
REF*PO*0020051220
REF*ST*07358
REF*DP*043
DTM*999*20051219
RMR*IK*735820051220*PI*168.84*168.84*0
REF*PO*0020051221
REF*ST*07358
REF*DP*043
DTM*999*20051220
RMR*IK*735820051221*PI*123.28*123.28*0
REF*PO*0020051222
REF*ST*07358
REF*DP*043
DTM*999*20051221
RMR*IK*736220051215*PI*42.88*42.88*0
REF*PO*0020051216
REF*ST*07362
REF*DP*043
DTM*999*20051215
RMR*IK*736220051216*PI*18.76*18.76*0
REF*PO*0020051217
REF*ST*07362
REF*DP*043
DTM*999*20051216
RMR*IK*736220051217*PI*5.36*5.36*0
REF*PO*0020051218
REF*ST*07362
REF*DP*043
DTM*999*20051217
RMR*IK*736220051219*PI*1.34*1.34*0
REF*PO*0020051220
REF*ST*07362
REF*DP*043
DTM*999*20051219
RMR*IK*738420051216*PI*5.5*5.5*0
REF*PO*0020051217
REF*ST*07384
REF*DP*043
DTM*999*20051216
RMR*IK*738420051217*PI*214.5*214.5*0
REF*PO*0020051218
REF*ST*07384
REF*DP*043
DTM*999*20051217
RMR*IK*738420051218*PI*57.75*57.75*0
REF*PO*0020051219
REF*ST*07384
REF*DP*043
DTM*999*20051218
RMR*IK*738420051219*PI*64.63*64.63*0
REF*PO*0020051220
REF*ST*07384
REF*DP*043
DTM*999*20051219
RMR*IK*738420051220*PI*63.25*63.25*0
REF*PO*0020051221
REF*ST*07384
REF*DP*043
DTM*999*20051220
RMR*IK*738420051221*PI*23.38*23.38*0
REF*PO*0020051222
REF*ST*07384
REF*DP*043
DTM*999*20051221
RMR*IK*743720051215*PI*26.8*26.8*0
REF*PO*0020051216
REF*ST*07437
REF*DP*043
DTM*999*20051215
RMR*IK*743720051216*PI*17.42*17.42*0
REF*PO*0020051217
REF*ST*07437
REF*DP*043
DTM*999*20051216
RMR*IK*743720051217*PI*12.11*12.11*0
REF*PO*0020051218
REF*ST*07437
REF*DP*043
DTM*999*20051217
RMR*IK*743720051218*PI*61.69*61.69*0
REF*PO*0020051219
REF*ST*07437
REF*DP*043
DTM*999*20051218
RMR*IK*743720051219*PI*44.92*44.92*0
REF*PO*0020051220
REF*ST*07437
REF*DP*043
DTM*999*20051219
RMR*IK*743720051220*PI*39.56*39.56*0
REF*PO*0020051221
REF*ST*07437
REF*DP*043
DTM*999*20051220
RMR*IK*743720051221*PI*21.44*21.44*0
REF*PO*0020051222
REF*ST*07437
REF*DP*043
DTM*999*20051221
RMR*IK*746020051215*PI*20.1*20.1*0
REF*PO*0020051216
REF*ST*07460
REF*DP*043
DTM*999*20051215
RMR*IK*746020051216*PI*28.14*28.14*0
REF*PO*0020051217
REF*ST*07460
REF*DP*043
DTM*999*20051216
RMR*IK*746020051217*PI*109.88*109.88*0
REF*PO*0020051218
REF*ST*07460
REF*DP*043
DTM*999*20051217
RMR*IK*746020051218*PI*20.1*20.1*0
REF*PO*0020051219
REF*ST*07460
REF*DP*043
DTM*999*20051218
RMR*IK*746020051219*PI*30.82*30.82*0
REF*PO*0020051220
REF*ST*07460
REF*DP*043
DTM*999*20051219
RMR*IK*746020051220*PI*13.4*13.4*0
REF*PO*0020051221
REF*ST*07460
REF*DP*043
DTM*999*20051220
RMR*IK*746020051221*PI*67*67*0
REF*PO*0020051222
REF*ST*07460
REF*DP*043
DTM*999*20051221
RMR*IK*746120051215*PI*47.1*47.1*0
REF*PO*0020051216
REF*ST*07461
REF*DP*043
DTM*999*20051215
RMR*IK*746120051216*PI*29.68*29.68*0
REF*PO*0020051217
REF*ST*07461
REF*DP*043
DTM*999*20051216
RMR*IK*746120051217*PI*65.86*65.86*0
REF*PO*0020051218
REF*ST*07461
REF*DP*043
DTM*999*20051217
RMR*IK*746120051218*PI*57.62*57.62*0
REF*PO*0020051219
REF*ST*07461
REF*DP*043
DTM*999*20051218
RMR*IK*746120051219*PI*66.44*66.44*0
REF*PO*0020051220
REF*ST*07461
REF*DP*043
DTM*999*20051219
RMR*IK*746120051220*PI*64.32*64.32*0
REF*PO*0020051221
REF*ST*07461
REF*DP*043
DTM*999*20051220
RMR*IK*746120051221*PI*49.58*49.58*0
REF*PO*0020051222
REF*ST*07461
REF*DP*043
DTM*999*20051221
RMR*IK*760720051215*PI*28.53*28.53*0
REF*PO*0020051216
REF*ST*07607
REF*DP*043
DTM*999*20051215
RMR*IK*760720051216*PI*41.93*41.93*0
REF*PO*0020051217
REF*ST*07607
REF*DP*043
DTM*999*20051216
RMR*IK*760720051217*PI*174.73*174.73*0
REF*PO*0020051218
REF*ST*07607
REF*DP*043
DTM*999*20051217
RMR*IK*760720051218*PI*95.14*95.14*0
REF*PO*0020051219
REF*ST*07607
REF*DP*043
DTM*999*20051218
RMR*IK*760720051219*PI*41.74*41.74*0
REF*PO*0020051220
REF*ST*07607
REF*DP*043
DTM*999*20051219
RMR*IK*760720051220*PI*30.07*30.07*0
REF*PO*0020051221
REF*ST*07607
REF*DP*043
DTM*999*20051220
RMR*IK*760720051221*PI*130.48*130.48*0
REF*PO*0020051222
REF*ST*07607
REF*DP*043
DTM*999*20051221
RMR*IK*761020051215*PI*32.86*32.86*0
REF*PO*0020051216
REF*ST*07610
REF*DP*043
DTM*999*20051215
RMR*IK*761020051216*PI*32.86*32.86*0
REF*PO*0020051217
REF*ST*07610
REF*DP*043
DTM*999*20051216
RMR*IK*761020051217*PI*132.76*132.76*0
REF*PO*0020051218
REF*ST*07610
REF*DP*043
DTM*999*20051217
RMR*IK*761020051218*PI*38.22*38.22*0
REF*PO*0020051219
REF*ST*07610
REF*DP*043
DTM*999*20051218
RMR*IK*761020051219*PI*32.91*32.91*0
REF*PO*0020051220
REF*ST*07610
REF*DP*043
DTM*999*20051219
RMR*IK*761020051220*PI*16.13*16.13*0
REF*PO*0020051221
REF*ST*07610
REF*DP*043
DTM*999*20051220
RMR*IK*761020051221*PI*4.02*4.02*0
REF*PO*0020051222
REF*ST*07610
REF*DP*043
DTM*999*20051221
RMR*IK*762320051216*PI*88*88*0
REF*PO*0020051217
REF*ST*07623
REF*DP*043
DTM*999*20051216
RMR*IK*762320051217*PI*5.5*5.5*0
REF*PO*0020051219
REF*ST*07623
REF*DP*043
DTM*999*20051217
RMR*IK*762320051217*PI*462*462*0
REF*PO*0020051218
REF*ST*07623
REF*DP*043
DTM*999*20051217
RMR*IK*762320051218*PI*363*363*0
REF*PO*0020051219
REF*ST*07623
REF*DP*043
DTM*999*20051218
RMR*IK*762320051219*PI*39.88*39.88*0
REF*PO*0020051220
REF*ST*07623
REF*DP*043
DTM*999*20051219
RMR*IK*762320051220*PI*13.75*13.75*0
REF*PO*0020051221
REF*ST*07623
REF*DP*043
DTM*999*20051220
RMR*IK*762920051215*PI*28.19*28.19*0
REF*PO*0020051216
REF*ST*07629
REF*DP*043
DTM*999*20051215
RMR*IK*762920051216*PI*193.76*193.76*0
REF*PO*0020051217
REF*ST*07629
REF*DP*043
DTM*999*20051216
RMR*IK*762920051217*PI*28.89*28.89*0
REF*PO*0020051218
REF*ST*07629
REF*DP*043
DTM*999*20051217
RMR*IK*762920051218*PI*8.74*8.74*0
REF*PO*0020051219
REF*ST*07629
REF*DP*043
DTM*999*20051218
RMR*IK*762920051219*PI*29.06*29.06*0
REF*PO*0020051220
REF*ST*07629
REF*DP*043
DTM*999*20051219
RMR*IK*762920051220*PI*95.14*95.14*0
REF*PO*0020051221
REF*ST*07629
REF*DP*043
DTM*999*20051220
RMR*IK*762920051221*PI*214.4*214.4*0
REF*PO*0020051222
REF*ST*07629
REF*DP*043
DTM*999*20051221
RMR*IK*763720051215*PI*10.72*10.72*0
REF*PO*0020051216
REF*ST*07637
REF*DP*043
DTM*999*20051215
RMR*IK*763720051216*PI*9.38*9.38*0
REF*PO*0020051217
REF*ST*07637
REF*DP*043
DTM*999*20051216
RMR*IK*763720051217*PI*36.18*36.18*0
REF*PO*0020051218
REF*ST*07637
REF*DP*043
DTM*999*20051217
RMR*IK*763720051218*PI*76.38*76.38*0
REF*PO*0020051219
REF*ST*07637
REF*DP*043
DTM*999*20051218
RMR*IK*763720051219*PI*10.72*10.72*0
REF*PO*0020051220
REF*ST*07637
REF*DP*043
DTM*999*20051219
RMR*IK*763720051220*PI*21.44*21.44*0
REF*PO*0020051221
REF*ST*07637
REF*DP*043
DTM*999*20051220
RMR*IK*763720051221*PI*16.08*16.08*0
REF*PO*0020051222
REF*ST*07637
REF*DP*043
DTM*999*20051221
RMR*IK*771820051215*PI*1.34*1.34*0
REF*PO*0020051216
REF*ST*07718
REF*DP*043
DTM*999*20051215
RMR*IK*771820051216*PI*6.9*6.9*0
REF*PO*0020051217
REF*ST*07718
REF*DP*043
DTM*999*20051216
RMR*IK*771820051217*PI*5.56*5.56*0
REF*PO*0020051218
REF*ST*07718
REF*DP*043
DTM*999*20051217
RMR*IK*771820051219*PI*5.75*5.75*0
REF*PO*0020051220
REF*ST*07718
REF*DP*043
DTM*999*20051219
RMR*IK*771820051221*PI*6.9*6.9*0
REF*PO*0020051222
REF*ST*07718
REF*DP*043
DTM*999*20051221
RMR*IK*771920051215*PI*171.13*171.13*0
REF*PO*0020051216
REF*ST*07719
REF*DP*043
DTM*999*20051215
RMR*IK*771920051216*PI*147.79*147.79*0
REF*PO*0020051217
REF*ST*07719
REF*DP*043
DTM*999*20051216
RMR*IK*771920051217*PI*109.88*109.88*0
REF*PO*0020051218
REF*ST*07719
REF*DP*043
DTM*999*20051217
RMR*IK*771920051218*PI*64.32*64.32*0
REF*PO*0020051219
REF*ST*07719
REF*DP*043
DTM*999*20051218
RMR*IK*771920051219*PI*28.6*28.6*0
REF*PO*0020051220
REF*ST*07719
REF*DP*043
DTM*999*20051219
RMR*IK*771920051220*PI*13.4*13.4*0
REF*PO*0020051221
REF*ST*07719
REF*DP*043
DTM*999*20051220
RMR*IK*771920051221*PI*6.7*6.7*0
REF*PO*0020051222
REF*ST*07719
REF*DP*043
DTM*999*20051221
RMR*IK*952020051215*PI*228.25*228.25*0
REF*PO*0020051216
REF*ST*09520
REF*DP*043
DTM*999*20051215
RMR*IK*952020051216*PI*167.75*167.75*0
REF*PO*0020051217
REF*ST*09520
REF*DP*043
DTM*999*20051216
RMR*IK*952020051217*PI*198*198*0
REF*PO*0020051218
REF*ST*09520
REF*DP*043
DTM*999*20051217
RMR*IK*952020051218*PI*195.25*195.25*0
REF*PO*0020051219
REF*ST*09520
REF*DP*043
DTM*999*20051218
RMR*IK*952020051219*PI*55*55*0
REF*PO*0020051220
REF*ST*09520
REF*DP*043
DTM*999*20051219
RMR*IK*952020051220*PI*4.13*4.13*0
REF*PO*0020051221
REF*ST*09520
REF*DP*043
DTM*999*20051220
RMR*IK*952020051221*PI*8.25*8.25*0
REF*PO*0020051222
REF*ST*09520
REF*DP*043
DTM*999*20051221
RMR*IK*956020051215*PI*4.02*4.02*0
REF*PO*0020051216
REF*ST*09560
REF*DP*043
DTM*999*20051215
RMR*IK*956020051216*PI*4.02*4.02*0
REF*PO*0020051217
REF*ST*09560
REF*DP*043
DTM*999*20051216
RMR*IK*956020051217*PI*17.42*17.42*0
REF*PO*0020051218
REF*ST*09560
REF*DP*043
DTM*999*20051217
RMR*IK*956020051218*PI*5.36*5.36*0
REF*PO*0020051219
REF*ST*09560
REF*DP*043
DTM*999*20051218
RMR*IK*956020051220*PI*2.68*2.68*0
REF*PO*0020051221
REF*ST*09560
REF*DP*043
DTM*999*20051220
RMR*IK*956020051221*PI*6.7*6.7*0
REF*PO*0020051222
REF*ST*09560
REF*DP*043
DTM*999*20051221
RMR*IK*957120051215*PI*18.76*18.76*0
REF*PO*0020051216
REF*ST*09571
REF*DP*043
DTM*999*20051215
RMR*IK*957120051216*PI*45.56*45.56*0
REF*PO*0020051217
REF*ST*09571
REF*DP*043
DTM*999*20051216
RMR*IK*957120051217*PI*83.08*83.08*0
REF*PO*0020051218
REF*ST*09571
REF*DP*043
DTM*999*20051217
RMR*IK*957120051218*PI*29.48*29.48*0
REF*PO*0020051219
REF*ST*09571
REF*DP*043
DTM*999*20051218
RMR*IK*957120051219*PI*5.36*5.36*0
REF*PO*0020051220
REF*ST*09571
REF*DP*043
DTM*999*20051219
RMR*IK*957120051220*PI*12.06*12.06*0
REF*PO*0020051221
REF*ST*09571
REF*DP*043
DTM*999*20051220
RMR*IK*957120051221*PI*12.06*12.06*0
REF*PO*0020051222
REF*ST*09571
REF*DP*043
DTM*999*20051221
RMR*IK*962020051215*PI*65.1*65.1*0
REF*PO*0020051216
REF*ST*09620
REF*DP*043
DTM*999*20051215
RMR*IK*962020051216*PI*62.34*62.34*0
REF*PO*0020051217
REF*ST*09620
REF*DP*043
DTM*999*20051216
RMR*IK*962020051217*PI*38.22*38.22*0
REF*PO*0020051218
REF*ST*09620
REF*DP*043
DTM*999*20051217
RMR*IK*962020051218*PI*46.26*46.26*0
REF*PO*0020051219
REF*ST*09620
REF*DP*043
DTM*999*20051218
RMR*IK*962020051219*PI*44.23*44.23*0
REF*PO*0020051220
REF*ST*09620
REF*DP*043
DTM*999*20051219
RMR*IK*962020051220*PI*25.02*25.02*0
REF*PO*0020051221
REF*ST*09620
REF*DP*043
DTM*999*20051220
RMR*IK*962020051221*PI*77.28*77.28*0
REF*PO*0020051222
REF*ST*09620
REF*DP*043
DTM*999*20051221
RMR*IK*962120051215*PI*51.72*51.72*0
REF*PO*0020051216
REF*ST*09621
REF*DP*043
DTM*999*20051215
RMR*IK*962120051216*PI*38.86*38.86*0
REF*PO*0020051217
REF*ST*09621
REF*DP*043
DTM*999*20051216
RMR*IK*962120051217*PI*234.96*234.96*0
REF*PO*0020051218
REF*ST*09621
REF*DP*043
DTM*999*20051217
RMR*IK*962120051218*PI*104.52*104.52*0
REF*PO*0020051219
REF*ST*09621
REF*DP*043
DTM*999*20051218
RMR*IK*962120051219*PI*109.88*109.88*0
REF*PO*0020051220
REF*ST*09621
REF*DP*043
DTM*999*20051219
RMR*IK*962120051220*PI*123.28*123.28*0
REF*PO*0020051221
REF*ST*09621
REF*DP*043
DTM*999*20051220
RMR*IK*962120051221*PI*236.45*236.45*0
REF*PO*0020051222
REF*ST*09621
REF*DP*043
DTM*999*20051221
RMR*IK*962220051215*PI*13.4*13.4*0
REF*PO*0020051216
REF*ST*09622
REF*DP*043
DTM*999*20051215
RMR*IK*962220051216*PI*56.28*56.28*0
REF*PO*0020051217
REF*ST*09622
REF*DP*043
DTM*999*20051216
RMR*IK*962220051217*PI*54.3*54.3*0
REF*PO*0020051218
REF*ST*09622
REF*DP*043
DTM*999*20051217
RMR*IK*962220051218*PI*34.84*34.84*0
REF*PO*0020051219
REF*ST*09622
REF*DP*043
DTM*999*20051218
RMR*IK*962220051219*PI*48.24*48.24*0
REF*PO*0020051220
REF*ST*09622
REF*DP*043
DTM*999*20051219
RMR*IK*962220051220*PI*36.18*36.18*0
REF*PO*0020051221
REF*ST*09622
REF*DP*043
DTM*999*20051220
RMR*IK*962220051221*PI*13.4*13.4*0
REF*PO*0020051222
REF*ST*09622
REF*DP*043
DTM*999*20051221
RMR*IK*962320051215*PI*1.34*1.34*0
REF*PO*0020051216
REF*ST*09623
REF*DP*043
DTM*999*20051215
RMR*IK*962320051216*PI*5.36*5.36*0
REF*PO*0020051217
REF*ST*09623
REF*DP*043
DTM*999*20051216
RMR*IK*962320051217*PI*2.68*2.68*0
REF*PO*0020051218
REF*ST*09623
REF*DP*043
DTM*999*20051217
RMR*IK*962320051218*PI*4.02*4.02*0
REF*PO*0020051219
REF*ST*09623
REF*DP*043
DTM*999*20051218
RMR*IK*962320051221*PI*8.04*8.04*0
REF*PO*0020051222
REF*ST*09623
REF*DP*043
DTM*999*20051221
RMR*IK*962520051215*PI*24.12*24.12*0
REF*PO*0020051216
REF*ST*09625
REF*DP*043
DTM*999*20051215
RMR*IK*962520051216*PI*10.72*10.72*0
REF*PO*0020051217
REF*ST*09625
REF*DP*043
DTM*999*20051216
RMR*IK*962520051217*PI*46.9*46.9*0
REF*PO*0020051218
REF*ST*09625
REF*DP*043
DTM*999*20051217
RMR*IK*962520051218*PI*25.46*25.46*0
REF*PO*0020051219
REF*ST*09625
REF*DP*043
DTM*999*20051218
RMR*IK*962520051219*PI*15.66*15.66*0
REF*PO*0020051220
REF*ST*09625
REF*DP*043
DTM*999*20051219
RMR*IK*962520051220*PI*10.72*10.72*0
REF*PO*0020051221
REF*ST*09625
REF*DP*043
DTM*999*20051220
RMR*IK*962520051221*PI*8.04*8.04*0
REF*PO*0020051222
REF*ST*09625
REF*DP*043
DTM*999*20051221
RMR*IK*962920051215*PI*52.85*52.85*0
REF*PO*0020051216
REF*ST*09629
REF*DP*043
DTM*999*20051215
RMR*IK*962920051216*PI*89.88*89.88*0
REF*PO*0020051217
REF*ST*09629
REF*DP*043
DTM*999*20051216
RMR*IK*962920051217*PI*289.53*289.53*0
REF*PO*0020051218
REF*ST*09629
REF*DP*043
DTM*999*20051217
RMR*IK*962920051218*PI*70.48*70.48*0
REF*PO*0020051219
REF*ST*09629
REF*DP*043
DTM*999*20051218
RMR*IK*962920051219*PI*249.24*249.24*0
REF*PO*0020051220
REF*ST*09629
REF*DP*043
DTM*999*20051219
RMR*IK*962920051220*PI*80.4*80.4*0
REF*PO*0020051221
REF*ST*09629
REF*DP*043
DTM*999*20051220
RMR*IK*962920051221*PI*271.66*271.66*0
REF*PO*0020051222
REF*ST*09629
REF*DP*043
DTM*999*20051221
RMR*IK*963320051215*PI*96.92*96.92*0
REF*PO*0020051216
REF*ST*09633
REF*DP*043
DTM*999*20051215
RMR*IK*963320051216*PI*117.9*117.9*0
REF*PO*0020051217
REF*ST*09633
REF*DP*043
DTM*999*20051216
RMR*IK*963320051217*PI*269.05*269.05*0
REF*PO*0020051218
REF*ST*09633
REF*DP*043
DTM*999*20051217
RMR*IK*963320051218*PI*125.71*125.71*0
REF*PO*0020051219
REF*ST*09633
REF*DP*043
DTM*999*20051218
RMR*IK*963320051219*PI*68.34*68.34*0
REF*PO*0020051220
REF*ST*09633
REF*DP*043
DTM*999*20051219
RMR*IK*963320051220*PI*255.16*255.16*0
REF*PO*0020051221
REF*ST*09633
REF*DP*043
DTM*999*20051220
RMR*IK*963320051221*PI*165.92*165.92*0
REF*PO*0020051222
REF*ST*09633
REF*DP*043
DTM*999*20051221
RMR*IK*963920051215*PI*14.74*14.74*0
REF*PO*0020051216
REF*ST*09639
REF*DP*043
DTM*999*20051215
RMR*IK*963920051216*PI*28.14*28.14*0
REF*PO*0020051217
REF*ST*09639
REF*DP*043
DTM*999*20051216
RMR*IK*963920051217*PI*108.68*108.68*0
REF*PO*0020051218
REF*ST*09639
REF*DP*043
DTM*999*20051217
RMR*IK*963920051218*PI*52.29*52.29*0
REF*PO*0020051219
REF*ST*09639
REF*DP*043
DTM*999*20051218
RMR*IK*963920051219*PI*12.06*12.06*0
REF*PO*0020051220
REF*ST*09639
REF*DP*043
DTM*999*20051219
RMR*IK*963920051220*PI*4.22*4.22*0
REF*PO*0020051221
REF*ST*09639
REF*DP*043
DTM*999*20051220
RMR*IK*963920051221*PI*5.36*5.36*0
REF*PO*0020051222
REF*ST*09639
REF*DP*043
DTM*999*20051221
RMR*IK*964820051215*PI*57.67*57.67*0
REF*PO*0020051216
REF*ST*09648
REF*DP*043
DTM*999*20051215
RMR*IK*964820051216*PI*36.23*36.23*0
REF*PO*0020051217
REF*ST*09648
REF*DP*043
DTM*999*20051216
RMR*IK*964820051217*PI*75.84*75.84*0
REF*PO*0020051218
REF*ST*09648
REF*DP*043
DTM*999*20051217
RMR*IK*964820051218*PI*42.88*42.88*0
REF*PO*0020051219
REF*ST*09648
REF*DP*043
DTM*999*20051218
RMR*IK*964820051219*PI*60.3*60.3*0
REF*PO*0020051220
REF*ST*09648
REF*DP*043
DTM*999*20051219
RMR*IK*964820051220*PI*246.77*246.77*0
REF*PO*0020051221
REF*ST*09648
REF*DP*043
DTM*999*20051220
RMR*IK*964820051221*PI*185.4*185.4*0
REF*PO*0020051222
REF*ST*09648
REF*DP*043
DTM*999*20051221
RMR*IK*967420051215*PI*22.78*22.78*0
REF*PO*0020051216
REF*ST*09674
REF*DP*043
DTM*999*20051215
RMR*IK*967420051216*PI*49.86*49.86*0
REF*PO*0020051217
REF*ST*09674
REF*DP*043
DTM*999*20051216
RMR*IK*967420051217*PI*169.23*169.23*0
REF*PO*0020051218
REF*ST*09674
REF*DP*043
DTM*999*20051217
RMR*IK*967420051218*PI*32.16*32.16*0
REF*PO*0020051219
REF*ST*09674
REF*DP*043
DTM*999*20051218
RMR*IK*967420051219*PI*52.26*52.26*0
REF*PO*0020051220
REF*ST*09674
REF*DP*043
DTM*999*20051219
RMR*IK*967420051220*PI*144.3*144.3*0
REF*PO*0020051221
REF*ST*09674
REF*DP*043
DTM*999*20051220
RMR*IK*967420051221*PI*64.32*64.32*0
REF*PO*0020051222
REF*ST*09674
REF*DP*043
DTM*999*20051221
RMR*IK*971120051215*PI*24.12*24.12*0
REF*PO*0020051216
REF*ST*09711
REF*DP*043
DTM*999*20051215
RMR*IK*971120051216*PI*5.36*5.36*0
REF*PO*0020051217
REF*ST*09711
REF*DP*043
DTM*999*20051216
RMR*IK*971120051217*PI*30.82*30.82*0
REF*PO*0020051218
REF*ST*09711
REF*DP*043
DTM*999*20051217
RMR*IK*971120051218*PI*40.9*40.9*0
REF*PO*0020051219
REF*ST*09711
REF*DP*043
DTM*999*20051218
RMR*IK*971120051219*PI*30.82*30.82*0
REF*PO*0020051220
REF*ST*09711
REF*DP*043
DTM*999*20051219
RMR*IK*971120051220*PI*6.7*6.7*0
REF*PO*0020051221
REF*ST*09711
REF*DP*043
DTM*999*20051220
RMR*IK*971120051221*PI*22.78*22.78*0
REF*PO*0020051222
REF*ST*09711
REF*DP*043
DTM*999*20051221
RMR*IK*972820051215*PI*21.44*21.44*0
REF*PO*0020051216
REF*ST*09728
REF*DP*043
DTM*999*20051215
RMR*IK*972820051216*PI*25.46*25.46*0
REF*PO*0020051217
REF*ST*09728
REF*DP*043
DTM*999*20051216
RMR*IK*972820051217*PI*114.26*114.26*0
REF*PO*0020051218
REF*ST*09728
REF*DP*043
DTM*999*20051217
RMR*IK*972820051218*PI*28.31*28.31*0
REF*PO*0020051219
REF*ST*09728
REF*DP*043
DTM*999*20051218
RMR*IK*972820051219*PI*71.02*71.02*0
REF*PO*0020051220
REF*ST*09728
REF*DP*043
DTM*999*20051219
RMR*IK*972820051220*PI*44.22*44.22*0
REF*PO*0020051221
REF*ST*09728
REF*DP*043
DTM*999*20051220
RMR*IK*972820051221*PI*58.96*58.96*0
REF*PO*0020051222
REF*ST*09728
REF*DP*043
DTM*999*20051221
RMR*IK*973520051215*PI*24.12*24.12*0
REF*PO*0020051216
REF*ST*09735
REF*DP*043
DTM*999*20051215
RMR*IK*973520051216*PI*17.42*17.42*0
REF*PO*0020051217
REF*ST*09735
REF*DP*043
DTM*999*20051216
RMR*IK*973520051217*PI*32.16*32.16*0
REF*PO*0020051218
REF*ST*09735
REF*DP*043
DTM*999*20051217
RMR*IK*973520051218*PI*50.92*50.92*0
REF*PO*0020051219
REF*ST*09735
REF*DP*043
DTM*999*20051218
RMR*IK*973520051219*PI*53.6*53.6*0
REF*PO*0020051220
REF*ST*09735
REF*DP*043
DTM*999*20051219
RMR*IK*973520051220*PI*46.9*46.9*0
REF*PO*0020051221
REF*ST*09735
REF*DP*043
DTM*999*20051220
RMR*IK*973520051221*PI*5.36*5.36*0
REF*PO*0020051222
REF*ST*09735
REF*DP*043
DTM*999*20051221
RMR*IK*975820051215*PI*32.16*32.16*0
REF*PO*0020051216
REF*ST*09758
REF*DP*043
DTM*999*20051215
RMR*IK*975820051216*PI*37.52*37.52*0
REF*PO*0020051217
REF*ST*09758
REF*DP*043
DTM*999*20051216
RMR*IK*975820051217*PI*117.92*117.92*0
REF*PO*0020051218
REF*ST*09758
REF*DP*043
DTM*999*20051217
RMR*IK*975820051218*PI*52.26*52.26*0
REF*PO*0020051219
REF*ST*09758
REF*DP*043
DTM*999*20051218
RMR*IK*975820051219*PI*20.1*20.1*0
REF*PO*0020051220
REF*ST*09758
REF*DP*043
DTM*999*20051219
RMR*IK*975820051220*PI*54.94*54.94*0
REF*PO*0020051221
REF*ST*09758
REF*DP*043
DTM*999*20051220
RMR*IK*975820051221*PI*144.72*144.72*0
REF*PO*0020051222
REF*ST*09758
REF*DP*043
DTM*999*20051221
SE*3349*0001
GE*1*1000006
IEA*1*001000006
*** SUPERTRACS READY FOR INPUT
