ISA*00*          *00*          *09*006985290EFT   *12*6154525825     *051017*1440*U*00400*000100303*0*P*>
GS*RA*006985290EFT*6154525825*20051017*14404596*100212*X*004010
ST*820*000000001
BPR*I*20226.07*C*ACH*CCP*01*021000018*DA*0300955622*9008965873**01*064102601*DA*3000289*20051018*VEN
TRN*3*770143710*9008965873
DTM*097*20051017
N1*PR*KMART CORPORATION*1*008965873
N1*PE*YOUNGS FARMS*92*00069099588
N1*SE*YOUNGS FARMS*92*00069099588
ENT*1
RMR*IK*306320050915*PI*14.7*14.7*0
REF*PO*0020050916
REF*ST*03063
REF*DP*043
DTM*999*20050915
RMR*IK*306320050916*PI*10.5*10.5*0
REF*PO*0020050917
REF*ST*03063
REF*DP*043
DTM*999*20050916
RMR*IK*306320050917*PI*38.7*38.7*0
REF*PO*0020050918
REF*ST*03063
REF*DP*043
DTM*999*20050917
RMR*IK*306320050918*PI*23.1*23.1*0
REF*PO*0020050919
REF*ST*03063
REF*DP*043
DTM*999*20050918
RMR*IK*306320050919*PI*13.05*13.05*0
REF*PO*0020050920
REF*ST*03063
REF*DP*043
DTM*999*20050919
RMR*IK*308320050915*PI*10.5*10.5*0
REF*PO*0020050916
REF*ST*03083
REF*DP*043
DTM*999*20050915
RMR*IK*308320050916*PI*37.8*37.8*0
REF*PO*0020050917
REF*ST*03083
REF*DP*043
DTM*999*20050916
RMR*IK*308320050917*PI*70.65*70.65*0
REF*PO*0020050918
REF*ST*03083
REF*DP*043
DTM*999*20050917
RMR*IK*308320050918*PI*32.7*32.7*0
REF*PO*0020050919
REF*ST*03083
REF*DP*043
DTM*999*20050918
RMR*IK*308320050919*PI*32.7*32.7*0
REF*PO*0020050920
REF*ST*03083
REF*DP*043
DTM*999*20050919
RMR*IK*308320050920*PI*49.6*49.6*0
REF*PO*0020050921
REF*ST*03083
REF*DP*043
DTM*999*20050920
RMR*IK*308320050921*PI*19.25*19.25*0
REF*PO*0020050922
REF*ST*03083
REF*DP*043
DTM*999*20050921
RMR*IK*308420050915*PI*2.1*2.1*0
REF*PO*0020050916
REF*ST*03084
REF*DP*043
DTM*999*20050915
RMR*IK*308420050916*PI*33.6*33.6*0
REF*PO*0020050917
REF*ST*03084
REF*DP*043
DTM*999*20050916
RMR*IK*308420050917*PI*96.6*96.6*0
REF*PO*0020050918
REF*ST*03084
REF*DP*043
DTM*999*20050917
RMR*IK*308420050918*PI*56.7*56.7*0
REF*PO*0020050919
REF*ST*03084
REF*DP*043
DTM*999*20050918
RMR*IK*308420050919*PI*50.4*50.4*0
REF*PO*0020050920
REF*ST*03084
REF*DP*043
DTM*999*20050919
RMR*IK*308420050920*PI*35.7*35.7*0
REF*PO*0020050921
REF*ST*03084
REF*DP*043
DTM*999*20050920
RMR*IK*308420050921*PI*5.45*5.45*0
REF*PO*0020050922
REF*ST*03084
REF*DP*043
DTM*999*20050921
RMR*IK*310320050915*PI*56.53*56.53*0
REF*PO*0020050916
REF*ST*03103
REF*DP*043
DTM*999*20050915
RMR*IK*310320050916*PI*49.48*49.48*0
REF*PO*0020050917
REF*ST*03103
REF*DP*043
DTM*999*20050916
RMR*IK*310320050917*PI*65.63*65.63*0
REF*PO*0020050918
REF*ST*03103
REF*DP*043
DTM*999*20050917
RMR*IK*310320050918*PI*88.92*88.92*0
REF*PO*0020050919
REF*ST*03103
REF*DP*043
DTM*999*20050918
RMR*IK*310320050919*PI*40.8*40.8*0
REF*PO*0020050920
REF*ST*03103
REF*DP*043
DTM*999*20050919
RMR*IK*310320050920*PI*43.22*43.22*0
REF*PO*0020050921
REF*ST*03103
REF*DP*043
DTM*999*20050920
RMR*IK*310320050921*PI*17.55*17.55*0
REF*PO*0020050922
REF*ST*03103
REF*DP*043
DTM*999*20050921
RMR*IK*313720050921*PI*1.25*1.25*0
REF*PO*0020050922
REF*ST*03137
REF*DP*043
DTM*999*20050921
RMR*IK*314320050915*PI*55.5*55.5*0
REF*PO*0020050916
REF*ST*03143
REF*DP*043
DTM*999*20050915
RMR*IK*314320050916*PI*92.51*92.51*0
REF*PO*0020050917
REF*ST*03143
REF*DP*043
DTM*999*20050916
RMR*IK*314320050917*PI*88.3*88.3*0
REF*PO*0020050918
REF*ST*03143
REF*DP*043
DTM*999*20050917
RMR*IK*314320050918*PI*101.18*101.18*0
REF*PO*0020050919
REF*ST*03143
REF*DP*043
DTM*999*20050918
RMR*IK*314320050919*PI*37.64*37.64*0
REF*PO*0020050920
REF*ST*03143
REF*DP*043
DTM*999*20050919
RMR*IK*314320050920*PI*33.43*33.43*0
REF*PO*0020050921
REF*ST*03143
REF*DP*043
DTM*999*20050920
RMR*IK*314320050921*PI*53.51*53.51*0
REF*PO*0020050922
REF*ST*03143
REF*DP*043
DTM*999*20050921
RMR*IK*319420050915*PI*8.4*8.4*0
REF*PO*0020050916
REF*ST*03194
REF*DP*043
DTM*999*20050915
RMR*IK*319420050916*PI*23.1*23.1*0
REF*PO*0020050917
REF*ST*03194
REF*DP*043
DTM*999*20050916
RMR*IK*319420050917*PI*26.1*26.1*0
REF*PO*0020050918
REF*ST*03194
REF*DP*043
DTM*999*20050917
RMR*IK*319420050918*PI*4.2*4.2*0
REF*PO*0020050919
REF*ST*03194
REF*DP*043
DTM*999*20050918
RMR*IK*319420050920*PI*14.7*14.7*0
REF*PO*0020050921
REF*ST*03194
REF*DP*043
DTM*999*20050920
RMR*IK*324120050916*PI*1.25*1.25*0
REF*PO*0020050917
REF*ST*03241
REF*DP*043
DTM*999*20050916
RMR*IK*324120050918*PI*2.5*2.5*0
REF*PO*0020050919
REF*ST*03241
REF*DP*043
DTM*999*20050918
RMR*IK*324120050919*PI*2.5*2.5*0
REF*PO*0020050920
REF*ST*03241
REF*DP*043
DTM*999*20050919
RMR*IK*334820050915*PI*4.2*4.2*0
REF*PO*0020050916
REF*ST*03348
REF*DP*043
DTM*999*20050915
RMR*IK*334820050916*PI*16.8*16.8*0
REF*PO*0020050917
REF*ST*03348
REF*DP*043
DTM*999*20050916
RMR*IK*334820050917*PI*17.25*17.25*0
REF*PO*0020050918
REF*ST*03348
REF*DP*043
DTM*999*20050917
RMR*IK*334820050918*PI*27.75*27.75*0
REF*PO*0020050919
REF*ST*03348
REF*DP*043
DTM*999*20050918
RMR*IK*334820050919*PI*14.7*14.7*0
REF*PO*0020050920
REF*ST*03348
REF*DP*043
DTM*999*20050919
RMR*IK*334820050920*PI*4.2*4.2*0
REF*PO*0020050921
REF*ST*03348
REF*DP*043
DTM*999*20050920
RMR*IK*334820050921*PI*8.85*8.85*0
REF*PO*0020050922
REF*ST*03348
REF*DP*043
DTM*999*20050921
RMR*IK*335920050915*PI*4.2*4.2*0
REF*PO*0020050916
REF*ST*03359
REF*DP*043
DTM*999*20050915
RMR*IK*335920050916*PI*2.1*2.1*0
REF*PO*0020050917
REF*ST*03359
REF*DP*043
DTM*999*20050916
RMR*IK*335920050917*PI*50.4*50.4*0
REF*PO*0020050918
REF*ST*03359
REF*DP*043
DTM*999*20050917
RMR*IK*335920050918*PI*23.1*23.1*0
REF*PO*0020050919
REF*ST*03359
REF*DP*043
DTM*999*20050918
RMR*IK*335920050919*PI*23.1*23.1*0
REF*PO*0020050920
REF*ST*03359
REF*DP*043
DTM*999*20050919
RMR*IK*335920050920*PI*4.2*4.2*0
REF*PO*0020050921
REF*ST*03359
REF*DP*043
DTM*999*20050920
RMR*IK*335920050921*PI*29.4*29.4*0
REF*PO*0020050922
REF*ST*03359
REF*DP*043
DTM*999*20050921
RMR*IK*340820050915*PI*35.9*35.9*0
REF*PO*0020050916
REF*ST*03408
REF*DP*043
DTM*999*20050915
RMR*IK*340820050916*PI*46.57*46.57*0
REF*PO*0020050917
REF*ST*03408
REF*DP*043
DTM*999*20050916
RMR*IK*340820050917*PI*61.98*61.98*0
REF*PO*0020050918
REF*ST*03408
REF*DP*043
DTM*999*20050917
RMR*IK*340820050918*PI*35.17*35.17*0
REF*PO*0020050919
REF*ST*03408
REF*DP*043
DTM*999*20050918
RMR*IK*340820050919*PI*88.8*88.8*0
REF*PO*0020050920
REF*ST*03408
REF*DP*043
DTM*999*20050919
RMR*IK*340820050920*PI*15.68*15.68*0
REF*PO*0020050921
REF*ST*03408
REF*DP*043
DTM*999*20050920
RMR*IK*340820050921*PI*31.5*31.5*0
REF*PO*0020050922
REF*ST*03408
REF*DP*043
DTM*999*20050921
RMR*IK*342220050915*PI*3.75*3.75*0
REF*PO*0020050916
REF*ST*03422
REF*DP*043
DTM*999*20050915
RMR*IK*342220050916*PI*3.75*3.75*0
REF*PO*0020050917
REF*ST*03422
REF*DP*043
DTM*999*20050916
RMR*IK*342220050917*PI*5*5*0
REF*PO*0020050918
REF*ST*03422
REF*DP*043
DTM*999*20050917
RMR*IK*342220050919*PI*11.25*11.25*0
REF*PO*0020050920
REF*ST*03422
REF*DP*043
DTM*999*20050919
RMR*IK*360220050915*PI*8.4*8.4*0
REF*PO*0020050916
REF*ST*03602
REF*DP*043
DTM*999*20050915
RMR*IK*360220050916*PI*13.05*13.05*0
REF*PO*0020050917
REF*ST*03602
REF*DP*043
DTM*999*20050916
RMR*IK*360220050917*PI*12.6*12.6*0
REF*PO*0020050918
REF*ST*03602
REF*DP*043
DTM*999*20050917
RMR*IK*360220050918*PI*34.95*34.95*0
REF*PO*0020050919
REF*ST*03602
REF*DP*043
DTM*999*20050918
RMR*IK*360220050919*PI*19.35*19.35*0
REF*PO*0020050920
REF*ST*03602
REF*DP*043
DTM*999*20050919
RMR*IK*360220050920*PI*4.2*4.2*0
REF*PO*0020050921
REF*ST*03602
REF*DP*043
DTM*999*20050920
RMR*IK*360220050921*PI*6.3*6.3*0
REF*PO*0020050922
REF*ST*03602
REF*DP*043
DTM*999*20050921
RMR*IK*364420050915*PI*6.3*6.3*0
REF*PO*0020050916
REF*ST*03644
REF*DP*043
DTM*999*20050915
RMR*IK*364420050916*PI*57.73*57.73*0
REF*PO*0020050917
REF*ST*03644
REF*DP*043
DTM*999*20050916
RMR*IK*364420050917*PI*70.7*70.7*0
REF*PO*0020050918
REF*ST*03644
REF*DP*043
DTM*999*20050917
RMR*IK*364420050918*PI*81.42*81.42*0
REF*PO*0020050919
REF*ST*03644
REF*DP*043
DTM*999*20050918
RMR*IK*364420050919*PI*41.84*41.84*0
REF*PO*0020050920
REF*ST*03644
REF*DP*043
DTM*999*20050919
RMR*IK*364420050920*PI*29.36*29.36*0
REF*PO*0020050921
REF*ST*03644
REF*DP*043
DTM*999*20050920
RMR*IK*364420050921*PI*34.38*34.38*0
REF*PO*0020050922
REF*ST*03644
REF*DP*043
DTM*999*20050921
RMR*IK*364620050915*PI*28.25*28.25*0
REF*PO*0020050916
REF*ST*03646
REF*DP*043
DTM*999*20050915
RMR*IK*364620050916*PI*93.94*93.94*0
REF*PO*0020050917
REF*ST*03646
REF*DP*043
DTM*999*20050916
RMR*IK*364620050917*PI*106.97*106.97*0
REF*PO*0020050918
REF*ST*03646
REF*DP*043
DTM*999*20050917
RMR*IK*364620050918*PI*59.86*59.86*0
REF*PO*0020050919
REF*ST*03646
REF*DP*043
DTM*999*20050918
RMR*IK*364620050919*PI*60.07*60.07*0
REF*PO*0020050920
REF*ST*03646
REF*DP*043
DTM*999*20050919
RMR*IK*364620050920*PI*25.32*25.32*0
REF*PO*0020050921
REF*ST*03646
REF*DP*043
DTM*999*20050920
RMR*IK*364620050921*PI*53.73*53.73*0
REF*PO*0020050922
REF*ST*03646
REF*DP*043
DTM*999*20050921
RMR*IK*366020050915*PI*14.7*14.7*0
REF*PO*0020050916
REF*ST*03660
REF*DP*043
DTM*999*20050915
RMR*IK*366020050916*PI*36.6*36.6*0
REF*PO*0020050917
REF*ST*03660
REF*DP*043
DTM*999*20050916
RMR*IK*366020050917*PI*36.15*36.15*0
REF*PO*0020050918
REF*ST*03660
REF*DP*043
DTM*999*20050917
RMR*IK*366020050918*PI*23.1*23.1*0
REF*PO*0020050919
REF*ST*03660
REF*DP*043
DTM*999*20050918
RMR*IK*366020050919*PI*29.85*29.85*0
REF*PO*0020050920
REF*ST*03660
REF*DP*043
DTM*999*20050919
RMR*IK*366020050920*PI*6.3*6.3*0
REF*PO*0020050921
REF*ST*03660
REF*DP*043
DTM*999*20050920
RMR*IK*366020050921*PI*4.2*4.2*0
REF*PO*0020050922
REF*ST*03660
REF*DP*043
DTM*999*20050921
RMR*IK*367220050915*PI*46.65*46.65*0
REF*PO*0020050916
REF*ST*03672
REF*DP*043
DTM*999*20050915
RMR*IK*367220050916*PI*4.2*4.2*0
REF*PO*0020050917
REF*ST*03672
REF*DP*043
DTM*999*20050916
RMR*IK*367220050917*PI*63.45*63.45*0
REF*PO*0020050918
REF*ST*03672
REF*DP*043
DTM*999*20050917
RMR*IK*367220050918*PI*18.9*18.9*0
REF*PO*0020050919
REF*ST*03672
REF*DP*043
DTM*999*20050918
RMR*IK*367220050919*PI*54.75*54.75*0
REF*PO*0020050920
REF*ST*03672
REF*DP*043
DTM*999*20050919
RMR*IK*367220050920*PI*17.25*17.25*0
REF*PO*0020050921
REF*ST*03672
REF*DP*043
DTM*999*20050920
RMR*IK*367220050921*PI*17.7*17.7*0
REF*PO*0020050922
REF*ST*03672
REF*DP*043
DTM*999*20050921
RMR*IK*368520050915*PI*8.4*8.4*0
REF*PO*0020050916
REF*ST*03685
REF*DP*043
DTM*999*20050915
RMR*IK*368520050916*PI*34.05*34.05*0
REF*PO*0020050917
REF*ST*03685
REF*DP*043
DTM*999*20050916
RMR*IK*368520050917*PI*57.15*57.15*0
REF*PO*0020050918
REF*ST*03685
REF*DP*043
DTM*999*20050917
RMR*IK*368520050918*PI*21*21*0
REF*PO*0020050919
REF*ST*03685
REF*DP*043
DTM*999*20050918
RMR*IK*368520050919*PI*6.3*6.3*0
REF*PO*0020050920
REF*ST*03685
REF*DP*043
DTM*999*20050919
RMR*IK*368520050920*PI*19.8*19.8*0
REF*PO*0020050921
REF*ST*03685
REF*DP*043
DTM*999*20050920
RMR*IK*368520050921*PI*6.26*6.26*0
REF*PO*0020050922
REF*ST*03685
REF*DP*043
DTM*999*20050921
RMR*IK*370320050915*PI*87.34*87.34*0
REF*PO*0020050916
REF*ST*03703
REF*DP*043
DTM*999*20050915
RMR*IK*370320050916*PI*111.82*111.82*0
REF*PO*0020050917
REF*ST*03703
REF*DP*043
DTM*999*20050916
RMR*IK*370320050917*PI*184.46*184.46*0
REF*PO*0020050918
REF*ST*03703
REF*DP*043
DTM*999*20050917
RMR*IK*370320050918*PI*180.18*180.18*0
REF*PO*0020050919
REF*ST*03703
REF*DP*043
DTM*999*20050918
RMR*IK*370320050919*PI*62.05*62.05*0
REF*PO*0020050920
REF*ST*03703
REF*DP*043
DTM*999*20050919
RMR*IK*370320050920*PI*117.25*117.25*0
REF*PO*0020050921
REF*ST*03703
REF*DP*043
DTM*999*20050920
RMR*IK*370320050921*PI*116.04*116.04*0
REF*PO*0020050922
REF*ST*03703
REF*DP*043
DTM*999*20050921
RMR*IK*370520050917*PI*2.5*2.5*0
REF*PO*0020050918
REF*ST*03705
REF*DP*043
DTM*999*20050917
RMR*IK*371320050915*PI*23.1*23.1*0
REF*PO*0020050916
REF*ST*03713
REF*DP*043
DTM*999*20050915
RMR*IK*371320050916*PI*10.95*10.95*0
REF*PO*0020050917
REF*ST*03713
REF*DP*043
DTM*999*20050916
RMR*IK*371320050917*PI*66*66*0
REF*PO*0020050918
REF*ST*03713
REF*DP*043
DTM*999*20050917
RMR*IK*371320050918*PI*16.8*16.8*0
REF*PO*0020050919
REF*ST*03713
REF*DP*043
DTM*999*20050918
RMR*IK*371320050919*PI*45*45*0
REF*PO*0020050920
REF*ST*03713
REF*DP*043
DTM*999*20050919
RMR*IK*371320050920*PI*16.8*16.8*0
REF*PO*0020050921
REF*ST*03713
REF*DP*043
DTM*999*20050920
RMR*IK*371320050921*PI*24.99*24.99*0
REF*PO*0020050922
REF*ST*03713
REF*DP*043
DTM*999*20050921
RMR*IK*371520050915*PI*133.95*133.95*0
REF*PO*0020050916
REF*ST*03715
REF*DP*043
DTM*999*20050915
RMR*IK*371520050916*PI*36.33*36.33*0
REF*PO*0020050917
REF*ST*03715
REF*DP*043
DTM*999*20050916
RMR*IK*371520050917*PI*36.8*36.8*0
REF*PO*0020050918
REF*ST*03715
REF*DP*043
DTM*999*20050917
RMR*IK*371520050918*PI*64.51*64.51*0
REF*PO*0020050919
REF*ST*03715
REF*DP*043
DTM*999*20050918
RMR*IK*371520050919*PI*33.56*33.56*0
REF*PO*0020050920
REF*ST*03715
REF*DP*043
DTM*999*20050919
RMR*IK*371520050920*PI*8.9*8.9*0
REF*PO*0020050921
REF*ST*03715
REF*DP*043
DTM*999*20050920
RMR*IK*371520050921*PI*49.29*49.29*0
REF*PO*0020050922
REF*ST*03715
REF*DP*043
DTM*999*20050921
RMR*IK*375820050915*PI*1.25*1.25*0
REF*PO*0020050916
REF*ST*03758
REF*DP*043
DTM*999*20050915
RMR*IK*375820050916*PI*8.35*8.35*0
REF*PO*0020050917
REF*ST*03758
REF*DP*043
DTM*999*20050916
RMR*IK*375820050917*PI*1.25*1.25*0
REF*PO*0020050918
REF*ST*03758
REF*DP*043
DTM*999*20050917
RMR*IK*375820050920*PI*2.1*2.1*0
REF*PO*0020050921
REF*ST*03758
REF*DP*043
DTM*999*20050920
RMR*IK*375820050921*PI*1.25*1.25*0
REF*PO*0020050922
REF*ST*03758
REF*DP*043
DTM*999*20050921
RMR*IK*375920050915*PI*2.5*2.5*0
REF*PO*0020050916
REF*ST*03759
REF*DP*043
DTM*999*20050915
RMR*IK*375920050916*PI*34.75*34.75*0
REF*PO*0020050917
REF*ST*03759
REF*DP*043
DTM*999*20050916
RMR*IK*375920050917*PI*24.25*24.25*0
REF*PO*0020050918
REF*ST*03759
REF*DP*043
DTM*999*20050917
RMR*IK*375920050918*PI*3.75*3.75*0
REF*PO*0020050919
REF*ST*03759
REF*DP*043
DTM*999*20050918
RMR*IK*375920050919*PI*35.05*35.05*0
REF*PO*0020050920
REF*ST*03759
REF*DP*043
DTM*999*20050919
RMR*IK*375920050920*PI*18.35*18.35*0
REF*PO*0020050921
REF*ST*03759
REF*DP*043
DTM*999*20050920
RMR*IK*375920050921*PI*22.15*22.15*0
REF*PO*0020050922
REF*ST*03759
REF*DP*043
DTM*999*20050921
RMR*IK*381220050917*PI*15*15*0
REF*PO*0020050918
REF*ST*03812
REF*DP*043
DTM*999*20050917
RMR*IK*381220050919*PI*1.25*1.25*0
REF*PO*0020050920
REF*ST*03812
REF*DP*043
DTM*999*20050919
RMR*IK*381220050920*PI*12.5*12.5*0
REF*PO*0020050921
REF*ST*03812
REF*DP*043
DTM*999*20050920
RMR*IK*381220050921*PI*3.75*3.75*0
REF*PO*0020050922
REF*ST*03812
REF*DP*043
DTM*999*20050921
RMR*IK*382220050915*PI*57.94*57.94*0
REF*PO*0020050916
REF*ST*03822
REF*DP*043
DTM*999*20050915
RMR*IK*382220050916*PI*58.19*58.19*0
REF*PO*0020050917
REF*ST*03822
REF*DP*043
DTM*999*20050916
RMR*IK*382220050917*PI*29.8*29.8*0
REF*PO*0020050918
REF*ST*03822
REF*DP*043
DTM*999*20050917
RMR*IK*382220050918*PI*113.96*113.96*0
REF*PO*0020050919
REF*ST*03822
REF*DP*043
DTM*999*20050918
RMR*IK*382220050919*PI*19.4*19.4*0
REF*PO*0020050920
REF*ST*03822
REF*DP*043
DTM*999*20050919
RMR*IK*382220050920*PI*16.48*16.48*0
REF*PO*0020050921
REF*ST*03822
REF*DP*043
DTM*999*20050920
RMR*IK*382220050921*PI*22.39*22.39*0
REF*PO*0020050922
REF*ST*03822
REF*DP*043
DTM*999*20050921
RMR*IK*383620050915*PI*8.4*8.4*0
REF*PO*0020050916
REF*ST*03836
REF*DP*043
DTM*999*20050915
RMR*IK*383620050917*PI*8.4*8.4*0
REF*PO*0020050918
REF*ST*03836
REF*DP*043
DTM*999*20050917
RMR*IK*383620050920*PI*27*27*0
REF*PO*0020050921
REF*ST*03836
REF*DP*043
DTM*999*20050920
RMR*IK*384820050915*PI*6.3*6.3*0
REF*PO*0020050916
REF*ST*03848
REF*DP*043
DTM*999*20050915
RMR*IK*384820050916*PI*41.7*41.7*0
REF*PO*0020050917
REF*ST*03848
REF*DP*043
DTM*999*20050916
RMR*IK*384820050917*PI*4.2*4.2*0
REF*PO*0020050918
REF*ST*03848
REF*DP*043
DTM*999*20050917
RMR*IK*384820050918*PI*43.35*43.35*0
REF*PO*0020050919
REF*ST*03848
REF*DP*043
DTM*999*20050918
RMR*IK*384820050919*PI*2.1*2.1*0
REF*PO*0020050920
REF*ST*03848
REF*DP*043
DTM*999*20050919
RMR*IK*384820050920*PI*12.6*12.6*0
REF*PO*0020050921
REF*ST*03848
REF*DP*043
DTM*999*20050920
RMR*IK*384820050921*PI*24*24*0
REF*PO*0020050922
REF*ST*03848
REF*DP*043
DTM*999*20050921
RMR*IK*387620050915*PI*4.2*4.2*0
REF*PO*0020050916
REF*ST*03876
REF*DP*043
DTM*999*20050915
RMR*IK*387620050916*PI*12.6*12.6*0
REF*PO*0020050917
REF*ST*03876
REF*DP*043
DTM*999*20050916
RMR*IK*387620050918*PI*8.85*8.85*0
REF*PO*0020050919
REF*ST*03876
REF*DP*043
DTM*999*20050918
RMR*IK*387620050921*PI*8.85*8.85*0
REF*PO*0020050922
REF*ST*03876
REF*DP*043
DTM*999*20050921
RMR*IK*392920050915*PI*17.25*17.25*0
REF*PO*0020050916
REF*ST*03929
REF*DP*043
DTM*999*20050915
RMR*IK*392920050916*PI*4.2*4.2*0
REF*PO*0020050917
REF*ST*03929
REF*DP*043
DTM*999*20050916
RMR*IK*392920050917*PI*32.4*32.4*0
REF*PO*0020050918
REF*ST*03929
REF*DP*043
DTM*999*20050917
RMR*IK*392920050918*PI*8.85*8.85*0
REF*PO*0020050919
REF*ST*03929
REF*DP*043
DTM*999*20050918
RMR*IK*392920050919*PI*13.5*13.5*0
REF*PO*0020050920
REF*ST*03929
REF*DP*043
DTM*999*20050919
RMR*IK*392920050920*PI*2.1*2.1*0
REF*PO*0020050921
REF*ST*03929
REF*DP*043
DTM*999*20050920
RMR*IK*392920050921*PI*14.7*14.7*0
REF*PO*0020050922
REF*ST*03929
REF*DP*043
DTM*999*20050921
RMR*IK*393120050915*PI*8.4*8.4*0
REF*PO*0020050916
REF*ST*03931
REF*DP*043
DTM*999*20050915
RMR*IK*393120050916*PI*23.1*23.1*0
REF*PO*0020050917
REF*ST*03931
REF*DP*043
DTM*999*20050916
RMR*IK*393120050917*PI*21.45*21.45*0
REF*PO*0020050918
REF*ST*03931
REF*DP*043
DTM*999*20050917
RMR*IK*393120050918*PI*4.2*4.2*0
REF*PO*0020050919
REF*ST*03931
REF*DP*043
DTM*999*20050918
RMR*IK*393120050919*PI*33.75*33.75*0
REF*PO*0020050920
REF*ST*03931
REF*DP*043
DTM*999*20050919
RMR*IK*393420050915*PI*2.5*2.5*0
REF*PO*0020050916
REF*ST*03934
REF*DP*043
DTM*999*20050915
RMR*IK*394120050915*PI*52.59*52.59*0
REF*PO*0020050916
REF*ST*03941
REF*DP*043
DTM*999*20050915
RMR*IK*394120050916*PI*24.01*24.01*0
REF*PO*0020050917
REF*ST*03941
REF*DP*043
DTM*999*20050916
RMR*IK*394120050917*PI*103.42*103.42*0
REF*PO*0020050918
REF*ST*03941
REF*DP*043
DTM*999*20050917
RMR*IK*394120050918*PI*68.82*68.82*0
REF*PO*0020050919
REF*ST*03941
REF*DP*043
DTM*999*20050918
RMR*IK*394120050919*PI*24.8*24.8*0
REF*PO*0020050920
REF*ST*03941
REF*DP*043
DTM*999*20050919
RMR*IK*394120050920*PI*36.94*36.94*0
REF*PO*0020050921
REF*ST*03941
REF*DP*043
DTM*999*20050920
RMR*IK*394120050921*PI*12.56*12.56*0
REF*PO*0020050922
REF*ST*03941
REF*DP*043
DTM*999*20050921
RMR*IK*396620050915*PI*43.35*43.35*0
REF*PO*0020050916
REF*ST*03966
REF*DP*043
DTM*999*20050915
RMR*IK*396620050916*PI*46.35*46.35*0
REF*PO*0020050917
REF*ST*03966
REF*DP*043
DTM*999*20050916
RMR*IK*396620050917*PI*54.3*54.3*0
REF*PO*0020050918
REF*ST*03966
REF*DP*043
DTM*999*20050917
RMR*IK*396620050918*PI*10.5*10.5*0
REF*PO*0020050919
REF*ST*03966
REF*DP*043
DTM*999*20050918
RMR*IK*396620050919*PI*10.95*10.95*0
REF*PO*0020050920
REF*ST*03966
REF*DP*043
DTM*999*20050919
RMR*IK*396620050920*PI*48*48*0
REF*PO*0020050921
REF*ST*03966
REF*DP*043
DTM*999*20050920
RMR*IK*396620050921*PI*19.8*19.8*0
REF*PO*0020050922
REF*ST*03966
REF*DP*043
DTM*999*20050921
RMR*IK*397820050915*PI*79.95*79.95*0
REF*PO*0020050916
REF*ST*03978
REF*DP*043
DTM*999*20050915
RMR*IK*397820050916*PI*48.45*48.45*0
REF*PO*0020050917
REF*ST*03978
REF*DP*043
DTM*999*20050916
RMR*IK*397820050917*PI*82.8*82.8*0
REF*PO*0020050918
REF*ST*03978
REF*DP*043
DTM*999*20050917
RMR*IK*397820050918*PI*87.45*87.45*0
REF*PO*0020050919
REF*ST*03978
REF*DP*043
DTM*999*20050918
RMR*IK*397820050919*PI*71.55*71.55*0
REF*PO*0020050920
REF*ST*03978
REF*DP*043
DTM*999*20050919
RMR*IK*397820050920*PI*92.25*92.25*0
REF*PO*0020050921
REF*ST*03978
REF*DP*043
DTM*999*20050920
RMR*IK*397820050921*PI*68.71*68.71*0
REF*PO*0020050922
REF*ST*03978
REF*DP*043
DTM*999*20050921
RMR*IK*399620050915*PI*6.3*6.3*0
REF*PO*0020050916
REF*ST*03996
REF*DP*043
DTM*999*20050915
RMR*IK*399620050916*PI*8.4*8.4*0
REF*PO*0020050917
REF*ST*03996
REF*DP*043
DTM*999*20050916
RMR*IK*399620050917*PI*26.1*26.1*0
REF*PO*0020050918
REF*ST*03996
REF*DP*043
DTM*999*20050917
RMR*IK*399620050919*PI*13.5*13.5*0
REF*PO*0020050920
REF*ST*03996
REF*DP*043
DTM*999*20050919
RMR*IK*399620050920*PI*18.9*18.9*0
REF*PO*0020050921
REF*ST*03996
REF*DP*043
DTM*999*20050920
RMR*IK*399620050921*PI*50.53*50.53*0
REF*PO*0020050922
REF*ST*03996
REF*DP*043
DTM*999*20050921
RMR*IK*403020050919*PI*3.75*3.75*0
REF*PO*0020050920
REF*ST*04030
REF*DP*043
DTM*999*20050919
RMR*IK*403020050920*PI*1.25*1.25*0
REF*PO*0020050921
REF*ST*04030
REF*DP*043
DTM*999*20050920
RMR*IK*404820050915*PI*10*10*0
REF*PO*0020050916
REF*ST*04048
REF*DP*043
DTM*999*20050915
RMR*IK*404820050916*PI*1.25*1.25*0
REF*PO*0020050917
REF*ST*04048
REF*DP*043
DTM*999*20050916
RMR*IK*404820050918*PI*3.75*3.75*0
REF*PO*0020050919
REF*ST*04048
REF*DP*043
DTM*999*20050918
RMR*IK*404820050919*PI*3.75*3.75*0
REF*PO*0020050920
REF*ST*04048
REF*DP*043
DTM*999*20050919
RMR*IK*404820050921*PI*2.5*2.5*0
REF*PO*0020050922
REF*ST*04048
REF*DP*043
DTM*999*20050921
RMR*IK*407120050915*PI*23.55*23.55*0
REF*PO*0020050916
REF*ST*04071
REF*DP*043
DTM*999*20050915
RMR*IK*407120050916*PI*14.7*14.7*0
REF*PO*0020050917
REF*ST*04071
REF*DP*043
DTM*999*20050916
RMR*IK*407120050917*PI*21.45*21.45*0
REF*PO*0020050918
REF*ST*04071
REF*DP*043
DTM*999*20050917
RMR*IK*407120050918*PI*4.2*4.2*0
REF*PO*0020050919
REF*ST*04071
REF*DP*043
DTM*999*20050918
RMR*IK*407120050919*PI*23.1*23.1*0
REF*PO*0020050920
REF*ST*04071
REF*DP*043
DTM*999*20050919
RMR*IK*407120050920*PI*23.1*23.1*0
REF*PO*0020050921
REF*ST*04071
REF*DP*043
DTM*999*20050920
RMR*IK*407120050921*PI*21.45*21.45*0
REF*PO*0020050922
REF*ST*04071
REF*DP*043
DTM*999*20050921
RMR*IK*409320050915*PI*71.12*71.12*0
REF*PO*0020050916
REF*ST*04093
REF*DP*043
DTM*999*20050915
RMR*IK*409320050916*PI*83.48*83.48*0
REF*PO*0020050917
REF*ST*04093
REF*DP*043
DTM*999*20050916
RMR*IK*409320050917*PI*347.04*347.04*0
REF*PO*0020050918
REF*ST*04093
REF*DP*043
DTM*999*20050917
RMR*IK*409320050918*PI*102.16*102.16*0
REF*PO*0020050919
REF*ST*04093
REF*DP*043
DTM*999*20050918
RMR*IK*409320050919*PI*83.23*83.23*0
REF*PO*0020050920
REF*ST*04093
REF*DP*043
DTM*999*20050919
RMR*IK*409320050920*PI*75.21*75.21*0
REF*PO*0020050921
REF*ST*04093
REF*DP*043
DTM*999*20050920
RMR*IK*409320050921*PI*109.01*109.01*0
REF*PO*0020050922
REF*ST*04093
REF*DP*043
DTM*999*20050921
RMR*IK*410320050915*PI*6.3*6.3*0
REF*PO*0020050916
REF*ST*04103
REF*DP*043
DTM*999*20050915
RMR*IK*410320050916*PI*100.8*100.8*0
REF*PO*0020050917
REF*ST*04103
REF*DP*043
DTM*999*20050916
RMR*IK*410320050917*PI*34.64*34.64*0
REF*PO*0020050918
REF*ST*04103
REF*DP*043
DTM*999*20050917
RMR*IK*410320050918*PI*30.31*30.31*0
REF*PO*0020050919
REF*ST*04103
REF*DP*043
DTM*999*20050918
RMR*IK*410320050919*PI*38.61*38.61*0
REF*PO*0020050920
REF*ST*04103
REF*DP*043
DTM*999*20050919
RMR*IK*410320050920*PI*52.29*52.29*0
REF*PO*0020050921
REF*ST*04103
REF*DP*043
DTM*999*20050920
RMR*IK*410320050921*PI*90.58*90.58*0
REF*PO*0020050922
REF*ST*04103
REF*DP*043
DTM*999*20050921
RMR*IK*421320050915*PI*18.9*18.9*0
REF*PO*0020050916
REF*ST*04213
REF*DP*043
DTM*999*20050915
RMR*IK*421320050916*PI*31.5*31.5*0
REF*PO*0020050917
REF*ST*04213
REF*DP*043
DTM*999*20050916
RMR*IK*421320050917*PI*42*42*0
REF*PO*0020050918
REF*ST*04213
REF*DP*043
DTM*999*20050917
RMR*IK*421320050918*PI*8.4*8.4*0
REF*PO*0020050919
REF*ST*04213
REF*DP*043
DTM*999*20050918
RMR*IK*421320050919*PI*16.8*16.8*0
REF*PO*0020050920
REF*ST*04213
REF*DP*043
DTM*999*20050919
RMR*IK*421320050920*PI*2.1*2.1*0
REF*PO*0020050921
REF*ST*04213
REF*DP*043
DTM*999*20050920
RMR*IK*421320050921*PI*8.4*8.4*0
REF*PO*0020050922
REF*ST*04213
REF*DP*043
DTM*999*20050921
RMR*IK*424420050915*PI*73.61*73.61*0
REF*PO*0020050916
REF*ST*04244
REF*DP*043
DTM*999*20050915
RMR*IK*424420050916*PI*77.84*77.84*0
REF*PO*0020050917
REF*ST*04244
REF*DP*043
DTM*999*20050916
RMR*IK*424420050917*PI*97.85*97.85*0
REF*PO*0020050918
REF*ST*04244
REF*DP*043
DTM*999*20050917
RMR*IK*424420050918*PI*110.37*110.37*0
REF*PO*0020050919
REF*ST*04244
REF*DP*043
DTM*999*20050918
RMR*IK*424420050919*PI*73.41*73.41*0
REF*PO*0020050920
REF*ST*04244
REF*DP*043
DTM*999*20050919
RMR*IK*424420050920*PI*74.96*74.96*0
REF*PO*0020050921
REF*ST*04244
REF*DP*043
DTM*999*20050920
RMR*IK*424420050921*PI*92.42*92.42*0
REF*PO*0020050922
REF*ST*04244
REF*DP*043
DTM*999*20050921
RMR*IK*429320050916*PI*11.25*11.25*0
REF*PO*0020050917
REF*ST*04293
REF*DP*043
DTM*999*20050916
RMR*IK*429320050917*PI*12.5*12.5*0
REF*PO*0020050918
REF*ST*04293
REF*DP*043
DTM*999*20050917
RMR*IK*429320050918*PI*1.25*1.25*0
REF*PO*0020050919
REF*ST*04293
REF*DP*043
DTM*999*20050918
RMR*IK*429320050919*PI*1.25*1.25*0
REF*PO*0020050920
REF*ST*04293
REF*DP*043
DTM*999*20050919
RMR*IK*429320050920*PI*5*5*0
REF*PO*0020050921
REF*ST*04293
REF*DP*043
DTM*999*20050920
RMR*IK*430420050916*PI*5*5*0
REF*PO*0020050917
REF*ST*04304
REF*DP*043
DTM*999*20050916
RMR*IK*430420050917*PI*5*5*0
REF*PO*0020050918
REF*ST*04304
REF*DP*043
DTM*999*20050917
RMR*IK*430420050918*PI*11.25*11.25*0
REF*PO*0020050919
REF*ST*04304
REF*DP*043
DTM*999*20050918
RMR*IK*430420050919*PI*5.85*5.85*0
REF*PO*0020050920
REF*ST*04304
REF*DP*043
DTM*999*20050919
RMR*IK*430820050915*PI*32.4*32.4*0
REF*PO*0020050916
REF*ST*04308
REF*DP*043
DTM*999*20050915
RMR*IK*430820050916*PI*2.1*2.1*0
REF*PO*0020050917
REF*ST*04308
REF*DP*043
DTM*999*20050916
RMR*IK*430820050917*PI*25.2*25.2*0
REF*PO*0020050918
REF*ST*04308
REF*DP*043
DTM*999*20050917
RMR*IK*430820050918*PI*12.6*12.6*0
REF*PO*0020050919
REF*ST*04308
REF*DP*043
DTM*999*20050918
RMR*IK*430820050919*PI*25.2*25.2*0
REF*PO*0020050920
REF*ST*04308
REF*DP*043
DTM*999*20050919
RMR*IK*430820050920*PI*34.05*34.05*0
REF*PO*0020050921
REF*ST*04308
REF*DP*043
DTM*999*20050920
RMR*IK*430820050921*PI*16.8*16.8*0
REF*PO*0020050922
REF*ST*04308
REF*DP*043
DTM*999*20050921
RMR*IK*431220050915*PI*41.96*41.96*0
REF*PO*0020050916
REF*ST*04312
REF*DP*043
DTM*999*20050915
RMR*IK*431220050916*PI*29.36*29.36*0
REF*PO*0020050917
REF*ST*04312
REF*DP*043
DTM*999*20050916
RMR*IK*431220050917*PI*87.05*87.05*0
REF*PO*0020050918
REF*ST*04312
REF*DP*043
DTM*999*20050917
RMR*IK*431220050918*PI*32.62*32.62*0
REF*PO*0020050919
REF*ST*04312
REF*DP*043
DTM*999*20050918
RMR*IK*431220050919*PI*46*46*0
REF*PO*0020050920
REF*ST*04312
REF*DP*043
DTM*999*20050919
RMR*IK*431220050920*PI*23.93*23.93*0
REF*PO*0020050921
REF*ST*04312
REF*DP*043
DTM*999*20050920
RMR*IK*431220050921*PI*34.39*34.39*0
REF*PO*0020050922
REF*ST*04312
REF*DP*043
DTM*999*20050921
RMR*IK*443320050916*PI*2.5*2.5*0
REF*PO*0020050917
REF*ST*04433
REF*DP*043
DTM*999*20050916
RMR*IK*443320050917*PI*2.5*2.5*0
REF*PO*0020050918
REF*ST*04433
REF*DP*043
DTM*999*20050917
RMR*IK*443320050918*PI*7.5*7.5*0
REF*PO*0020050919
REF*ST*04433
REF*DP*043
DTM*999*20050918
RMR*IK*443320050919*PI*1.25*1.25*0
REF*PO*0020050920
REF*ST*04433
REF*DP*043
DTM*999*20050919
RMR*IK*443320050920*PI*1.25*1.25*0
REF*PO*0020050921
REF*ST*04433
REF*DP*043
DTM*999*20050920
RMR*IK*447520050915*PI*14.54*14.54*0
REF*PO*0020050916
REF*ST*04475
REF*DP*043
DTM*999*20050915
RMR*IK*447520050916*PI*21.99*21.99*0
REF*PO*0020050917
REF*ST*04475
REF*DP*043
DTM*999*20050916
RMR*IK*447520050917*PI*60.73*60.73*0
REF*PO*0020050918
REF*ST*04475
REF*DP*043
DTM*999*20050917
RMR*IK*447520050918*PI*30.39*30.39*0
REF*PO*0020050919
REF*ST*04475
REF*DP*043
DTM*999*20050918
RMR*IK*447520050919*PI*32.17*32.17*0
REF*PO*0020050920
REF*ST*04475
REF*DP*043
DTM*999*20050919
RMR*IK*447520050920*PI*23.06*23.06*0
REF*PO*0020050921
REF*ST*04475
REF*DP*043
DTM*999*20050920
RMR*IK*447520050921*PI*29.36*29.36*0
REF*PO*0020050922
REF*ST*04475
REF*DP*043
DTM*999*20050921
RMR*IK*471720050915*PI*59.92*59.92*0
REF*PO*0020050916
REF*ST*04717
REF*DP*043
DTM*999*20050915
RMR*IK*471720050916*PI*55.59*55.59*0
REF*PO*0020050917
REF*ST*04717
REF*DP*043
DTM*999*20050916
RMR*IK*471720050917*PI*120.57*120.57*0
REF*PO*0020050918
REF*ST*04717
REF*DP*043
DTM*999*20050917
RMR*IK*471720050918*PI*70.34*70.34*0
REF*PO*0020050919
REF*ST*04717
REF*DP*043
DTM*999*20050918
RMR*IK*471720050919*PI*33.27*33.27*0
REF*PO*0020050920
REF*ST*04717
REF*DP*043
DTM*999*20050919
RMR*IK*471720050920*PI*6.3*6.3*0
REF*PO*0020050921
REF*ST*04717
REF*DP*043
DTM*999*20050920
RMR*IK*471720050921*PI*19.81*19.81*0
REF*PO*0020050922
REF*ST*04717
REF*DP*043
DTM*999*20050921
RMR*IK*471920050915*PI*28.65*28.65*0
REF*PO*0020050916
REF*ST*04719
REF*DP*043
DTM*999*20050915
RMR*IK*471920050916*PI*129.64*129.64*0
REF*PO*0020050917
REF*ST*04719
REF*DP*043
DTM*999*20050916
RMR*IK*471920050917*PI*57.77*57.77*0
REF*PO*0020050918
REF*ST*04719
REF*DP*043
DTM*999*20050917
RMR*IK*471920050918*PI*37.68*37.68*0
REF*PO*0020050919
REF*ST*04719
REF*DP*043
DTM*999*20050918
RMR*IK*471920050919*PI*54.8*54.8*0
REF*PO*0020050920
REF*ST*04719
REF*DP*043
DTM*999*20050919
RMR*IK*471920050920*PI*33.32*33.32*0
REF*PO*0020050921
REF*ST*04719
REF*DP*043
DTM*999*20050920
RMR*IK*471920050921*PI*83.72*83.72*0
REF*PO*0020050922
REF*ST*04719
REF*DP*043
DTM*999*20050921
RMR*IK*472020050916*PI*10*10*0
REF*PO*0020050917
REF*ST*04720
REF*DP*043
DTM*999*20050916
RMR*IK*472020050917*PI*13.75*13.75*0
REF*PO*0020050918
REF*ST*04720
REF*DP*043
DTM*999*20050917
RMR*IK*472020050918*PI*7.5*7.5*0
REF*PO*0020050919
REF*ST*04720
REF*DP*043
DTM*999*20050918
RMR*IK*473920050915*PI*4.2*4.2*0
REF*PO*0020050916
REF*ST*04739
REF*DP*043
DTM*999*20050915
RMR*IK*473920050916*PI*27.05*27.05*0
REF*PO*0020050917
REF*ST*04739
REF*DP*043
DTM*999*20050916
RMR*IK*473920050917*PI*30.15*30.15*0
REF*PO*0020050918
REF*ST*04739
REF*DP*043
DTM*999*20050917
RMR*IK*473920050918*PI*2.1*2.1*0
REF*PO*0020050919
REF*ST*04739
REF*DP*043
DTM*999*20050918
RMR*IK*473920050919*PI*9.43*9.43*0
REF*PO*0020050920
REF*ST*04739
REF*DP*043
DTM*999*20050919
RMR*IK*473920050920*PI*27.26*27.26*0
REF*PO*0020050921
REF*ST*04739
REF*DP*043
DTM*999*20050920
RMR*IK*474320050915*PI*15.05*15.05*0
REF*PO*0020050916
REF*ST*04743
REF*DP*043
DTM*999*20050915
RMR*IK*474320050916*PI*6.7*6.7*0
REF*PO*0020050917
REF*ST*04743
REF*DP*043
DTM*999*20050916
RMR*IK*474320050917*PI*2.5*2.5*0
REF*PO*0020050918
REF*ST*04743
REF*DP*043
DTM*999*20050917
RMR*IK*474320050918*PI*4.6*4.6*0
REF*PO*0020050919
REF*ST*04743
REF*DP*043
DTM*999*20050918
RMR*IK*475320050915*PI*24.09*24.09*0
REF*PO*0020050916
REF*ST*04753
REF*DP*043
DTM*999*20050915
RMR*IK*475320050916*PI*60.7*60.7*0
REF*PO*0020050917
REF*ST*04753
REF*DP*043
DTM*999*20050916
RMR*IK*475320050917*PI*36.69*36.69*0
REF*PO*0020050918
REF*ST*04753
REF*DP*043
DTM*999*20050917
RMR*IK*475320050918*PI*25.08*25.08*0
REF*PO*0020050919
REF*ST*04753
REF*DP*043
DTM*999*20050918
RMR*IK*475320050919*PI*8.4*8.4*0
REF*PO*0020050920
REF*ST*04753
REF*DP*043
DTM*999*20050919
RMR*IK*475320050920*PI*48.1*48.1*0
REF*PO*0020050921
REF*ST*04753
REF*DP*043
DTM*999*20050920
RMR*IK*475320050921*PI*35.5*35.5*0
REF*PO*0020050922
REF*ST*04753
REF*DP*043
DTM*999*20050921
RMR*IK*476020050916*PI*4.2*4.2*0
REF*PO*0020050917
REF*ST*04760
REF*DP*043
DTM*999*20050916
RMR*IK*476020050917*PI*28.2*28.2*0
REF*PO*0020050918
REF*ST*04760
REF*DP*043
DTM*999*20050917
RMR*IK*476020050920*PI*4.2*4.2*0
REF*PO*0020050921
REF*ST*04760
REF*DP*043
DTM*999*20050920
RMR*IK*476920050915*PI*46.2*46.2*0
REF*PO*0020050916
REF*ST*04769
REF*DP*043
DTM*999*20050915
RMR*IK*476920050916*PI*13.5*13.5*0
REF*PO*0020050917
REF*ST*04769
REF*DP*043
DTM*999*20050916
RMR*IK*476920050917*PI*6.3*6.3*0
REF*PO*0020050918
REF*ST*04769
REF*DP*043
DTM*999*20050917
RMR*IK*476920050918*PI*29.4*29.4*0
REF*PO*0020050919
REF*ST*04769
REF*DP*043
DTM*999*20050918
RMR*IK*476920050919*PI*6.3*6.3*0
REF*PO*0020050920
REF*ST*04769
REF*DP*043
DTM*999*20050919
RMR*IK*476920050920*PI*4.2*4.2*0
REF*PO*0020050921
REF*ST*04769
REF*DP*043
DTM*999*20050920
RMR*IK*476920050921*PI*50.1*50.1*0
REF*PO*0020050922
REF*ST*04769
REF*DP*043
DTM*999*20050921
RMR*IK*481720050915*PI*4.2*4.2*0
REF*PO*0020050916
REF*ST*04817
REF*DP*043
DTM*999*20050915
RMR*IK*481720050917*PI*2.1*2.1*0
REF*PO*0020050918
REF*ST*04817
REF*DP*043
DTM*999*20050917
RMR*IK*481720050918*PI*16.8*16.8*0
REF*PO*0020050919
REF*ST*04817
REF*DP*043
DTM*999*20050918
RMR*IK*481720050919*PI*2.1*2.1*0
REF*PO*0020050920
REF*ST*04817
REF*DP*043
DTM*999*20050919
RMR*IK*481720050920*PI*4.2*4.2*0
REF*PO*0020050921
REF*ST*04817
REF*DP*043
DTM*999*20050920
RMR*IK*481720050921*PI*6.75*6.75*0
REF*PO*0020050922
REF*ST*04817
REF*DP*043
DTM*999*20050921
RMR*IK*483520050915*PI*18.9*18.9*0
REF*PO*0020050916
REF*ST*04835
REF*DP*043
DTM*999*20050915
RMR*IK*483520050916*PI*10.38*10.38*0
REF*PO*0020050917
REF*ST*04835
REF*DP*043
DTM*999*20050916
RMR*IK*483520050917*PI*26.23*26.23*0
REF*PO*0020050918
REF*ST*04835
REF*DP*043
DTM*999*20050917
RMR*IK*483520050918*PI*46.79*46.79*0
REF*PO*0020050919
REF*ST*04835
REF*DP*043
DTM*999*20050918
RMR*IK*483520050919*PI*25.12*25.12*0
REF*PO*0020050920
REF*ST*04835
REF*DP*043
DTM*999*20050919
RMR*IK*483520050920*PI*25.32*25.32*0
REF*PO*0020050921
REF*ST*04835
REF*DP*043
DTM*999*20050920
RMR*IK*483520050921*PI*6.03*6.03*0
REF*PO*0020050922
REF*ST*04835
REF*DP*043
DTM*999*20050921
RMR*IK*488320050915*PI*6.3*6.3*0
REF*PO*0020050916
REF*ST*04883
REF*DP*043
DTM*999*20050915
RMR*IK*488320050916*PI*18.9*18.9*0
REF*PO*0020050917
REF*ST*04883
REF*DP*043
DTM*999*20050916
RMR*IK*488320050917*PI*6.3*6.3*0
REF*PO*0020050918
REF*ST*04883
REF*DP*043
DTM*999*20050917
RMR*IK*488320050918*PI*12.6*12.6*0
REF*PO*0020050919
REF*ST*04883
REF*DP*043
DTM*999*20050918
RMR*IK*488320050920*PI*4.2*4.2*0
REF*PO*0020050921
REF*ST*04883
REF*DP*043
DTM*999*20050920
RMR*IK*489820050915*PI*4.2*4.2*0
REF*PO*0020050916
REF*ST*04898
REF*DP*043
DTM*999*20050915
RMR*IK*489820050916*PI*4.2*4.2*0
REF*PO*0020050917
REF*ST*04898
REF*DP*043
DTM*999*20050916
RMR*IK*489820050917*PI*4.2*4.2*0
REF*PO*0020050918
REF*ST*04898
REF*DP*043
DTM*999*20050917
RMR*IK*489820050921*PI*4.2*4.2*0
REF*PO*0020050922
REF*ST*04898
REF*DP*043
DTM*999*20050921
RMR*IK*497020050915*PI*10.5*10.5*0
REF*PO*0020050916
REF*ST*04970
REF*DP*043
DTM*999*20050915
RMR*IK*497020050916*PI*10.05*10.05*0
REF*PO*0020050917
REF*ST*04970
REF*DP*043
DTM*999*20050916
RMR*IK*497020050917*PI*57.85*57.85*0
REF*PO*0020050918
REF*ST*04970
REF*DP*043
DTM*999*20050917
RMR*IK*497020050918*PI*48.25*48.25*0
REF*PO*0020050919
REF*ST*04970
REF*DP*043
DTM*999*20050918
RMR*IK*497020050919*PI*21*21*0
REF*PO*0020050920
REF*ST*04970
REF*DP*043
DTM*999*20050919
RMR*IK*497020050920*PI*22.6*22.6*0
REF*PO*0020050921
REF*ST*04970
REF*DP*043
DTM*999*20050920
RMR*IK*497020050921*PI*13.4*13.4*0
REF*PO*0020050922
REF*ST*04970
REF*DP*043
DTM*999*20050921
RMR*IK*502320050916*PI*6.3*6.3*0
REF*PO*0020050918
REF*ST*05023
REF*DP*043
DTM*999*20050916
RMR*IK*502320050917*PI*6.3*6.3*0
REF*PO*0020050919
REF*ST*05023
REF*DP*043
DTM*999*20050917
RMR*IK*502320050918*PI*4.2*4.2*0
REF*PO*0020050920
REF*ST*05023
REF*DP*043
DTM*999*20050918
RMR*IK*502320050920*PI*25.2*25.2*0
REF*PO*0020050922
REF*ST*05023
REF*DP*043
DTM*999*20050920
RMR*IK*502320050921*PI*4.2*4.2*0
REF*PO*0020050923
REF*ST*05023
REF*DP*043
DTM*999*20050921
RMR*IK*701820050915*PI*3.75*3.75*0
REF*PO*0020050916
REF*ST*07018
REF*DP*043
DTM*999*20050915
RMR*IK*701820050916*PI*8.75*8.75*0
REF*PO*0020050917
REF*ST*07018
REF*DP*043
DTM*999*20050916
RMR*IK*701820050918*PI*47.5*47.5*0
REF*PO*0020050919
REF*ST*07018
REF*DP*043
DTM*999*20050918
RMR*IK*701820050919*PI*7.5*7.5*0
REF*PO*0020050920
REF*ST*07018
REF*DP*043
DTM*999*20050919
RMR*IK*701820050920*PI*2.5*2.5*0
REF*PO*0020050921
REF*ST*07018
REF*DP*043
DTM*999*20050920
RMR*IK*701820050921*PI*5*5*0
REF*PO*0020050922
REF*ST*07018
REF*DP*043
DTM*999*20050921
RMR*IK*702120050916*PI*18.75*18.75*0
REF*PO*0020050917
REF*ST*07021
REF*DP*043
DTM*999*20050916
RMR*IK*702120050917*PI*18.75*18.75*0
REF*PO*0020050918
REF*ST*07021
REF*DP*043
DTM*999*20050917
RMR*IK*702120050918*PI*1.25*1.25*0
REF*PO*0020050919
REF*ST*07021
REF*DP*043
DTM*999*20050918
RMR*IK*702120050919*PI*6.25*6.25*0
REF*PO*0020050920
REF*ST*07021
REF*DP*043
DTM*999*20050919
RMR*IK*702120050920*PI*5*5*0
REF*PO*0020050921
REF*ST*07021
REF*DP*043
DTM*999*20050920
RMR*IK*704520050915*PI*46.2*46.2*0
REF*PO*0020050916
REF*ST*07045
REF*DP*043
DTM*999*20050915
RMR*IK*704520050916*PI*18.9*18.9*0
REF*PO*0020050917
REF*ST*07045
REF*DP*043
DTM*999*20050916
RMR*IK*704520050917*PI*60.9*60.9*0
REF*PO*0020050918
REF*ST*07045
REF*DP*043
DTM*999*20050917
RMR*IK*704520050918*PI*37.8*37.8*0
REF*PO*0020050919
REF*ST*07045
REF*DP*043
DTM*999*20050918
RMR*IK*704520050919*PI*48.3*48.3*0
REF*PO*0020050920
REF*ST*07045
REF*DP*043
DTM*999*20050919
RMR*IK*704520050920*PI*23.06*23.06*0
REF*PO*0020050921
REF*ST*07045
REF*DP*043
DTM*999*20050920
RMR*IK*704520050921*PI*32.37*32.37*0
REF*PO*0020050922
REF*ST*07045
REF*DP*043
DTM*999*20050921
RMR*IK*705920050915*PI*10.5*10.5*0
REF*PO*0020050916
REF*ST*07059
REF*DP*043
DTM*999*20050915
RMR*IK*705920050916*PI*10.5*10.5*0
REF*PO*0020050917
REF*ST*07059
REF*DP*043
DTM*999*20050916
RMR*IK*705920050917*PI*21.45*21.45*0
REF*PO*0020050918
REF*ST*07059
REF*DP*043
DTM*999*20050917
RMR*IK*705920050918*PI*4.2*4.2*0
REF*PO*0020050919
REF*ST*07059
REF*DP*043
DTM*999*20050918
RMR*IK*705920050919*PI*8.4*8.4*0
REF*PO*0020050920
REF*ST*07059
REF*DP*043
DTM*999*20050919
RMR*IK*705920050920*PI*13.5*13.5*0
REF*PO*0020050921
REF*ST*07059
REF*DP*043
DTM*999*20050920
RMR*IK*705920050921*PI*2.1*2.1*0
REF*PO*0020050922
REF*ST*07059
REF*DP*043
DTM*999*20050921
RMR*IK*706420050915*PI*4.2*4.2*0
REF*PO*0020050916
REF*ST*07064
REF*DP*043
DTM*999*20050915
RMR*IK*706420050916*PI*58.2*58.2*0
REF*PO*0020050917
REF*ST*07064
REF*DP*043
DTM*999*20050916
RMR*IK*706420050917*PI*10.5*10.5*0
REF*PO*0020050918
REF*ST*07064
REF*DP*043
DTM*999*20050917
RMR*IK*706420050918*PI*10.95*10.95*0
REF*PO*0020050919
REF*ST*07064
REF*DP*043
DTM*999*20050918
RMR*IK*706420050920*PI*2.1*2.1*0
REF*PO*0020050921
REF*ST*07064
REF*DP*043
DTM*999*20050920
RMR*IK*706620050915*PI*66.45*66.45*0
REF*PO*0020050916
REF*ST*07066
REF*DP*043
DTM*999*20050915
RMR*IK*706620050916*PI*21*21*0
REF*PO*0020050917
REF*ST*07066
REF*DP*043
DTM*999*20050916
RMR*IK*706620050917*PI*76.2*76.2*0
REF*PO*0020050918
REF*ST*07066
REF*DP*043
DTM*999*20050917
RMR*IK*706620050918*PI*63.15*63.15*0
REF*PO*0020050919
REF*ST*07066
REF*DP*043
DTM*999*20050918
RMR*IK*706620050919*PI*34.95*34.95*0
REF*PO*0020050920
REF*ST*07066
REF*DP*043
DTM*999*20050919
RMR*IK*706620050920*PI*25.2*25.2*0
REF*PO*0020050921
REF*ST*07066
REF*DP*043
DTM*999*20050920
RMR*IK*706620050921*PI*27.3*27.3*0
REF*PO*0020050922
REF*ST*07066
REF*DP*043
DTM*999*20050921
RMR*IK*706920050915*PI*72.44*72.44*0
REF*PO*0020050916
REF*ST*07069
REF*DP*043
DTM*999*20050915
RMR*IK*706920050916*PI*35.54*35.54*0
REF*PO*0020050917
REF*ST*07069
REF*DP*043
DTM*999*20050916
RMR*IK*706920050917*PI*79.02*79.02*0
REF*PO*0020050918
REF*ST*07069
REF*DP*043
DTM*999*20050917
RMR*IK*706920050918*PI*42.25*42.25*0
REF*PO*0020050919
REF*ST*07069
REF*DP*043
DTM*999*20050918
RMR*IK*706920050919*PI*41.84*41.84*0
REF*PO*0020050920
REF*ST*07069
REF*DP*043
DTM*999*20050919
RMR*IK*706920050920*PI*41.13*41.13*0
REF*PO*0020050921
REF*ST*07069
REF*DP*043
DTM*999*20050920
RMR*IK*706920050921*PI*71.14*71.14*0
REF*PO*0020050922
REF*ST*07069
REF*DP*043
DTM*999*20050921
RMR*IK*707620050915*PI*23.1*23.1*0
REF*PO*0020050916
REF*ST*07076
REF*DP*043
DTM*999*20050915
RMR*IK*707620050916*PI*39.6*39.6*0
REF*PO*0020050917
REF*ST*07076
REF*DP*043
DTM*999*20050916
RMR*IK*707620050917*PI*16.68*16.68*0
REF*PO*0020050918
REF*ST*07076
REF*DP*043
DTM*999*20050917
RMR*IK*707620050918*PI*17.75*17.75*0
REF*PO*0020050919
REF*ST*07076
REF*DP*043
DTM*999*20050918
RMR*IK*707620050919*PI*6.22*6.22*0
REF*PO*0020050920
REF*ST*07076
REF*DP*043
DTM*999*20050919
RMR*IK*707620050920*PI*31.42*31.42*0
REF*PO*0020050921
REF*ST*07076
REF*DP*043
DTM*999*20050920
RMR*IK*707620050921*PI*32.86*32.86*0
REF*PO*0020050922
REF*ST*07076
REF*DP*043
DTM*999*20050921
RMR*IK*713220050915*PI*13.47*13.47*0
REF*PO*0020050916
REF*ST*07132
REF*DP*043
DTM*999*20050915
RMR*IK*713220050916*PI*33.67*33.67*0
REF*PO*0020050917
REF*ST*07132
REF*DP*043
DTM*999*20050916
RMR*IK*713220050917*PI*66.45*66.45*0
REF*PO*0020050918
REF*ST*07132
REF*DP*043
DTM*999*20050917
RMR*IK*713220050918*PI*40.55*40.55*0
REF*PO*0020050919
REF*ST*07132
REF*DP*043
DTM*999*20050918
RMR*IK*713220050919*PI*44.74*44.74*0
REF*PO*0020050920
REF*ST*07132
REF*DP*043
DTM*999*20050919
RMR*IK*713220050920*PI*43.8*43.8*0
REF*PO*0020050921
REF*ST*07132
REF*DP*043
DTM*999*20050920
RMR*IK*713220050921*PI*81.6*81.6*0
REF*PO*0020050922
REF*ST*07132
REF*DP*043
DTM*999*20050921
RMR*IK*714620050916*PI*8.4*8.4*0
REF*PO*0020050917
REF*ST*07146
REF*DP*043
DTM*999*20050916
RMR*IK*714620050917*PI*2.1*2.1*0
REF*PO*0020050918
REF*ST*07146
REF*DP*043
DTM*999*20050917
RMR*IK*714620050918*PI*6.3*6.3*0
REF*PO*0020050919
REF*ST*07146
REF*DP*043
DTM*999*20050918
RMR*IK*715420050915*PI*19.8*19.8*0
REF*PO*0020050916
REF*ST*07154
REF*DP*043
DTM*999*20050915
RMR*IK*715420050916*PI*30.3*30.3*0
REF*PO*0020050917
REF*ST*07154
REF*DP*043
DTM*999*20050916
RMR*IK*715420050917*PI*29.4*29.4*0
REF*PO*0020050918
REF*ST*07154
REF*DP*043
DTM*999*20050917
RMR*IK*715420050918*PI*21*21*0
REF*PO*0020050919
REF*ST*07154
REF*DP*043
DTM*999*20050918
RMR*IK*715420050919*PI*26.55*26.55*0
REF*PO*0020050920
REF*ST*07154
REF*DP*043
DTM*999*20050919
RMR*IK*715420050920*PI*10.5*10.5*0
REF*PO*0020050921
REF*ST*07154
REF*DP*043
DTM*999*20050920
RMR*IK*715420050921*PI*33.85*33.85*0
REF*PO*0020050922
REF*ST*07154
REF*DP*043
DTM*999*20050921
RMR*IK*718420050915*PI*64.05*64.05*0
REF*PO*0020050916
REF*ST*07184
REF*DP*043
DTM*999*20050915
RMR*IK*718420050916*PI*102.6*102.6*0
REF*PO*0020050917
REF*ST*07184
REF*DP*043
DTM*999*20050916
RMR*IK*718420050917*PI*76.95*76.95*0
REF*PO*0020050918
REF*ST*07184
REF*DP*043
DTM*999*20050917
RMR*IK*718420050918*PI*88.8*88.8*0
REF*PO*0020050919
REF*ST*07184
REF*DP*043
DTM*999*20050918
RMR*IK*718420050919*PI*58.95*58.95*0
REF*PO*0020050920
REF*ST*07184
REF*DP*043
DTM*999*20050919
RMR*IK*718420050920*PI*47.26*47.26*0
REF*PO*0020050921
REF*ST*07184
REF*DP*043
DTM*999*20050920
RMR*IK*718420050921*PI*62.57*62.57*0
REF*PO*0020050922
REF*ST*07184
REF*DP*043
DTM*999*20050921
RMR*IK*725520050915*PI*103.56*103.56*0
REF*PO*0020050916
REF*ST*07255
REF*DP*043
DTM*999*20050915
RMR*IK*725520050916*PI*99.36*99.36*0
REF*PO*0020050917
REF*ST*07255
REF*DP*043
DTM*999*20050916
RMR*IK*725520050917*PI*87.08*87.08*0
REF*PO*0020050918
REF*ST*07255
REF*DP*043
DTM*999*20050917
RMR*IK*725520050918*PI*94.81*94.81*0
REF*PO*0020050919
REF*ST*07255
REF*DP*043
DTM*999*20050918
RMR*IK*725520050919*PI*50.11*50.11*0
REF*PO*0020050920
REF*ST*07255
REF*DP*043
DTM*999*20050919
RMR*IK*725520050920*PI*57*57*0
REF*PO*0020050921
REF*ST*07255
REF*DP*043
DTM*999*20050920
RMR*IK*725520050921*PI*19.91*19.91*0
REF*PO*0020050922
REF*ST*07255
REF*DP*043
DTM*999*20050921
RMR*IK*730420050918*PI*2.5*2.5*0
REF*PO*0020050919
REF*ST*07304
REF*DP*043
DTM*999*20050918
RMR*IK*732420050917*PI*4.2*4.2*0
REF*PO*0020050918
REF*ST*07324
REF*DP*043
DTM*999*20050917
RMR*IK*732420050918*PI*4.2*4.2*0
REF*PO*0020050919
REF*ST*07324
REF*DP*043
DTM*999*20050918
RMR*IK*732420050919*PI*4.2*4.2*0
REF*PO*0020050920
REF*ST*07324
REF*DP*043
DTM*999*20050919
RMR*IK*735820050915*PI*69.76*69.76*0
REF*PO*0020050916
REF*ST*07358
REF*DP*043
DTM*999*20050915
RMR*IK*735820050916*PI*102.7*102.7*0
REF*PO*0020050917
REF*ST*07358
REF*DP*043
DTM*999*20050916
RMR*IK*735820050917*PI*151.89*151.89*0
REF*PO*0020050918
REF*ST*07358
REF*DP*043
DTM*999*20050917
RMR*IK*735820050918*PI*124.6*124.6*0
REF*PO*0020050919
REF*ST*07358
REF*DP*043
DTM*999*20050918
RMR*IK*735820050919*PI*67.7*67.7*0
REF*PO*0020050920
REF*ST*07358
REF*DP*043
DTM*999*20050919
RMR*IK*735820050920*PI*72.33*72.33*0
REF*PO*0020050921
REF*ST*07358
REF*DP*043
DTM*999*20050920
RMR*IK*735820050921*PI*98.32*98.32*0
REF*PO*0020050922
REF*ST*07358
REF*DP*043
DTM*999*20050921
RMR*IK*736220050915*PI*24*24*0
REF*PO*0020050916
REF*ST*07362
REF*DP*043
DTM*999*20050915
RMR*IK*736220050916*PI*39.86*39.86*0
REF*PO*0020050917
REF*ST*07362
REF*DP*043
DTM*999*20050916
RMR*IK*736220050917*PI*27.3*27.3*0
REF*PO*0020050918
REF*ST*07362
REF*DP*043
DTM*999*20050917
RMR*IK*736220050918*PI*33.36*33.36*0
REF*PO*0020050919
REF*ST*07362
REF*DP*043
DTM*999*20050918
RMR*IK*736220050919*PI*43.9*43.9*0
REF*PO*0020050920
REF*ST*07362
REF*DP*043
DTM*999*20050919
RMR*IK*736220050920*PI*31.95*31.95*0
REF*PO*0020050921
REF*ST*07362
REF*DP*043
DTM*999*20050920
RMR*IK*736220050921*PI*19.76*19.76*0
REF*PO*0020050922
REF*ST*07362
REF*DP*043
DTM*999*20050921
RMR*IK*743720050921*PI*8.4*8.4*0
REF*PO*0020050922
REF*ST*07437
REF*DP*043
DTM*999*20050921
RMR*IK*746020050915*PI*20.25*20.25*0
REF*PO*0020050916
REF*ST*07460
REF*DP*043
DTM*999*20050915
RMR*IK*746020050916*PI*10.95*10.95*0
REF*PO*0020050917
REF*ST*07460
REF*DP*043
DTM*999*20050916
RMR*IK*746020050917*PI*29.1*29.1*0
REF*PO*0020050918
REF*ST*07460
REF*DP*043
DTM*999*20050917
RMR*IK*746020050919*PI*17.12*17.12*0
REF*PO*0020050920
REF*ST*07460
REF*DP*043
DTM*999*20050919
RMR*IK*746020050920*PI*13.77*13.77*0
REF*PO*0020050921
REF*ST*07460
REF*DP*043
DTM*999*20050920
RMR*IK*746020050921*PI*21.24*21.24*0
REF*PO*0020050922
REF*ST*07460
REF*DP*043
DTM*999*20050921
RMR*IK*746120050915*PI*34.88*34.88*0
REF*PO*0020050916
REF*ST*07461
REF*DP*043
DTM*999*20050915
RMR*IK*746120050916*PI*67.38*67.38*0
REF*PO*0020050917
REF*ST*07461
REF*DP*043
DTM*999*20050916
RMR*IK*746120050917*PI*45.67*45.67*0
REF*PO*0020050918
REF*ST*07461
REF*DP*043
DTM*999*20050917
RMR*IK*746120050918*PI*54.93*54.93*0
REF*PO*0020050919
REF*ST*07461
REF*DP*043
DTM*999*20050918
RMR*IK*746120050919*PI*25.44*25.44*0
REF*PO*0020050920
REF*ST*07461
REF*DP*043
DTM*999*20050919
RMR*IK*746120050920*PI*71.26*71.26*0
REF*PO*0020050921
REF*ST*07461
REF*DP*043
DTM*999*20050920
RMR*IK*746120050921*PI*11.18*11.18*0
REF*PO*0020050922
REF*ST*07461
REF*DP*043
DTM*999*20050921
RMR*IK*754320050915*PI*1.25*1.25*0
REF*PO*0020050916
REF*ST*07543
REF*DP*043
DTM*999*20050915
RMR*IK*754320050916*PI*2.5*2.5*0
REF*PO*0020050917
REF*ST*07543
REF*DP*043
DTM*999*20050916
RMR*IK*754320050917*PI*16.25*16.25*0
REF*PO*0020050918
REF*ST*07543
REF*DP*043
DTM*999*20050917
RMR*IK*754320050918*PI*1.25*1.25*0
REF*PO*0020050919
REF*ST*07543
REF*DP*043
DTM*999*20050918
RMR*IK*754320050919*PI*2.5*2.5*0
REF*PO*0020050920
REF*ST*07543
REF*DP*043
DTM*999*20050919
RMR*IK*754320050920*PI*12.5*12.5*0
REF*PO*0020050921
REF*ST*07543
REF*DP*043
DTM*999*20050920
RMR*IK*754320050921*PI*5*5*0
REF*PO*0020050922
REF*ST*07543
REF*DP*043
DTM*999*20050921
RMR*IK*760720050915*PI*13.47*13.47*0
REF*PO*0020050916
REF*ST*07607
REF*DP*043
DTM*999*20050915
RMR*IK*760720050916*PI*35.46*35.46*0
REF*PO*0020050917
REF*ST*07607
REF*DP*043
DTM*999*20050916
RMR*IK*760720050917*PI*80.51*80.51*0
REF*PO*0020050918
REF*ST*07607
REF*DP*043
DTM*999*20050917
RMR*IK*760720050918*PI*69.33*69.33*0
REF*PO*0020050919
REF*ST*07607
REF*DP*043
DTM*999*20050918
RMR*IK*760720050919*PI*48.97*48.97*0
REF*PO*0020050920
REF*ST*07607
REF*DP*043
DTM*999*20050919
RMR*IK*760720050920*PI*50.65*50.65*0
REF*PO*0020050921
REF*ST*07607
REF*DP*043
DTM*999*20050920
RMR*IK*760720050921*PI*26.15*26.15*0
REF*PO*0020050922
REF*ST*07607
REF*DP*043
DTM*999*20050921
RMR*IK*761020050915*PI*13.05*13.05*0
REF*PO*0020050916
REF*ST*07610
REF*DP*043
DTM*999*20050915
RMR*IK*761020050916*PI*14.7*14.7*0
REF*PO*0020050917
REF*ST*07610
REF*DP*043
DTM*999*20050916
RMR*IK*761020050917*PI*47.55*47.55*0
REF*PO*0020050918
REF*ST*07610
REF*DP*043
DTM*999*20050917
RMR*IK*761020050918*PI*44.55*44.55*0
REF*PO*0020050919
REF*ST*07610
REF*DP*043
DTM*999*20050918
RMR*IK*761020050919*PI*28.2*28.2*0
REF*PO*0020050920
REF*ST*07610
REF*DP*043
DTM*999*20050919
RMR*IK*761020050920*PI*14.7*14.7*0
REF*PO*0020050921
REF*ST*07610
REF*DP*043
DTM*999*20050920
RMR*IK*761020050921*PI*15.34*15.34*0
REF*PO*0020050922
REF*ST*07610
REF*DP*043
DTM*999*20050921
RMR*IK*762920050915*PI*8.4*8.4*0
REF*PO*0020050916
REF*ST*07629
REF*DP*043
DTM*999*20050915
RMR*IK*762920050916*PI*16.8*16.8*0
REF*PO*0020050917
REF*ST*07629
REF*DP*043
DTM*999*20050916
RMR*IK*762920050917*PI*44.1*44.1*0
REF*PO*0020050918
REF*ST*07629
REF*DP*043
DTM*999*20050917
RMR*IK*762920050918*PI*2.1*2.1*0
REF*PO*0020050919
REF*ST*07629
REF*DP*043
DTM*999*20050918
RMR*IK*762920050919*PI*4.2*4.2*0
REF*PO*0020050920
REF*ST*07629
REF*DP*043
DTM*999*20050919
RMR*IK*762920050921*PI*10.5*10.5*0
REF*PO*0020050922
REF*ST*07629
REF*DP*043
DTM*999*20050921
RMR*IK*762920051006*PI*-6.75*-6.75*0
REF*PO*0020051008
REF*ST*07629
REF*DP*043
DTM*999*20051006
RMR*IK*763720050915*PI*27*27*0
REF*PO*0020050916
REF*ST*07637
REF*DP*043
DTM*999*20050915
RMR*IK*763720050916*PI*42.75*42.75*0
REF*PO*0020050917
REF*ST*07637
REF*DP*043
DTM*999*20050916
RMR*IK*763720050917*PI*37.5*37.5*0
REF*PO*0020050918
REF*ST*07637
REF*DP*043
DTM*999*20050917
RMR*IK*763720050918*PI*2.1*2.1*0
REF*PO*0020050919
REF*ST*07637
REF*DP*043
DTM*999*20050918
RMR*IK*763720050921*PI*87.01*87.01*0
REF*PO*0020050922
REF*ST*07637
REF*DP*043
DTM*999*20050921
RMR*IK*771820050915*PI*27.02*27.02*0
REF*PO*0020050916
REF*ST*07718
REF*DP*043
DTM*999*20050915
RMR*IK*771820050916*PI*36.54*36.54*0
REF*PO*0020050917
REF*ST*07718
REF*DP*043
DTM*999*20050916
RMR*IK*771820050917*PI*474.02*474.02*0
REF*PO*0020050918
REF*ST*07718
REF*DP*043
DTM*999*20050917
RMR*IK*771820050918*PI*188.91*188.91*0
REF*PO*0020050919
REF*ST*07718
REF*DP*043
DTM*999*20050918
RMR*IK*771820050919*PI*6.3*6.3*0
REF*PO*0020050920
REF*ST*07718
REF*DP*043
DTM*999*20050919
RMR*IK*771820050920*PI*27.18*27.18*0
REF*PO*0020050921
REF*ST*07718
REF*DP*043
DTM*999*20050920
RMR*IK*771820050921*PI*2.06*2.06*0
REF*PO*0020050922
REF*ST*07718
REF*DP*043
DTM*999*20050921
RMR*IK*771920050915*PI*10.5*10.5*0
REF*PO*0020050916
REF*ST*07719
REF*DP*043
DTM*999*20050915
RMR*IK*771920050916*PI*10.5*10.5*0
REF*PO*0020050917
REF*ST*07719
REF*DP*043
DTM*999*20050916
RMR*IK*771920050917*PI*10.5*10.5*0
REF*PO*0020050918
REF*ST*07719
REF*DP*043
DTM*999*20050917
RMR*IK*771920050918*PI*6.3*6.3*0
REF*PO*0020050919
REF*ST*07719
REF*DP*043
DTM*999*20050918
RMR*IK*771920050919*PI*8.4*8.4*0
REF*PO*0020050920
REF*ST*07719
REF*DP*043
DTM*999*20050919
RMR*IK*771920050920*PI*14.7*14.7*0
REF*PO*0020050921
REF*ST*07719
REF*DP*043
DTM*999*20050920
RMR*IK*771920050921*PI*16.8*16.8*0
REF*PO*0020050922
REF*ST*07719
REF*DP*043
DTM*999*20050921
RMR*IK*933120050917*PI*9.2*9.2*0
REF*PO*0020050918
REF*ST*09331
REF*DP*043
DTM*999*20050917
RMR*IK*933120050918*PI*3.75*3.75*0
REF*PO*0020050919
REF*ST*09331
REF*DP*043
DTM*999*20050918
RMR*IK*933120050919*PI*6.3*6.3*0
REF*PO*0020050920
REF*ST*09331
REF*DP*043
DTM*999*20050919
RMR*IK*933120050921*PI*1.25*1.25*0
REF*PO*0020050922
REF*ST*09331
REF*DP*043
DTM*999*20050921
RMR*IK*933420050915*PI*1.25*1.25*0
REF*PO*0020050916
REF*ST*09334
REF*DP*043
DTM*999*20050915
RMR*IK*933420050916*PI*1.25*1.25*0
REF*PO*0020050917
REF*ST*09334
REF*DP*043
DTM*999*20050916
RMR*IK*933420050917*PI*15*15*0
REF*PO*0020050918
REF*ST*09334
REF*DP*043
DTM*999*20050917
RMR*IK*933420050918*PI*17.5*17.5*0
REF*PO*0020050919
REF*ST*09334
REF*DP*043
DTM*999*20050918
RMR*IK*933420050920*PI*1.25*1.25*0
REF*PO*0020050921
REF*ST*09334
REF*DP*043
DTM*999*20050920
RMR*IK*933820050915*PI*4.2*4.2*0
REF*PO*0020050916
REF*ST*09338
REF*DP*043
DTM*999*20050915
RMR*IK*933820050916*PI*5.85*5.85*0
REF*PO*0020050917
REF*ST*09338
REF*DP*043
DTM*999*20050916
RMR*IK*933820050917*PI*44.7*44.7*0
REF*PO*0020050918
REF*ST*09338
REF*DP*043
DTM*999*20050917
RMR*IK*933820050918*PI*33.85*33.85*0
REF*PO*0020050919
REF*ST*09338
REF*DP*043
DTM*999*20050918
RMR*IK*933820050919*PI*2.1*2.1*0
REF*PO*0020050920
REF*ST*09338
REF*DP*043
DTM*999*20050919
RMR*IK*933820050920*PI*8.75*8.75*0
REF*PO*0020050921
REF*ST*09338
REF*DP*043
DTM*999*20050920
RMR*IK*933820050921*PI*2.1*2.1*0
REF*PO*0020050922
REF*ST*09338
REF*DP*043
DTM*999*20050921
RMR*IK*935120050915*PI*3.75*3.75*0
REF*PO*0020050916
REF*ST*09351
REF*DP*043
DTM*999*20050915
RMR*IK*935120050916*PI*2.1*2.1*0
REF*PO*0020050917
REF*ST*09351
REF*DP*043
DTM*999*20050916
RMR*IK*935120050917*PI*5*5*0
REF*PO*0020050918
REF*ST*09351
REF*DP*043
DTM*999*20050917
RMR*IK*935120050918*PI*14.65*14.65*0
REF*PO*0020050919
REF*ST*09351
REF*DP*043
DTM*999*20050918
RMR*IK*935120050919*PI*2.5*2.5*0
REF*PO*0020050920
REF*ST*09351
REF*DP*043
DTM*999*20050919
RMR*IK*935120050920*PI*2.1*2.1*0
REF*PO*0020050921
REF*ST*09351
REF*DP*043
DTM*999*20050920
RMR*IK*935320050916*PI*7.5*7.5*0
REF*PO*0020050917
REF*ST*09353
REF*DP*043
DTM*999*20050916
RMR*IK*935320050917*PI*11.25*11.25*0
REF*PO*0020050918
REF*ST*09353
REF*DP*043
DTM*999*20050917
RMR*IK*935320050918*PI*3.75*3.75*0
REF*PO*0020050919
REF*ST*09353
REF*DP*043
DTM*999*20050918
RMR*IK*935320050919*PI*16.25*16.25*0
REF*PO*0020050920
REF*ST*09353
REF*DP*043
DTM*999*20050919
RMR*IK*935320050921*PI*2.5*2.5*0
REF*PO*0020050922
REF*ST*09353
REF*DP*043
DTM*999*20050921
RMR*IK*953220050917*PI*5*5*0
REF*PO*0020050918
REF*ST*09532
REF*DP*043
DTM*999*20050917
RMR*IK*953220050919*PI*1.25*1.25*0
REF*PO*0020050920
REF*ST*09532
REF*DP*043
DTM*999*20050919
RMR*IK*953220050920*PI*10*10*0
REF*PO*0020050921
REF*ST*09532
REF*DP*043
DTM*999*20050920
RMR*IK*953220050921*PI*11.25*11.25*0
REF*PO*0020050922
REF*ST*09532
REF*DP*043
DTM*999*20050921
RMR*IK*957120050915*PI*4.2*4.2*0
REF*PO*0020050916
REF*ST*09571
REF*DP*043
DTM*999*20050915
RMR*IK*957120050916*PI*10.5*10.5*0
REF*PO*0020050917
REF*ST*09571
REF*DP*043
DTM*999*20050916
RMR*IK*957120050917*PI*8.4*8.4*0
REF*PO*0020050918
REF*ST*09571
REF*DP*043
DTM*999*20050917
RMR*IK*957120050920*PI*6.75*6.75*0
REF*PO*0020050921
REF*ST*09571
REF*DP*043
DTM*999*20050920
RMR*IK*962020050915*PI*12.6*12.6*0
REF*PO*0020050916
REF*ST*09620
REF*DP*043
DTM*999*20050915
RMR*IK*962020050916*PI*77.4*77.4*0
REF*PO*0020050917
REF*ST*09620
REF*DP*043
DTM*999*20050916
RMR*IK*962020050917*PI*25.65*25.65*0
REF*PO*0020050918
REF*ST*09620
REF*DP*043
DTM*999*20050917
RMR*IK*962020050918*PI*8.4*8.4*0
REF*PO*0020050919
REF*ST*09620
REF*DP*043
DTM*999*20050918
RMR*IK*962020050919*PI*12.56*12.56*0
REF*PO*0020050920
REF*ST*09620
REF*DP*043
DTM*999*20050919
RMR*IK*962020050920*PI*38.65*38.65*0
REF*PO*0020050921
REF*ST*09620
REF*DP*043
DTM*999*20050920
RMR*IK*962020050921*PI*12.6*12.6*0
REF*PO*0020050922
REF*ST*09620
REF*DP*043
DTM*999*20050921
RMR*IK*962120050915*PI*2.1*2.1*0
REF*PO*0020050916
REF*ST*09621
REF*DP*043
DTM*999*20050915
RMR*IK*962120050916*PI*4.2*4.2*0
REF*PO*0020050917
REF*ST*09621
REF*DP*043
DTM*999*20050916
RMR*IK*962120050917*PI*98.4*98.4*0
REF*PO*0020050918
REF*ST*09621
REF*DP*043
DTM*999*20050917
RMR*IK*962120050918*PI*37.8*37.8*0
REF*PO*0020050919
REF*ST*09621
REF*DP*043
DTM*999*20050918
RMR*IK*962120050919*PI*29.4*29.4*0
REF*PO*0020050920
REF*ST*09621
REF*DP*043
DTM*999*20050919
RMR*IK*962120050920*PI*46.2*46.2*0
REF*PO*0020050921
REF*ST*09621
REF*DP*043
DTM*999*20050920
RMR*IK*962120050921*PI*42*42*0
REF*PO*0020050922
REF*ST*09621
REF*DP*043
DTM*999*20050921
RMR*IK*962220050917*PI*6.3*6.3*0
REF*PO*0020050918
REF*ST*09622
REF*DP*043
DTM*999*20050917
RMR*IK*962220050918*PI*21*21*0
REF*PO*0020050919
REF*ST*09622
REF*DP*043
DTM*999*20050918
RMR*IK*962220050919*PI*4.2*4.2*0
REF*PO*0020050920
REF*ST*09622
REF*DP*043
DTM*999*20050919
RMR*IK*962220050920*PI*8.4*8.4*0
REF*PO*0020050921
REF*ST*09622
REF*DP*043
DTM*999*20050920
RMR*IK*962220050921*PI*4.2*4.2*0
REF*PO*0020050922
REF*ST*09622
REF*DP*043
DTM*999*20050921
RMR*IK*962520050915*PI*6.3*6.3*0
REF*PO*0020050916
REF*ST*09625
REF*DP*043
DTM*999*20050915
RMR*IK*962520050916*PI*2.1*2.1*0
REF*PO*0020050917
REF*ST*09625
REF*DP*043
DTM*999*20050916
RMR*IK*962520050917*PI*26.07*26.07*0
REF*PO*0020050918
REF*ST*09625
REF*DP*043
DTM*999*20050917
RMR*IK*962520050918*PI*35.38*35.38*0
REF*PO*0020050919
REF*ST*09625
REF*DP*043
DTM*999*20050918
RMR*IK*962520050919*PI*26.93*26.93*0
REF*PO*0020050920
REF*ST*09625
REF*DP*043
DTM*999*20050919
RMR*IK*962520050920*PI*12.48*12.48*0
REF*PO*0020050921
REF*ST*09625
REF*DP*043
DTM*999*20050920
RMR*IK*962520050921*PI*23.02*23.02*0
REF*PO*0020050922
REF*ST*09625
REF*DP*043
DTM*999*20050921
RMR*IK*962920050915*PI*10.95*10.95*0
REF*PO*0020050916
REF*ST*09629
REF*DP*043
DTM*999*20050915
RMR*IK*962920050916*PI*21.41*21.41*0
REF*PO*0020050917
REF*ST*09629
REF*DP*043
DTM*999*20050916
RMR*IK*962920050917*PI*117.24*117.24*0
REF*PO*0020050918
REF*ST*09629
REF*DP*043
DTM*999*20050917
RMR*IK*962920050918*PI*42.07*42.07*0
REF*PO*0020050919
REF*ST*09629
REF*DP*043
DTM*999*20050918
RMR*IK*962920050919*PI*102.61*102.61*0
REF*PO*0020050920
REF*ST*09629
REF*DP*043
DTM*999*20050919
RMR*IK*962920050920*PI*15.49*15.49*0
REF*PO*0020050921
REF*ST*09629
REF*DP*043
DTM*999*20050920
RMR*IK*962920050921*PI*27.1*27.1*0
REF*PO*0020050922
REF*ST*09629
REF*DP*043
DTM*999*20050921
RMR*IK*963320050915*PI*15.15*15.15*0
REF*PO*0020050916
REF*ST*09633
REF*DP*043
DTM*999*20050915
RMR*IK*963320050916*PI*24.96*24.96*0
REF*PO*0020050917
REF*ST*09633
REF*DP*043
DTM*999*20050916
RMR*IK*963320050917*PI*146.63*146.63*0
REF*PO*0020050918
REF*ST*09633
REF*DP*043
DTM*999*20050917
RMR*IK*963320050918*PI*182.6*182.6*0
REF*PO*0020050919
REF*ST*09633
REF*DP*043
DTM*999*20050918
RMR*IK*963320050919*PI*74.95*74.95*0
REF*PO*0020050920
REF*ST*09633
REF*DP*043
DTM*999*20050919
RMR*IK*963320050920*PI*40.3*40.3*0
REF*PO*0020050921
REF*ST*09633
REF*DP*043
DTM*999*20050920
RMR*IK*963320050921*PI*44.41*44.41*0
REF*PO*0020050922
REF*ST*09633
REF*DP*043
DTM*999*20050921
RMR*IK*963920050916*PI*6.3*6.3*0
REF*PO*0020050917
REF*ST*09639
REF*DP*043
DTM*999*20050916
RMR*IK*963920050919*PI*4.2*4.2*0
REF*PO*0020050920
REF*ST*09639
REF*DP*043
DTM*999*20050919
RMR*IK*964820050915*PI*6.48*6.48*0
REF*PO*0020050916
REF*ST*09648
REF*DP*043
DTM*999*20050915
RMR*IK*964820050916*PI*126.94*126.94*0
REF*PO*0020050917
REF*ST*09648
REF*DP*043
DTM*999*20050916
RMR*IK*964820050917*PI*43.64*43.64*0
REF*PO*0020050918
REF*ST*09648
REF*DP*043
DTM*999*20050917
RMR*IK*964820050918*PI*4.12*4.12*0
REF*PO*0020050919
REF*ST*09648
REF*DP*043
DTM*999*20050918
RMR*IK*964820050919*PI*56.06*56.06*0
REF*PO*0020050920
REF*ST*09648
REF*DP*043
DTM*999*20050919
RMR*IK*964820050920*PI*53.17*53.17*0
REF*PO*0020050921
REF*ST*09648
REF*DP*043
DTM*999*20050920
RMR*IK*964820050921*PI*41.9*41.9*0
REF*PO*0020050922
REF*ST*09648
REF*DP*043
DTM*999*20050921
RMR*IK*967420050915*PI*63.34*63.34*0
REF*PO*0020050916
REF*ST*09674
REF*DP*043
DTM*999*20050915
RMR*IK*967420050916*PI*4.2*4.2*0
REF*PO*0020050917
REF*ST*09674
REF*DP*043
DTM*999*20050916
RMR*IK*967420050917*PI*25.87*25.87*0
REF*PO*0020050918
REF*ST*09674
REF*DP*043
DTM*999*20050917
RMR*IK*967420050918*PI*16.48*16.48*0
REF*PO*0020050919
REF*ST*09674
REF*DP*043
DTM*999*20050918
RMR*IK*967420050919*PI*29.15*29.15*0
REF*PO*0020050920
REF*ST*09674
REF*DP*043
DTM*999*20050919
RMR*IK*967420050920*PI*26.94*26.94*0
REF*PO*0020050921
REF*ST*09674
REF*DP*043
DTM*999*20050920
RMR*IK*967420050921*PI*52.63*52.63*0
REF*PO*0020050922
REF*ST*09674
REF*DP*043
DTM*999*20050921
RMR*IK*968020050915*PI*7.5*7.5*0
REF*PO*0020050916
REF*ST*09680
REF*DP*043
DTM*999*20050915
RMR*IK*968020050916*PI*1.25*1.25*0
REF*PO*0020050917
REF*ST*09680
REF*DP*043
DTM*999*20050916
RMR*IK*968020050917*PI*17.1*17.1*0
REF*PO*0020050918
REF*ST*09680
REF*DP*043
DTM*999*20050917
RMR*IK*968020050918*PI*6.25*6.25*0
REF*PO*0020050919
REF*ST*09680
REF*DP*043
DTM*999*20050918
RMR*IK*968020050921*PI*2.5*2.5*0
REF*PO*0020050922
REF*ST*09680
REF*DP*043
DTM*999*20050921
RMR*IK*972820050915*PI*2.1*2.1*0
REF*PO*0020050916
REF*ST*09728
REF*DP*043
DTM*999*20050915
RMR*IK*972820050919*PI*10.3*10.3*0
REF*PO*0020050920
REF*ST*09728
REF*DP*043
DTM*999*20050919
RMR*IK*972820050920*PI*12.56*12.56*0
REF*PO*0020050921
REF*ST*09728
REF*DP*043
DTM*999*20050920
RMR*IK*972820050921*PI*2.06*2.06*0
REF*PO*0020050922
REF*ST*09728
REF*DP*043
DTM*999*20050921
RMR*IK*975820050915*PI*46.98*46.98*0
REF*PO*0020050916
REF*ST*09758
REF*DP*043
DTM*999*20050915
RMR*IK*975820050917*PI*38.05*38.05*0
REF*PO*0020050918
REF*ST*09758
REF*DP*043
DTM*999*20050917
RMR*IK*975820050918*PI*7.29*7.29*0
REF*PO*0020050919
REF*ST*09758
REF*DP*043
DTM*999*20050918
RMR*IK*975820050919*PI*10.38*10.38*0
REF*PO*0020050920
REF*ST*09758
REF*DP*043
DTM*999*20050919
RMR*IK*975820050920*PI*23.1*23.1*0
REF*PO*0020050921
REF*ST*09758
REF*DP*043
DTM*999*20050920
RMR*IK*975820050921*PI*2.06*2.06*0
REF*PO*0020050922
REF*ST*09758
REF*DP*043
DTM*999*20050921
SE*3159*000000001
GE*1*100212
IEA*1*000100303
ISA*00*          *00*          *09*006985290AC    *12*6154525825     *051018*0436*U*00400*000000877*0*P*>
GS*PD*006985290AC*6154525825*20051018*04363273*254*X*004010
ST*852*000000001
XQ*H*20051018
N9*AD*T00000040
LIN**CB*970657110*ZZ*43*UP*831664000842*****DG*1*VS*00000
ZA*QS***006*20051017
CTP**UCP*5.5
SDQ*EA*ZZ*7069*2*7184*3
CTT*1
SE*9*000000001
ST*852*000000002
XQ*H*20051018
N9*AD*T00000040
LIN**CB*970956116*ZZ*43*UP*831664000019*****DG*1*VS*00000
ZA*QS***006*20051016
CTP**UCP*1.03
SDQ*EA*ZZ*5023*1
ZA*QS***006*20051017
CTP**UCP*1.03
SDQ*EA*ZZ*3083*12*3084*5*3143*60*3194*4*3348*13*3359*6*3408*3*3602*2*3644*1*3646*18
SDQ*EA*ZZ*3660*5*3672*10*3685*2*3703*4*3713*11*3715*10*3822*13*3836*12*3876*7*3941*14
SDQ*EA*ZZ*3966*27*3978*9*3996*14*4071*6*4093*10*4103*2*4244*6*4308*10*4312*11*4717*10
SDQ*EA*ZZ*4719*24*4739*9*4753*8*4769*5*4817*20*4835*2*4883*16*4970*12*7045*17*7059*8
SDQ*EA*ZZ*7066*14*7069*56*7076*4*7132*6*7154*2*7184*20*7255*11*7460*13*7607*6*7637*6
SDQ*EA*ZZ*7718*2*9620*1*9629*82*9633*27*9648*19*9674*3*9758*14
LIN**CB*970956116*ZZ*43*UP*831664000019*****DG*8*VS*00000
ZA*QS***006*20051017
CTP**UCP*1.03
SDQ*EA*ZZ*3143*4
CTT*2
SE*21*000000002
ST*852*000000003
XQ*H*20051018
N9*AD*T00000040
LIN**CB*970957114*ZZ*43*UP*831664000255*****DG*1*VS*00000
ZA*QS***006*20051017
CTP**UCP*.58
SDQ*EA*ZZ*7066*2
ZA*QS***006*20051017
CTP**UCP*.75
SDQ*EA*ZZ*3703*2*3966*1*7358*12
CTT*1
SE*12*000000003
ST*852*000000004
XQ*H*20051018
N9*AD*T00000040
LIN**CB*970958112*ZZ*43*UP*831664000699*****DG*1*VS*00000
ZA*QS***006*20051017
CTP**UCP*.58
SDQ*EA*ZZ*7066*6
CTT*1
SE*9*000000004
ST*852*000000005
XQ*H*20051018
N9*AD*T00000040
LIN**CB*970960118*ZZ*43*UP*831664000682*****DG*1*VS*00000
ZA*QS***006*20051017
CTP**UCP*1.35
SDQ*EA*ZZ*3602*2
CTT*1
SE*9*000000005
ST*852*000000006
XQ*H*20051018
N9*AD*T00000040
LIN**CB*970961116*ZZ*43*UP*831664000330*****DG*1*VS*00000
ZA*QS***006*20051017
CTP**UCP*.75
SDQ*EA*ZZ*7045*1
ZA*QS***006*20051017
CTP**UCP*1.85
SDQ*EA*ZZ*4244*2*7460*1
CTT*1
SE*12*000000006
ST*852*000000007
XQ*H*20051018
N9*AD*T00000040
LIN**CB*970970117*ZZ*43*UP*831664000859*****DG*1*VS*00000
ZA*QS***006*20051017
CTP**UCP*2.4
SDQ*EA*ZZ*7184*1
CTT*1
SE*9*000000007
ST*852*000000008
XQ*H*20051018
N9*AD*T00000040
LIN**CB*970975116*ZZ*43*UP*831664000910*****DG*4*VS*00000
ZA*QS***006*20051017
CTP**UCP*4.5
SDQ*EA*ZZ*7358*2
CTT*1
SE*9*000000008
ST*852*000000009
XQ*H*20051018
N9*AD*T00000040
LIN**CB*970976114*ZZ*43*UP*831664000514*****DG*1*VS*00000
ZA*QS***006*20051017
CTP**UCP*.75
SDQ*EA*ZZ*3063*2*3083*3*3103*1*3143*166*3194*1*3602*19*3644*9*3685*3*3703*7*3713*8
SDQ*EA*ZZ*3715*19*3848*2*3929*4*3931*3*3941*2*3966*12*3978*3*4093*29*4103*30*4244*29
SDQ*EA*ZZ*4312*27*4717*21*4719*14*4753*9*4835*3*4883*4*7045*5*7069*7*7076*31*7132*2
SDQ*EA*ZZ*7184*8*7255*5*7358*9*7362*2*7461*4*7607*8*7637*26*7719*6*9629*4*9633*8
SDQ*EA*ZZ*9648*2*9674*4*9728*2*9735*5
ZA*QS***006*20051017
CTP**UCP*1.25
SDQ*EA*ZZ*3241*9*3758*12*4048*2*7021*12*7304*4*7543*3*9338*1*9680*4
LIN**CB*970976114*ZZ*43*UP*831664000514*****DG*3*VS*00000
ZA*QS***006*20051017
CTP**UCP*.75
SDQ*EA*ZZ*4475*4
LIN**CB*970976114*ZZ*43*UP*831664000514*****DG*6*VS*00000
ZA*QS***006*20051017
CTP**UCP*1.25
SDQ*EA*ZZ*4433*4*9331*6
LIN**CB*970976114*ZZ*43*UP*831664000514*****DG*9*VS*00000
ZA*QS***006*20051017
CTP**UCP*1.25
SDQ*EA*ZZ*4293*9*9351*2
CTT*4
SE*28*000000009
ST*852*000000010
XQ*H*20051018
N9*AD*T00000040
LIN**CB*970977112*ZZ*43*UP*831664000521*****DG*1*VS*00000
ZA*QS***006*20051016
CTP**UCP*1.75
SDQ*EA*ZZ*5023*9
LIN**CB*970977112*ZZ*43*UP*831664000521*****DG*0*VS*00000
ZA*QS***006*20051017
CTP**UCP*1.75
SDQ*EA*ZZ*4898*-10
LIN**CB*970977112*ZZ*43*UP*831664000521*****DG*1*VS*00000
ZA*QS***006*20051017
CTP**UCP*1.75
SDQ*EA*ZZ*3063*3*3083*13*3084*42*3103*1*3143*53*3194*3*3348*18*3359*51*3408*3*3644*22
SDQ*EA*ZZ*3646*21*3660*29*3685*11*3703*99*3713*2*3715*11*3822*3*3929*14*3941*28*3966*23
SDQ*EA*ZZ*3978*20*4071*2*4244*35*4308*31*4312*60*4717*10*4719*10*4753*1*4769*31*4817*1
SDQ*EA*ZZ*4883*2*4898*13*4970*3*7045*20*7069*13*7076*1*7132*95*7154*13*7184*24*7255*42
SDQ*EA*ZZ*7358*28*7362*4*7460*2*7461*1*7607*5*7629*1*7718*13*7719*1*9620*6*9621*16
SDQ*EA*ZZ*9622*2*9625*24*9629*46*9633*32*9648*17*9674*20*9758*14
ZA*QS***006*20051017
CTP**UCP*2.1
SDQ*EA*ZZ*9338*2
LIN**CB*970977112*ZZ*43*UP*831664000521*****DG*2*VS*00000
ZA*QS***006*20051017
CTP**UCP*1.75
SDQ*EA*ZZ*7066*9
LIN**CB*970977112*ZZ*43*UP*831664000521*****DG*3*VS*00000
ZA*QS***006*20051017
CTP**UCP*1.75
SDQ*EA*ZZ*4093*52*4103*19*4475*19*7610*21
LIN**CB*970977112*ZZ*43*UP*831664000521*****DG*4*VS*00000
ZA*QS***006*20051017
CTP**UCP*1.75
SDQ*EA*ZZ*3703*7
LIN**CB*970977112*ZZ*43*UP*831664000521*****DG*5*VS*00000
ZA*QS***006*20051017
CTP**UCP*1.75
SDQ*EA*ZZ*3103*2*3966*-6*9621*11
LIN**CB*970977112*ZZ*43*UP*831664000521*****DG*6*VS*00000
ZA*QS***006*20051017
CTP**UCP*2.1
SDQ*EA*ZZ*9331*2
LIN**CB*970977112*ZZ*43*UP*831664000521*****DG*8*VS*00000
ZA*QS***006*20051017
CTP**UCP*1.75
SDQ*EA*ZZ*9621*4
LIN**CB*970977112*ZZ*43*UP*831664000521*****DG*9*VS*00000
ZA*QS***006*20051017
CTP**UCP*1.75
SDQ*EA*ZZ*3848*8
CTT*10
SE*53*000000010
ST*852*000000011
XQ*H*20051018
N9*AD*T00000040
LIN**CB*970978110*ZZ*43*UP*831664000538*****DG*1*VS*00000
ZA*QS***006*20051017
CTP**UCP*6.75
SDQ*EA*ZZ*3084*1*3602*3*3644*1*3646*1*3703*3*3715*2*3836*1*3941*4*3966*2*3978*2
SDQ*EA*ZZ*3996*2*4093*5*4244*7*4308*1*4717*1*4719*6*4769*2*4817*2*7066*3*7069*1
SDQ*EA*ZZ*7132*1*7184*11*7255*8*7358*6*7362*1*9633*1*9648*2
LIN**CB*970978110*ZZ*43*UP*831664000538*****DG*3*VS*00000
ZA*QS***006*20051017
CTP**UCP*6.75
SDQ*EA*ZZ*7610*2
CTT*2
SE*15*000000011
ST*852*000000012
XQ*H*20051018
N9*AD*T00000040
LIN**CB*970979118*ZZ*43*UP*831664000583*****DG*1*VS*00000
ZA*QS***006*20051017
CTP**UCP*6.75
SDQ*EA*ZZ*3646*1*4244*1*7184*5*9758*2
CTT*1
SE*9*000000012
GE*12*254
IEA*1*000000877
*** SUPERTRACS READY FOR INPUT
