ISA*00*          *00*          *09*006985290EFT   *12*6154525825     *051209*2315*U*00400*001000001*0*P*>
GS*RA*006985290EFT*6154525825*20051209*2315*1000001*X*004010
ST*820*0001
BPR*I*2365.42*C*ACH*CCP*01*021000018*DA*0300955622*9008965873**01*064102601*DA*3000289*20051213*VEN
TRN*3*770152203*9008965873
DTM*097*20051209
N1*PR*KMART CORPORATION*1*008965873
N1*PE*YOUNGS FARMS*92*00069099588
N1*SE*YOUNGS FARMS*92*00069099588
ENT*1
RMR*IK*308420051111*PI*11.5*11.5*0
REF*PO*0020051112
REF*ST*03084
REF*DP*043
DTM*999*20051111
RMR*IK*308420051112*PI*5.75*5.75*0
REF*PO*0020051113
REF*ST*03084
REF*DP*043
DTM*999*20051112
RMR*IK*308420051114*PI*25.68*25.68*0
REF*PO*0020051115
REF*ST*03084
REF*DP*043
DTM*999*20051114
RMR*IK*308420051115*PI*5.36*5.36*0
REF*PO*0020051116
REF*ST*03084
REF*DP*043
DTM*999*20051115
RMR*IK*308420051116*PI*13.4*13.4*0
REF*PO*0020051117
REF*ST*03084
REF*DP*043
DTM*999*20051116
RMR*IK*310320051115*PI*6.75*6.75*0
REF*PO*0020051116
REF*ST*03103
REF*DP*043
DTM*999*20051115
RMR*IK*312020051115*PI*2.68*2.68*0
REF*PO*0020051116
REF*ST*03120
REF*DP*043
DTM*999*20051115
RMR*IK*312020051116*PI*18.76*18.76*0
REF*PO*0020051117
REF*ST*03120
REF*DP*043
DTM*999*20051116
RMR*IK*314320051110*PI*10.5*10.5*0
REF*PO*0020051111
REF*ST*03143
REF*DP*043
DTM*999*20051110
RMR*IK*314320051111*PI*3.75*3.75*0
REF*PO*0020051112
REF*ST*03143
REF*DP*043
DTM*999*20051111
RMR*IK*314320051112*PI*6.75*6.75*0
REF*PO*0020051113
REF*ST*03143
REF*DP*043
DTM*999*20051112
RMR*IK*314320051113*PI*2.2*2.2*0
REF*PO*0020051114
REF*ST*03143
REF*DP*043
DTM*999*20051113
RMR*IK*314320051114*PI*12.75*12.75*0
REF*PO*0020051115
REF*ST*03143
REF*DP*043
DTM*999*20051114
RMR*IK*314320051115*PI*5.68*5.68*0
REF*PO*0020051116
REF*ST*03143
REF*DP*043
DTM*999*20051115
RMR*IK*314320051116*PI*17.54*17.54*0
REF*PO*0020051117
REF*ST*03143
REF*DP*043
DTM*999*20051116
RMR*IK*334820051110*PI*14.25*14.25*0
REF*PO*0020051111
REF*ST*03348
REF*DP*043
DTM*999*20051110
RMR*IK*334820051111*PI*8.25*8.25*0
REF*PO*0020051112
REF*ST*03348
REF*DP*043
DTM*999*20051111
RMR*IK*334820051112*PI*4.5*4.5*0
REF*PO*0020051113
REF*ST*03348
REF*DP*043
DTM*999*20051112
RMR*IK*334820051113*PI*16.4*16.4*0
REF*PO*0020051114
REF*ST*03348
REF*DP*043
DTM*999*20051113
RMR*IK*334820051114*PI*.75*.75*0
REF*PO*0020051115
REF*ST*03348
REF*DP*043
DTM*999*20051114
RMR*IK*334820051116*PI*1.5*1.5*0
REF*PO*0020051117
REF*ST*03348
REF*DP*043
DTM*999*20051116
RMR*IK*335920051110*PI*21*21*0
REF*PO*0020051111
REF*ST*03359
REF*DP*043
DTM*999*20051110
RMR*IK*335920051111*PI*6.75*6.75*0
REF*PO*0020051112
REF*ST*03359
REF*DP*043
DTM*999*20051111
RMR*IK*335920051112*PI*12.75*12.75*0
REF*PO*0020051113
REF*ST*03359
REF*DP*043
DTM*999*20051112
RMR*IK*335920051113*PI*6*6*0
REF*PO*0020051114
REF*ST*03359
REF*DP*043
DTM*999*20051113
RMR*IK*335920051114*PI*9*9*0
REF*PO*0020051115
REF*ST*03359
REF*DP*043
DTM*999*20051114
RMR*IK*340820051110*PI*3*3*0
REF*PO*0020051111
REF*ST*03408
REF*DP*043
DTM*999*20051110
RMR*IK*340820051111*PI*42.75*42.75*0
REF*PO*0020051112
REF*ST*03408
REF*DP*043
DTM*999*20051111
RMR*IK*340820051112*PI*21*21*0
REF*PO*0020051113
REF*ST*03408
REF*DP*043
DTM*999*20051112
RMR*IK*340820051113*PI*7.5*7.5*0
REF*PO*0020051114
REF*ST*03408
REF*DP*043
DTM*999*20051113
RMR*IK*340820051114*PI*13.5*13.5*0
REF*PO*0020051115
REF*ST*03408
REF*DP*043
DTM*999*20051114
RMR*IK*340820051115*PI*13.5*13.5*0
REF*PO*0020051116
REF*ST*03408
REF*DP*043
DTM*999*20051115
RMR*IK*340820051116*PI*9*9*0
REF*PO*0020051117
REF*ST*03408
REF*DP*043
DTM*999*20051116
RMR*IK*360220051110*PI*24.7*24.7*0
REF*PO*0020051111
REF*ST*03602
REF*DP*043
DTM*999*20051110
RMR*IK*360220051112*PI*6.6*6.6*0
REF*PO*0020051113
REF*ST*03602
REF*DP*043
DTM*999*20051112
RMR*IK*360220051115*PI*20.56*20.56*0
REF*PO*0020051116
REF*ST*03602
REF*DP*043
DTM*999*20051115
RMR*IK*360220051116*PI*18.76*18.76*0
REF*PO*0020051117
REF*ST*03602
REF*DP*043
DTM*999*20051116
RMR*IK*364420051110*PI*2.25*2.25*0
REF*PO*0020051111
REF*ST*03644
REF*DP*043
DTM*999*20051110
RMR*IK*364420051111*PI*1.5*1.5*0
REF*PO*0020051112
REF*ST*03644
REF*DP*043
DTM*999*20051111
RMR*IK*364420051112*PI*9*9*0
REF*PO*0020051113
REF*ST*03644
REF*DP*043
DTM*999*20051112
RMR*IK*364420051113*PI*3.75*3.75*0
REF*PO*0020051114
REF*ST*03644
REF*DP*043
DTM*999*20051113
RMR*IK*364420051114*PI*8.04*8.04*0
REF*PO*0020051115
REF*ST*03644
REF*DP*043
DTM*999*20051114
RMR*IK*364420051115*PI*16.08*16.08*0
REF*PO*0020051116
REF*ST*03644
REF*DP*043
DTM*999*20051115
RMR*IK*364420051116*PI*8.04*8.04*0
REF*PO*0020051117
REF*ST*03644
REF*DP*043
DTM*999*20051116
RMR*IK*364620051110*PI*6.45*6.45*0
REF*PO*0020051111
REF*ST*03646
REF*DP*043
DTM*999*20051110
RMR*IK*364620051111*PI*4.3*4.3*0
REF*PO*0020051112
REF*ST*03646
REF*DP*043
DTM*999*20051111
RMR*IK*364620051112*PI*3.75*3.75*0
REF*PO*0020051113
REF*ST*03646
REF*DP*043
DTM*999*20051112
RMR*IK*364620051113*PI*3*3*0
REF*PO*0020051114
REF*ST*03646
REF*DP*043
DTM*999*20051113
RMR*IK*364620051114*PI*5*5*0
REF*PO*0020051115
REF*ST*03646
REF*DP*043
DTM*999*20051114
RMR*IK*364620051115*PI*9*9*0
REF*PO*0020051116
REF*ST*03646
REF*DP*043
DTM*999*20051115
RMR*IK*364620051116*PI*15.38*15.38*0
REF*PO*0020051117
REF*ST*03646
REF*DP*043
DTM*999*20051116
RMR*IK*366020051111*PI*6*6*0
REF*PO*0020051112
REF*ST*03660
REF*DP*043
DTM*999*20051111
RMR*IK*366020051115*PI*13.4*13.4*0
REF*PO*0020051116
REF*ST*03660
REF*DP*043
DTM*999*20051115
RMR*IK*370320051112*PI*11.5*11.5*0
REF*PO*0020051113
REF*ST*03703
REF*DP*043
DTM*999*20051112
RMR*IK*370320051114*PI*10.72*10.72*0
REF*PO*0020051115
REF*ST*03703
REF*DP*043
DTM*999*20051114
RMR*IK*370320051115*PI*8.04*8.04*0
REF*PO*0020051116
REF*ST*03703
REF*DP*043
DTM*999*20051115
RMR*IK*370320051116*PI*26.8*26.8*0
REF*PO*0020051117
REF*ST*03703
REF*DP*043
DTM*999*20051116
RMR*IK*371320051110*PI*2.25*2.25*0
REF*PO*0020051111
REF*ST*03713
REF*DP*043
DTM*999*20051110
RMR*IK*371320051111*PI*3*3*0
REF*PO*0020051112
REF*ST*03713
REF*DP*043
DTM*999*20051111
RMR*IK*371320051112*PI*1.5*1.5*0
REF*PO*0020051113
REF*ST*03713
REF*DP*043
DTM*999*20051112
RMR*IK*371320051113*PI*.75*.75*0
REF*PO*0020051114
REF*ST*03713
REF*DP*043
DTM*999*20051113
RMR*IK*371320051114*PI*1.5*1.5*0
REF*PO*0020051115
REF*ST*03713
REF*DP*043
DTM*999*20051114
RMR*IK*371320051115*PI*28.5*28.5*0
REF*PO*0020051116
REF*ST*03713
REF*DP*043
DTM*999*20051115
RMR*IK*371320051116*PI*9.54*9.54*0
REF*PO*0020051117
REF*ST*03713
REF*DP*043
DTM*999*20051116
RMR*IK*384820051111*PI*1.1*1.1*0
REF*PO*0020051112
REF*ST*03848
REF*DP*043
DTM*999*20051111
RMR*IK*384820051116*PI*5.36*5.36*0
REF*PO*0020051117
REF*ST*03848
REF*DP*043
DTM*999*20051116
RMR*IK*387620051110*PI*7.65*7.65*0
REF*PO*0020051111
REF*ST*03876
REF*DP*043
DTM*999*20051110
RMR*IK*387620051111*PI*21.5*21.5*0
REF*PO*0020051112
REF*ST*03876
REF*DP*043
DTM*999*20051111
RMR*IK*392920051111*PI*22.75*22.75*0
REF*PO*0020051112
REF*ST*03929
REF*DP*043
DTM*999*20051111
RMR*IK*392920051112*PI*9.5*9.5*0
REF*PO*0020051113
REF*ST*03929
REF*DP*043
DTM*999*20051112
RMR*IK*392920051113*PI*6.5*6.5*0
REF*PO*0020051114
REF*ST*03929
REF*DP*043
DTM*999*20051113
RMR*IK*392920051114*PI*11.25*11.25*0
REF*PO*0020051115
REF*ST*03929
REF*DP*043
DTM*999*20051114
RMR*IK*392920051115*PI*12*12*0
REF*PO*0020051116
REF*ST*03929
REF*DP*043
DTM*999*20051115
RMR*IK*392920051116*PI*4.5*4.5*0
REF*PO*0020051117
REF*ST*03929
REF*DP*043
DTM*999*20051116
RMR*IK*393320051116*PI*32.16*32.16*0
REF*PO*0020051117
REF*ST*03933
REF*DP*043
DTM*999*20051116
RMR*IK*394120051110*PI*8*8*0
REF*PO*0020051111
REF*ST*03941
REF*DP*043
DTM*999*20051110
RMR*IK*394120051111*PI*13*13*0
REF*PO*0020051112
REF*ST*03941
REF*DP*043
DTM*999*20051111
RMR*IK*394120051112*PI*7.95*7.95*0
REF*PO*0020051113
REF*ST*03941
REF*DP*043
DTM*999*20051112
RMR*IK*394120051113*PI*2*2*0
REF*PO*0020051114
REF*ST*03941
REF*DP*043
DTM*999*20051113
RMR*IK*394120051114*PI*6*6*0
REF*PO*0020051115
REF*ST*03941
REF*DP*043
DTM*999*20051114
RMR*IK*394120051115*PI*2*2*0
REF*PO*0020051116
REF*ST*03941
REF*DP*043
DTM*999*20051115
RMR*IK*396620051110*PI*4.85*4.85*0
REF*PO*0020051111
REF*ST*03966
REF*DP*043
DTM*999*20051110
RMR*IK*396620051113*PI*.75*.75*0
REF*PO*0020051114
REF*ST*03966
REF*DP*043
DTM*999*20051113
RMR*IK*396620051114*PI*16.5*16.5*0
REF*PO*0020051115
REF*ST*03966
REF*DP*043
DTM*999*20051114
RMR*IK*397820051111*PI*9*9*0
REF*PO*0020051112
REF*ST*03978
REF*DP*043
DTM*999*20051111
RMR*IK*397820051112*PI*8.8*8.8*0
REF*PO*0020051113
REF*ST*03978
REF*DP*043
DTM*999*20051112
RMR*IK*397820051113*PI*5.2*5.2*0
REF*PO*0020051114
REF*ST*03978
REF*DP*043
DTM*999*20051113
RMR*IK*397820051114*PI*31*31*0
REF*PO*0020051115
REF*ST*03978
REF*DP*043
DTM*999*20051114
RMR*IK*397820051115*PI*10.45*10.45*0
REF*PO*0020051116
REF*ST*03978
REF*DP*043
DTM*999*20051115
RMR*IK*397820051116*PI*17.7*17.7*0
REF*PO*0020051117
REF*ST*03978
REF*DP*043
DTM*999*20051116
RMR*IK*399620051111*PI*1.5*1.5*0
REF*PO*0020051112
REF*ST*03996
REF*DP*043
DTM*999*20051111
RMR*IK*399620051112*PI*1.5*1.5*0
REF*PO*0020051113
REF*ST*03996
REF*DP*043
DTM*999*20051112
RMR*IK*399620051114*PI*6*6*0
REF*PO*0020051115
REF*ST*03996
REF*DP*043
DTM*999*20051114
RMR*IK*399620051115*PI*5.25*5.25*0
REF*PO*0020051116
REF*ST*03996
REF*DP*043
DTM*999*20051115
RMR*IK*399620051116*PI*10.72*10.72*0
REF*PO*0020051117
REF*ST*03996
REF*DP*043
DTM*999*20051116
RMR*IK*407120051112*PI*1.5*1.5*0
REF*PO*0020051113
REF*ST*04071
REF*DP*043
DTM*999*20051112
RMR*IK*407120051113*PI*1.5*1.5*0
REF*PO*0020051114
REF*ST*04071
REF*DP*043
DTM*999*20051113
RMR*IK*407120051114*PI*1.5*1.5*0
REF*PO*0020051115
REF*ST*04071
REF*DP*043
DTM*999*20051114
RMR*IK*407120051115*PI*6.75*6.75*0
REF*PO*0020051116
REF*ST*04071
REF*DP*043
DTM*999*20051115
RMR*IK*407120051116*PI*14.15*14.15*0
REF*PO*0020051117
REF*ST*04071
REF*DP*043
DTM*999*20051116
RMR*IK*409320051111*PI*2.6*2.6*0
REF*PO*0020051112
REF*ST*04093
REF*DP*043
DTM*999*20051111
RMR*IK*409320051112*PI*2.25*2.25*0
REF*PO*0020051113
REF*ST*04093
REF*DP*043
DTM*999*20051112
RMR*IK*409320051113*PI*.75*.75*0
REF*PO*0020051114
REF*ST*04093
REF*DP*043
DTM*999*20051113
RMR*IK*409320051116*PI*13.79*13.79*0
REF*PO*0020051117
REF*ST*04093
REF*DP*043
DTM*999*20051116
RMR*IK*410320051114*PI*5.36*5.36*0
REF*PO*0020051115
REF*ST*04103
REF*DP*043
DTM*999*20051114
RMR*IK*410320051116*PI*21.44*21.44*0
REF*PO*0020051117
REF*ST*04103
REF*DP*043
DTM*999*20051116
RMR*IK*421320051110*PI*2.2*2.2*0
REF*PO*0020051111
REF*ST*04213
REF*DP*043
DTM*999*20051110
RMR*IK*421320051115*PI*8.6*8.6*0
REF*PO*0020051116
REF*ST*04213
REF*DP*043
DTM*999*20051115
RMR*IK*424420051110*PI*9*9*0
REF*PO*0020051111
REF*ST*04244
REF*DP*043
DTM*999*20051110
RMR*IK*424420051112*PI*3.75*3.75*0
REF*PO*0020051113
REF*ST*04244
REF*DP*043
DTM*999*20051112
RMR*IK*424420051113*PI*7.5*7.5*0
REF*PO*0020051114
REF*ST*04244
REF*DP*043
DTM*999*20051113
RMR*IK*424420051115*PI*13.5*13.5*0
REF*PO*0020051116
REF*ST*04244
REF*DP*043
DTM*999*20051115
RMR*IK*431220051116*PI*5.36*5.36*0
REF*PO*0020051117
REF*ST*04312
REF*DP*043
DTM*999*20051116
RMR*IK*445120051114*PI*2.68*2.68*0
REF*PO*0020051115
REF*ST*04451
REF*DP*043
DTM*999*20051114
RMR*IK*445120051115*PI*8.04*8.04*0
REF*PO*0020051116
REF*ST*04451
REF*DP*043
DTM*999*20051115
RMR*IK*445120051116*PI*18.76*18.76*0
REF*PO*0020051117
REF*ST*04451
REF*DP*043
DTM*999*20051116
RMR*IK*447520051110*PI*5.25*5.25*0
REF*PO*0020051111
REF*ST*04475
REF*DP*043
DTM*999*20051110
RMR*IK*447520051111*PI*.75*.75*0
REF*PO*0020051112
REF*ST*04475
REF*DP*043
DTM*999*20051111
RMR*IK*447520051112*PI*23.25*23.25*0
REF*PO*0020051113
REF*ST*04475
REF*DP*043
DTM*999*20051112
RMR*IK*447520051114*PI*2.25*2.25*0
REF*PO*0020051115
REF*ST*04475
REF*DP*043
DTM*999*20051114
RMR*IK*471720051110*PI*18.15*18.15*0
REF*PO*0020051111
REF*ST*04717
REF*DP*043
DTM*999*20051110
RMR*IK*471720051111*PI*17.85*17.85*0
REF*PO*0020051112
REF*ST*04717
REF*DP*043
DTM*999*20051111
RMR*IK*471720051112*PI*4.25*4.25*0
REF*PO*0020051113
REF*ST*04717
REF*DP*043
DTM*999*20051112
RMR*IK*471720051113*PI*.55*.55*0
REF*PO*0020051114
REF*ST*04717
REF*DP*043
DTM*999*20051113
RMR*IK*471720051115*PI*11.65*11.65*0
REF*PO*0020051116
REF*ST*04717
REF*DP*043
DTM*999*20051115
RMR*IK*471920051110*PI*2.15*2.15*0
REF*PO*0020051111
REF*ST*04719
REF*DP*043
DTM*999*20051110
RMR*IK*471920051111*PI*3.75*3.75*0
REF*PO*0020051112
REF*ST*04719
REF*DP*043
DTM*999*20051111
RMR*IK*471920051112*PI*17.15*17.15*0
REF*PO*0020051113
REF*ST*04719
REF*DP*043
DTM*999*20051112
RMR*IK*471920051113*PI*1.5*1.5*0
REF*PO*0020051114
REF*ST*04719
REF*DP*043
DTM*999*20051113
RMR*IK*471920051115*PI*1.5*1.5*0
REF*PO*0020051116
REF*ST*04719
REF*DP*043
DTM*999*20051115
RMR*IK*473920051116*PI*2.68*2.68*0
REF*PO*0020051117
REF*ST*04739
REF*DP*043
DTM*999*20051116
RMR*IK*483520051110*PI*2.6*2.6*0
REF*PO*0020051111
REF*ST*04835
REF*DP*043
DTM*999*20051110
RMR*IK*483520051114*PI*2.25*2.25*0
REF*PO*0020051115
REF*ST*04835
REF*DP*043
DTM*999*20051114
RMR*IK*483520051116*PI*1.5*1.5*0
REF*PO*0020051117
REF*ST*04835
REF*DP*043
DTM*999*20051116
RMR*IK*488320051115*PI*10.72*10.72*0
REF*PO*0020051116
REF*ST*04883
REF*DP*043
DTM*999*20051115
RMR*IK*488320051116*PI*5.36*5.36*0
REF*PO*0020051117
REF*ST*04883
REF*DP*043
DTM*999*20051116
RMR*IK*497020051111*PI*1.5*1.5*0
REF*PO*0020051112
REF*ST*04970
REF*DP*043
DTM*999*20051111
RMR*IK*497020051112*PI*30*30*0
REF*PO*0020051113
REF*ST*04970
REF*DP*043
DTM*999*20051112
RMR*IK*497020051113*PI*15*15*0
REF*PO*0020051114
REF*ST*04970
REF*DP*043
DTM*999*20051113
RMR*IK*497020051114*PI*3.75*3.75*0
REF*PO*0020051115
REF*ST*04970
REF*DP*043
DTM*999*20051114
RMR*IK*497020051116*PI*2.68*2.68*0
REF*PO*0020051117
REF*ST*04970
REF*DP*043
DTM*999*20051116
RMR*IK*502320051111*PI*3*3*0
REF*PO*0020051113
REF*ST*05023
REF*DP*043
DTM*999*20051111
RMR*IK*502320051112*PI*17.2*17.2*0
REF*PO*0020051114
REF*ST*05023
REF*DP*043
DTM*999*20051112
RMR*IK*502320051113*PI*19.5*19.5*0
REF*PO*0020051115
REF*ST*05023
REF*DP*043
DTM*999*20051113
RMR*IK*502320051115*PI*6*6*0
REF*PO*0020051117
REF*ST*05023
REF*DP*043
DTM*999*20051115
RMR*IK*502320051116*PI*18*18*0
REF*PO*0020051118
REF*ST*05023
REF*DP*043
DTM*999*20051116
RMR*IK*704520051110*PI*8.95*8.95*0
REF*PO*0020051111
REF*ST*07045
REF*DP*043
DTM*999*20051110
RMR*IK*704520051111*PI*5.7*5.7*0
REF*PO*0020051112
REF*ST*07045
REF*DP*043
DTM*999*20051111
RMR*IK*704520051112*PI*11.25*11.25*0
REF*PO*0020051113
REF*ST*07045
REF*DP*043
DTM*999*20051112
RMR*IK*704520051114*PI*.65*.65*0
REF*PO*0020051115
REF*ST*07045
REF*DP*043
DTM*999*20051114
RMR*IK*704520051115*PI*3.65*3.65*0
REF*PO*0020051116
REF*ST*07045
REF*DP*043
DTM*999*20051115
RMR*IK*704520051116*PI*24.05*24.05*0
REF*PO*0020051117
REF*ST*07045
REF*DP*043
DTM*999*20051116
RMR*IK*706620051110*PI*6*6*0
REF*PO*0020051111
REF*ST*07066
REF*DP*043
DTM*999*20051110
RMR*IK*706620051111*PI*10.85*10.85*0
REF*PO*0020051112
REF*ST*07066
REF*DP*043
DTM*999*20051111
RMR*IK*706620051112*PI*14.5*14.5*0
REF*PO*0020051113
REF*ST*07066
REF*DP*043
DTM*999*20051112
RMR*IK*706620051114*PI*9.32*9.32*0
REF*PO*0020051115
REF*ST*07066
REF*DP*043
DTM*999*20051114
RMR*IK*706920051111*PI*5.75*5.75*0
REF*PO*0020051112
REF*ST*07069
REF*DP*043
DTM*999*20051111
RMR*IK*706920051112*PI*6.75*6.75*0
REF*PO*0020051113
REF*ST*07069
REF*DP*043
DTM*999*20051112
RMR*IK*706920051113*PI*20.2*20.2*0
REF*PO*0020051114
REF*ST*07069
REF*DP*043
DTM*999*20051113
RMR*IK*706920051114*PI*1.5*1.5*0
REF*PO*0020051115
REF*ST*07069
REF*DP*043
DTM*999*20051114
RMR*IK*706920051115*PI*4.5*4.5*0
REF*PO*0020051116
REF*ST*07069
REF*DP*043
DTM*999*20051115
RMR*IK*706920051116*PI*.75*.75*0
REF*PO*0020051117
REF*ST*07069
REF*DP*043
DTM*999*20051116
RMR*IK*707620051115*PI*2.68*2.68*0
REF*PO*0020051116
REF*ST*07076
REF*DP*043
DTM*999*20051115
RMR*IK*707620051116*PI*16.08*16.08*0
REF*PO*0020051117
REF*ST*07076
REF*DP*043
DTM*999*20051116
RMR*IK*713220051110*PI*1.5*1.5*0
REF*PO*0020051111
REF*ST*07132
REF*DP*043
DTM*999*20051110
RMR*IK*713220051111*PI*7.65*7.65*0
REF*PO*0020051112
REF*ST*07132
REF*DP*043
DTM*999*20051111
RMR*IK*713220051112*PI*26.5*26.5*0
REF*PO*0020051113
REF*ST*07132
REF*DP*043
DTM*999*20051112
RMR*IK*713220051113*PI*3.75*3.75*0
REF*PO*0020051114
REF*ST*07132
REF*DP*043
DTM*999*20051113
RMR*IK*713220051114*PI*5.75*5.75*0
REF*PO*0020051115
REF*ST*07132
REF*DP*043
DTM*999*20051114
RMR*IK*713220051115*PI*2.68*2.68*0
REF*PO*0020051116
REF*ST*07132
REF*DP*043
DTM*999*20051115
RMR*IK*713220051116*PI*8.04*8.04*0
REF*PO*0020051117
REF*ST*07132
REF*DP*043
DTM*999*20051116
RMR*IK*714620051116*PI*8.04*8.04*0
REF*PO*0020051117
REF*ST*07146
REF*DP*043
DTM*999*20051116
RMR*IK*715420051116*PI*5.36*5.36*0
REF*PO*0020051117
REF*ST*07154
REF*DP*043
DTM*999*20051116
RMR*IK*718420051112*PI*14.4*14.4*0
REF*PO*0020051113
REF*ST*07184
REF*DP*043
DTM*999*20051112
RMR*IK*718420051113*PI*45.8*45.8*0
REF*PO*0020051114
REF*ST*07184
REF*DP*043
DTM*999*20051113
RMR*IK*718420051114*PI*5.75*5.75*0
REF*PO*0020051115
REF*ST*07184
REF*DP*043
DTM*999*20051114
RMR*IK*718420051115*PI*4.8*4.8*0
REF*PO*0020051116
REF*ST*07184
REF*DP*043
DTM*999*20051115
RMR*IK*718420051116*PI*2.68*2.68*0
REF*PO*0020051117
REF*ST*07184
REF*DP*043
DTM*999*20051116
RMR*IK*725520051110*PI*7.85*7.85*0
REF*PO*0020051111
REF*ST*07255
REF*DP*043
DTM*999*20051110
RMR*IK*725520051112*PI*4*4*0
REF*PO*0020051113
REF*ST*07255
REF*DP*043
DTM*999*20051112
RMR*IK*725520051116*PI*5.36*5.36*0
REF*PO*0020051117
REF*ST*07255
REF*DP*043
DTM*999*20051116
RMR*IK*735620051116*PI*2.68*2.68*0
REF*PO*0020051117
REF*ST*07356
REF*DP*043
DTM*999*20051116
RMR*IK*735820051110*PI*12.75*12.75*0
REF*PO*0020051111
REF*ST*07358
REF*DP*043
DTM*999*20051110
RMR*IK*735820051111*PI*5.5*5.5*0
REF*PO*0020051112
REF*ST*07358
REF*DP*043
DTM*999*20051111
RMR*IK*735820051112*PI*29.75*29.75*0
REF*PO*0020051113
REF*ST*07358
REF*DP*043
DTM*999*20051112
RMR*IK*735820051113*PI*9.65*9.65*0
REF*PO*0020051114
REF*ST*07358
REF*DP*043
DTM*999*20051113
RMR*IK*735820051114*PI*9*9*0
REF*PO*0020051115
REF*ST*07358
REF*DP*043
DTM*999*20051114
RMR*IK*735820051115*PI*33.98*33.98*0
REF*PO*0020051116
REF*ST*07358
REF*DP*043
DTM*999*20051115
RMR*IK*735820051116*PI*2.68*2.68*0
REF*PO*0020051117
REF*ST*07358
REF*DP*043
DTM*999*20051116
RMR*IK*746020051111*PI*1.5*1.5*0
REF*PO*0020051112
REF*ST*07460
REF*DP*043
DTM*999*20051111
RMR*IK*746020051201*PI*-.65*-.65*0
REF*PO*0020051203
REF*ST*07460
REF*DP*043
DTM*999*20051201
RMR*IK*746120051110*PI*2.25*2.25*0
REF*PO*0020051111
REF*ST*07461
REF*DP*043
DTM*999*20051110
RMR*IK*746120051112*PI*3*3*0
REF*PO*0020051113
REF*ST*07461
REF*DP*043
DTM*999*20051112
RMR*IK*746120051113*PI*5.25*5.25*0
REF*PO*0020051114
REF*ST*07461
REF*DP*043
DTM*999*20051113
RMR*IK*746120051114*PI*3*3*0
REF*PO*0020051115
REF*ST*07461
REF*DP*043
DTM*999*20051114
RMR*IK*746120051115*PI*13.72*13.72*0
REF*PO*0020051116
REF*ST*07461
REF*DP*043
DTM*999*20051115
RMR*IK*746120051116*PI*2.68*2.68*0
REF*PO*0020051117
REF*ST*07461
REF*DP*043
DTM*999*20051116
RMR*IK*760720051112*PI*18*18*0
REF*PO*0020051113
REF*ST*07607
REF*DP*043
DTM*999*20051112
RMR*IK*760720051113*PI*6.5*6.5*0
REF*PO*0020051114
REF*ST*07607
REF*DP*043
DTM*999*20051113
RMR*IK*760720051114*PI*6*6*0
REF*PO*0020051115
REF*ST*07607
REF*DP*043
DTM*999*20051114
RMR*IK*760720051115*PI*2.5*2.5*0
REF*PO*0020051116
REF*ST*07607
REF*DP*043
DTM*999*20051115
RMR*IK*761020051110*PI*9*9*0
REF*PO*0020051111
REF*ST*07610
REF*DP*043
DTM*999*20051110
RMR*IK*761020051111*PI*9*9*0
REF*PO*0020051112
REF*ST*07610
REF*DP*043
DTM*999*20051111
RMR*IK*761020051112*PI*7.5*7.5*0
REF*PO*0020051113
REF*ST*07610
REF*DP*043
DTM*999*20051112
RMR*IK*761020051113*PI*1.5*1.5*0
REF*PO*0020051114
REF*ST*07610
REF*DP*043
DTM*999*20051113
RMR*IK*761020051114*PI*21.76*21.76*0
REF*PO*0020051115
REF*ST*07610
REF*DP*043
DTM*999*20051114
RMR*IK*761020051115*PI*13.5*13.5*0
REF*PO*0020051116
REF*ST*07610
REF*DP*043
DTM*999*20051115
RMR*IK*761020051116*PI*1.5*1.5*0
REF*PO*0020051117
REF*ST*07610
REF*DP*043
DTM*999*20051116
RMR*IK*762920051114*PI*5.36*5.36*0
REF*PO*0020051115
REF*ST*07629
REF*DP*043
DTM*999*20051114
RMR*IK*762920051115*PI*48.24*48.24*0
REF*PO*0020051116
REF*ST*07629
REF*DP*043
DTM*999*20051115
RMR*IK*762920051116*PI*10.72*10.72*0
REF*PO*0020051117
REF*ST*07629
REF*DP*043
DTM*999*20051116
RMR*IK*763720051115*PI*2.68*2.68*0
REF*PO*0020051116
REF*ST*07637
REF*DP*043
DTM*999*20051115
RMR*IK*763720051116*PI*8.04*8.04*0
REF*PO*0020051117
REF*ST*07637
REF*DP*043
DTM*999*20051116
RMR*IK*771920051115*PI*18.76*18.76*0
REF*PO*0020051116
REF*ST*07719
REF*DP*043
DTM*999*20051115
RMR*IK*771920051116*PI*5.36*5.36*0
REF*PO*0020051117
REF*ST*07719
REF*DP*043
DTM*999*20051116
RMR*IK*962120051110*PI*3.25*3.25*0
REF*PO*0020051111
REF*ST*09621
REF*DP*043
DTM*999*20051110
RMR*IK*962120051111*PI*5.25*5.25*0
REF*PO*0020051112
REF*ST*09621
REF*DP*043
DTM*999*20051111
RMR*IK*962120051112*PI*3.75*3.75*0
REF*PO*0020051113
REF*ST*09621
REF*DP*043
DTM*999*20051112
RMR*IK*962320051115*PI*2.68*2.68*0
REF*PO*0020051116
REF*ST*09623
REF*DP*043
DTM*999*20051115
RMR*IK*962320051116*PI*5.36*5.36*0
REF*PO*0020051117
REF*ST*09623
REF*DP*043
DTM*999*20051116
RMR*IK*962920051110*PI*62.4*62.4*0
REF*PO*0020051111
REF*ST*09629
REF*DP*043
DTM*999*20051110
RMR*IK*962920051111*PI*21*21*0
REF*PO*0020051112
REF*ST*09629
REF*DP*043
DTM*999*20051111
RMR*IK*962920051112*PI*9.75*9.75*0
REF*PO*0020051113
REF*ST*09629
REF*DP*043
DTM*999*20051112
RMR*IK*962920051113*PI*10.5*10.5*0
REF*PO*0020051114
REF*ST*09629
REF*DP*043
DTM*999*20051113
RMR*IK*962920051114*PI*29.25*29.25*0
REF*PO*0020051115
REF*ST*09629
REF*DP*043
DTM*999*20051114
RMR*IK*962920051115*PI*27*27*0
REF*PO*0020051116
REF*ST*09629
REF*DP*043
DTM*999*20051115
RMR*IK*962920051116*PI*4.5*4.5*0
REF*PO*0020051117
REF*ST*09629
REF*DP*043
DTM*999*20051116
RMR*IK*963320051114*PI*8.04*8.04*0
REF*PO*0020051115
REF*ST*09633
REF*DP*043
DTM*999*20051114
RMR*IK*963320051115*PI*16.08*16.08*0
REF*PO*0020051116
REF*ST*09633
REF*DP*043
DTM*999*20051115
RMR*IK*963320051116*PI*16.08*16.08*0
REF*PO*0020051117
REF*ST*09633
REF*DP*043
DTM*999*20051116
RMR*IK*963920051116*PI*2.68*2.68*0
REF*PO*0020051117
REF*ST*09639
REF*DP*043
DTM*999*20051116
RMR*IK*964820051111*PI*8.45*8.45*0
REF*PO*0020051112
REF*ST*09648
REF*DP*043
DTM*999*20051111
RMR*IK*964820051112*PI*15*15*0
REF*PO*0020051113
REF*ST*09648
REF*DP*043
DTM*999*20051112
RMR*IK*964820051113*PI*3.75*3.75*0
REF*PO*0020051114
REF*ST*09648
REF*DP*043
DTM*999*20051113
RMR*IK*964820051116*PI*2.68*2.68*0
REF*PO*0020051117
REF*ST*09648
REF*DP*043
DTM*999*20051116
RMR*IK*967420051110*PI*5.25*5.25*0
REF*PO*0020051111
REF*ST*09674
REF*DP*043
DTM*999*20051110
RMR*IK*967420051111*PI*7.5*7.5*0
REF*PO*0020051112
REF*ST*09674
REF*DP*043
DTM*999*20051111
RMR*IK*967420051112*PI*6*6*0
REF*PO*0020051113
REF*ST*09674
REF*DP*043
DTM*999*20051112
RMR*IK*967420051113*PI*6.75*6.75*0
REF*PO*0020051114
REF*ST*09674
REF*DP*043
DTM*999*20051113
RMR*IK*967420051115*PI*1.5*1.5*0
REF*PO*0020051116
REF*ST*09674
REF*DP*043
DTM*999*20051115
RMR*IK*967420051116*PI*18*18*0
REF*PO*0020051117
REF*ST*09674
REF*DP*043
DTM*999*20051116
RMR*IK*972820051114*PI*24.12*24.12*0
REF*PO*0020051115
REF*ST*09728
REF*DP*043
DTM*999*20051114
RMR*IK*972820051115*PI*5.36*5.36*0
REF*PO*0020051116
REF*ST*09728
REF*DP*043
DTM*999*20051115
RMR*IK*972820051116*PI*10.72*10.72*0
REF*PO*0020051117
REF*ST*09728
REF*DP*043
DTM*999*20051116
RMR*IK*975820051110*PI*3.3*3.3*0
REF*PO*0020051111
REF*ST*09758
REF*DP*043
DTM*999*20051110
RMR*IK*975820051111*PI*9.65*9.65*0
REF*PO*0020051112
REF*ST*09758
REF*DP*043
DTM*999*20051111
RMR*IK*975820051113*PI*7.35*7.35*0
REF*PO*0020051114
REF*ST*09758
REF*DP*043
DTM*999*20051113
RMR*IK*975820051115*PI*1.5*1.5*0
REF*PO*0020051116
REF*ST*09758
REF*DP*043
DTM*999*20051115
SE*1249*0001
GE*1*1000001
IEA*1*001000001
ISA*00*          *00*          *09*006985290AC    *12*6154525825     *051211*0520*U*00400*001000005*0*P*>
GS*PD*006985290AC*6154525825*20051211*0520*1000005*X*004010
ST*852*0001
XQ*H*20051211
N9*AD*T00000040
LIN**CB*472799113*ZZ*43*UP*831664001092*****DG*1*VS*00000
ZA*QS***006*20051210
CTP**UCP*5.75
SDQ*EA*ZZ*3084*2*3120*1*3143*1*3408*3*3672*1*3685*2*3703*7*3822*7*3836*8*3848*4
SDQ*EA*ZZ*3929*3*3933*2*3978*7*3996*5*4093*1*4103*1*4213*7*4244*3*4312*1*4451*2
SDQ*EA*ZZ*4475*4*4717*1*4719*5*4739*6*4769*8*4817*4*4883*1*7045*9*7059*6*7066*2
SDQ*EA*ZZ*7069*4*7076*1*7132*3*7146*2*7154*2*7184*5*7255*8*7358*5*7629*1*7637*3
SDQ*EA*ZZ*7718*2*7719*1*9571*3*9620*3*9621*5*9629*8*9633*3*9648*3
LIN**CB*472799113*ZZ*43*UP*831664001092*****DG*4*VS*00000
ZA*QS***006*20051210
CTP**UCP*5.75
SDQ*EA*ZZ*4033*1*4103*7
LIN**CB*472799113*ZZ*43*UP*831664001092*****DG*5*VS*00000
ZA*QS***006*20051210
CTP**UCP*5.75
SDQ*EA*ZZ*4033*3*4093*2*9648*1
LIN**CB*472799113*ZZ*43*UP*831664001092*****DG*8*VS*00000
ZA*QS***006*20051210
CTP**UCP*5.75
SDQ*EA*ZZ*4451*2*7069*4*7076*1
CTT*4
SE*25*0001
ST*852*0002
XQ*H*20051211
N9*AD*T00000040
LIN**CB*970952115*ZZ*43*UP*831664000552*****DG*1*VS*00000
ZA*QS***006*20051209
CTP**UCP*2.68
SDQ*EA*ZZ*5023*24
LIN**CB*970952115*ZZ*43*UP*831664000552*****DG*3*VS*00000
ZA*QS***006*20051210
CTP**UCP*2.68
SDQ*EA*ZZ*3063*23*3083*23*3084*42*3120*28*3143*45*3194*35*3348*27*3359*35*3408*14*3602*43
SDQ*EA*ZZ*3644*50*3646*23*3660*31*3672*29*3685*33*3703*40*3713*11*3715*55*3822*20*3836*16
SDQ*EA*ZZ*3848*30*3876*27*3929*57*3931*23*3933*13*3941*16*3966*12*3978*18*3996*54*4033*4
SDQ*EA*ZZ*4071*29*4072*6*4093*68*4103*27*4213*43*4244*33*4308*58*4312*30*4451*6*4475*24
SDQ*EA*ZZ*4717*21*4719*50*4739*13*4760*81*4769*26*4817*56*4835*17*4883*13*4898*18*4970*43
SDQ*EA*ZZ*7045*33*7059*32*7064*15*7066*8*7069*23*7076*28*7132*17*7146*25*7154*50*7184*44
SDQ*EA*ZZ*7255*33*7308*5*7356*6*7358*32*7362*20*7437*25*7460*21*7461*17*7607*36*7610*24
SDQ*EA*ZZ*7629*42*7637*42*7718*21*7719*89*9560*5*9571*9*9620*45*9621*21*9622*17*9623*5
SDQ*EA*ZZ*9625*18*9629*25*9633*31*9639*26*9648*19*9674*43*9711*17*9728*24*9735*16*9758*32
CTT*2
SE*21*0002
ST*852*0003
XQ*H*20051211
N9*AD*T00000040
LIN**CB*970953113*ZZ*43*UP*831664000569*****DG*1*VS*00000
ZA*QS***006*20051210
CTP**UCP*6.75
SDQ*EA*ZZ*3084*1*3120*6*3143*2*3194*2*3348*2*3646*1*3713*1*3715*10*3848*3*3929*2
SDQ*EA*ZZ*3931*4*3933*1*3978*3*3996*4*4071*2*4093*1*4244*3*4308*3*4312*2*4717*1
SDQ*EA*ZZ*4719*4*4760*1*4883*1*4898*2*7045*3*7059*3*7064*3*7132*4*7154*1*7255*2
SDQ*EA*ZZ*7358*1*7362*2*7461*1*7719*3*9571*1*9622*3*9623*1*9648*5*9711*1
LIN**CB*970953113*ZZ*43*UP*831664000569*****DG*5*VS*00000
ZA*QS***006*20051210
CTP**UCP*6.75
SDQ*EA*ZZ*7358*1
CTT*2
SE*16*0003
ST*852*0004
XQ*H*20051211
N9*AD*T00000040
LIN**CB*970954111*ZZ*43*UP*831664000811*****DG*1*VS*00000
ZA*QS***006*20051209
CTP**UCP*7.2
SDQ*EA*ZZ*5023*5
ZA*QS***006*20051210
CTP**UCP*7.2
SDQ*EA*ZZ*3084*2*3120*2*3348*1*3408*9*3646*2*3685*6*3703*4*3713*1*3822*2*3876*2
SDQ*EA*ZZ*3966*12*3978*11*3996*6*4103*2*4244*4*4475*1*4717*6*4719*3*4739*2*4760*5
SDQ*EA*ZZ*4769*1*4898*4*4970*5*7059*1*7146*3*7154*13*7184*11*7255*1*7308*1*7358*1
SDQ*EA*ZZ*7607*1*7629*1*7718*2*9620*4*9621*4*9622*2*9625*1*9633*1*9674*2*9758*1
CTT*1
SE*15*0004
ST*852*0005
XQ*H*20051211
N9*AD*T00000040
LIN**CB*970956116*ZZ*43*UP*831664000019*****DG*1*VS*00000
ZA*QS***006*20051210
CTP**UCP*.75
SDQ*EA*ZZ*9629*4
CTT*1
SE*9*0005
ST*852*0006
XQ*H*20051211
N9*AD*T00000040
LIN**CB*970981114*ZZ*43*UP*831664000972*****DG*1*VS*00000
ZA*QS***006*20051210
CTP**UCP*.65
SDQ*EA*ZZ*3978*2
CTT*1
SE*9*0006
GE*6*1000005
IEA*1*001000005
ISA*00*          *00*          *09*006985290AC    *12*6154525825     *051212*0450*U*00400*001000006*0*P*>
GS*PD*006985290AC*6154525825*20051212*0450*1000006*X*004010
ST*852*0001
XQ*H*20051212
N9*AD*T00000040
LIN**CB*472799113*ZZ*43*UP*831664001092*****DG*1*VS*00000
ZA*QS***006*20051210
CTP**UCP*5.75
SDQ*EA*ZZ*5023*1
ZA*QS***006*20051211
CTP**UCP*5.75
SDQ*EA*ZZ*3084*4*3120*1*3672*2*3703*4*3822*1*3848*3*3931*2*3933*1*3941*1*3978*8
SDQ*EA*ZZ*3996*1*4033*1*4093*1*4103*3*4244*2*4475*2*4717*2*4719*1*4739*2*4760*3
SDQ*EA*ZZ*4817*2*4883*1*4898*2*7045*2*7066*1*7132*2*7146*1*7154*1*7184*7*7356*2
SDQ*EA*ZZ*7629*1*7637*1*7719*1*9571*1*9620*2*9633*1*9648*3
LIN**CB*472799113*ZZ*43*UP*831664001092*****DG*5*VS*00000
ZA*QS***006*20051211
CTP**UCP*5.75
SDQ*EA*ZZ*3408*2*3672*2*7132*1
LIN**CB*472799113*ZZ*43*UP*831664001092*****DG*8*VS*00000
ZA*QS***006*20051211
CTP**UCP*5.75
SDQ*EA*ZZ*9728*2
CTT*3
SE*23*0001
ST*852*0002
XQ*H*20051212
N9*AD*T00000040
LIN**CB*970952115*ZZ*43*UP*831664000552*****DG*1*VS*00000
ZA*QS***006*20051210
CTP**UCP*2.68
SDQ*EA*ZZ*5023*27
ZA*QS***006*20051211
CTP**UCP*2.68
SDQ*EA*ZZ*3063*6*3083*18*3084*15*3103*1*3120*16*3143*15*3194*25*3348*30*3359*8*3408*10
SDQ*EA*ZZ*3602*2*3644*9*3660*9*3672*15*3685*20*3703*12*3713*1*3715*26*3822*11*3836*10
SDQ*EA*ZZ*3848*27*3876*6*3929*58*3931*15*3933*6*3941*16*3966*20*3978*8*3996*37*4071*23
SDQ*EA*ZZ*4072*4*4093*41*4103*34*4213*21*4244*7*4308*13*4312*33*4451*13*4475*8*4717*11
SDQ*EA*ZZ*4719*25*4739*10*4760*44*4769*7*4817*16*4835*2*4883*15*4898*14*4970*26*7045*30
SDQ*EA*ZZ*7059*32*7064*19*7066*10*7069*7*7076*11*7132*27*7146*24*7154*16*7184*44*7255*14
SDQ*EA*ZZ*7308*2*7356*3*7358*17*7362*7*7437*5*7460*3*7461*2*7607*4*7610*8*7629*13
SDQ*EA*ZZ*7637*20*7718*9*7719*30*9560*5*9571*10*9620*11*9621*33*9622*10*9623*8*9625*6
SDQ*EA*ZZ*9629*14*9633*7*9639*7*9648*18*9674*16*9711*26*9728*24*9758*23
LIN**CB*970952115*ZZ*43*UP*831664000552*****DG*3*VS*00000
ZA*QS***006*20051211
CTP**UCP*2.68
SDQ*EA*ZZ*3646*6*9735*6
LIN**CB*970952115*ZZ*43*UP*831664000552*****DG*4*VS*00000
ZA*QS***006*20051211
CTP**UCP*2.68
SDQ*EA*ZZ*7146*3*9735*3
LIN**CB*970952115*ZZ*43*UP*831664000552*****DG*8*VS*00000
ZA*QS***006*20051211
CTP**UCP*2.68
SDQ*EA*ZZ*7362*1
LIN**CB*970952115*ZZ*43*UP*831664000552*****DG*9*VS*00000
ZA*QS***006*20051211
CTP**UCP*2.68
SDQ*EA*ZZ*9735*3
CTT*5
SE*36*0002
ST*852*0003
XQ*H*20051212
N9*AD*T00000040
LIN**CB*970953113*ZZ*43*UP*831664000569*****DG*1*VS*00000
ZA*QS***006*20051210
CTP**UCP*6.75
SDQ*EA*ZZ*5023*2
ZA*QS***006*20051211
CTP**UCP*6.75
SDQ*EA*ZZ*3084*3*3408*3*3644*1*3672*1*3715*1*3822*1*3848*2*3876*1*3929*1*3933*1
SDQ*EA*ZZ*3966*1*3978*1*3996*1*4071*1*4244*2*4312*2*4717*3*4719*2*4760*1*4898*1
SDQ*EA*ZZ*7059*4*7064*2*7255*3*7358*2*7629*1*9571*1*9620*4*9629*1*9648*2
LIN**CB*970953113*ZZ*43*UP*831664000569*****DG*5*VS*00000
ZA*QS***006*20051211
CTP**UCP*6.75
SDQ*EA*ZZ*9620*2
CTT*2
SE*18*0003
ST*852*0004
XQ*H*20051212
N9*AD*T00000040
LIN**CB*970954111*ZZ*43*UP*831664000811*****DG*1*VS*00000
ZA*QS***006*20051210
CTP**UCP*7.2
SDQ*EA*ZZ*5023*12
ZA*QS***006*20051211
CTP**UCP*7.2
SDQ*EA*ZZ*3120*1*3143*1*3348*2*3408*1*3672*1*3685*2*3713*1*3929*1*3931*2*3966*5
SDQ*EA*ZZ*3978*3*3996*1*4103*2*4244*2*4717*2*4719*2*4760*1*4769*1*4883*1*4898*2
SDQ*EA*ZZ*4970*3*7069*1*7184*4*7255*1*7358*1*7629*1*7718*2*9622*2*9633*1*9728*2
LIN**CB*970954111*ZZ*43*UP*831664000811*****DG*4*VS*00000
ZA*QS***006*20051211
CTP**UCP*7.2
SDQ*EA*ZZ*7146*1
LIN**CB*970954111*ZZ*43*UP*831664000811*****DG*5*VS*00000
ZA*QS***006*20051211
CTP**UCP*7.2
SDQ*EA*ZZ*7308*1*9620*1
CTT*3
SE*22*0004
ST*852*0005
XQ*H*20051212
N9*AD*T00000040
LIN**CB*970956116*ZZ*43*UP*831664000019*****DG*8*VS*00000
ZA*QS***006*20051211
CTP**UCP*.75
SDQ*EA*ZZ*9629*1
CTT*1
SE*9*0005
GE*5*1000006
IEA*1*001000006
*** SUPERTRACS READY FOR INPUT
