ISA*00*          *00*          *08*9254291001     *12*6154525825     *080626*0910*U*00400*000000385*0*P*>
GS*PD*9254291001*6154525825*20080626*0910*385*X*004010
ST*852*0001
XQ*H*20080626
N9*AD*T00000040
LIN**IN*002904411*ZZ*43*UP*831664001160*****DG*1*VS*00000
ZA*QS***006*20080625
CTP**UCP*.63
SDQ*EA*ZZ*7637*4
CTT*1
SE*9*0001
ST*852*0002
XQ*H*20080626
N9*AD*T00000040
LIN**IN*002916611*ZZ*43*UP*831664001184*****DG*1*VS*00000
ZA*QS***006*20080625
CTP**UCP*3.4
SDQ*EA*ZZ*3063*1*3084*2*3147*2*3632*2*3646*1*3703*1*3822*1*3848*1*3941*1*4093*1
SDQ*EA*ZZ*4198*1*4717*1*7132*1*7208*1*7255*1*7461*3*7610*1
LIN**IN*002916611*ZZ*43*UP*831664001184*****DG*8*VS*00000
ZA*QS***006*20080625
CTP**UCP*3.4
SDQ*EA*ZZ*4817*2
CTT*2
SE*14*0002
ST*852*0003
XQ*H*20080626
N9*AD*T00000040
LIN**IN*004703011*ZZ*43*UP*831664001412*****DG*1*VS*00000
ZA*QS***006*20080625
CTP**UCP*4
SDQ*EA*ZZ*3978*1*4093*7*4103*1*4244*3*7358*3
LIN**IN*004703011*ZZ*43*UP*831664001412*****DG*5*VS*00000
ZA*QS***006*20080625
CTP**UCP*4
SDQ*EA*ZZ*4244*1
LIN**IN*004703011*ZZ*43*UP*831664001412*****DG*8*VS*00000
ZA*QS***006*20080625
CTP**UCP*4
SDQ*EA*ZZ*3941*2
CTT*3
SE*17*0003
ST*852*0004
XQ*H*20080626
N9*AD*T00000040
LIN**IN*016303311*ZZ*43*UP*831664001283*****DG*1*VS*00000
ZA*QS***006*20080625
CTP**UCP*5.75
SDQ*EA*ZZ*7059*1
CTT*1
SE*9*0004
ST*852*0005
XQ*H*20080626
N9*AD*T00000040
LIN**IN*025395211*ZZ*43*UP*831664001252*****DG*1*VS*00000
ZA*QS***006*20080625
CTP**UCP*4.95
SDQ*EA*ZZ*3675*1*3703*1*4717*2*4760*2*4866*1*7063*1*7358*1*7460*1*7610*1*9217*2
SDQ*EA*ZZ*9571*1*9621*1*9633*2*9674*2*9735*2
CTT*1
SE*10*0005
ST*852*0006
XQ*H*20080626
N9*AD*T00000040
LIN**IN*025397611*ZZ*43*UP*831664001245*****DG*1*VS*00000
ZA*QS***006*20080625
CTP**UCP*3.5
SDQ*EA*ZZ*3022*4*3143*2*3632*1*3646*1*3703*9*4093*6*4103*17*4244*5*4717*2*4719*1
SDQ*EA*ZZ*7255*2*7358*2*7607*5*7626*2*9621*1*9648*2
LIN**IN*025397611*ZZ*43*UP*831664001245*****DG*8*VS*00000
ZA*QS***006*20080625
CTP**UCP*3.5
SDQ*EA*ZZ*9648*1
CTT*2
SE*14*0006
ST*852*0007
XQ*H*20080626
N9*AD*T00000040
LIN**IN*025408511*ZZ*43*UP*831664001269*****DG*1*VS*00000
ZA*QS***006*20080624
CTP**UCP*4
SDQ*EA*ZZ*5014*1
ZA*QS***006*20080625
CTP**UCP*4
SDQ*EA*ZZ*3644*2*3646*1*3703*3*3715*2*3773*1*4093*2*4970*2*7069*1*7255*-3*7358*3
SDQ*EA*ZZ*7461*2*7629*1*9621*2*9625*1*9633*1
LIN**IN*025408511*ZZ*43*UP*831664001269*****DG*8*VS*00000
ZA*QS***006*20080625
CTP**UCP*4
SDQ*EA*ZZ*4970*11
CTT*2
SE*17*0007
ST*852*0008
XQ*H*20080626
N9*AD*T00000040
LIN**IN*025412011*ZZ*43*UP*831664001276*****DG*1*VS*00000
ZA*QS***006*20080625
CTP**UCP*1.27
SDQ*EA*ZZ*3084*4*3645*1*3925*4*4189*3*4757*6*4866*4*4970*20*7274*1*7626*3*7629*2
SDQ*EA*ZZ*7718*1*9320*2*9648*1
CTT*1
SE*10*0008
ST*852*0009
XQ*H*20080626
N9*AD*T00000040
LIN**IN*033281811*ZZ*43*UP*831664001290*****DG*1*VS*00000
ZA*QS***006*20080624
CTP**UCP*3.4
SDQ*EA*ZZ*5023*4
ZA*QS***006*20080625
CTP**UCP*3.4
SDQ*EA*ZZ*3084*2*3632*2*3685*1*3703*1*3925*1*4093*3*4103*1*4717*1*7060*1*7255*1
SDQ*EA*ZZ*7353*2*9549*2*9621*3
LIN**IN*033281811*ZZ*43*UP*831664001290*****DG*5*VS*00000
ZA*QS***006*20080625
CTP**UCP*3.4
SDQ*EA*ZZ*3143*1
CTT*2
SE*17*0009
ST*852*0010
XQ*H*20080626
N9*AD*T00000040
LIN**IN*039868311*ZZ*43*UP*831664001405*****DG*1*VS*00000
ZA*QS***006*20080625
CTP**UCP*2
SDQ*EA*ZZ*4717*1*7637*2
CTT*1
SE*9*0010
ST*852*0011
XQ*H*20080626
N9*AD*T00000040
LIN**IN*044488711*ZZ*43*UP*831664001306*****DG*1*VS*00000
ZA*QS***006*20080625
CTP**UCP*4.95
SDQ*EA*ZZ*3632*1*3715*1*3941*1*4093*3*4103*2*4112*1*4244*1*4717*2*4866*1*7132*1
SDQ*EA*ZZ*7208*4*7358*1*7362*1*7461*1*7626*4*9621*5
CTT*1
SE*10*0011
ST*852*0012
XQ*H*20080626
N9*AD*T00000040
LIN**IN*053241411*ZZ*43*UP*831664001313*****DG*1*VS*00000
ZA*QS***006*20080625
CTP**UCP*.55
SDQ*EA*ZZ*3083*1*3645*3*3646*2*3701*3*3703*8*3715*2*3941*5*3975*1*4103*4*4198*2
SDQ*EA*ZZ*4244*7*4717*6*4817*1*4970*1*7274*4*7358*2*7629*5*7719*1*9320*1*9629*1
SDQ*EA*ZZ*9633*20*9728*3*9758*10
CTT*1
SE*11*0012
ST*852*0013
XQ*H*20080626
N9*AD*T00000040
LIN**IN*076496411*ZZ*43*UP*831664001320*****DG*1*VS*00000
ZA*QS***006*20080625
CTP**UCP*2.95
SDQ*EA*ZZ*3083*1*3084*1*3253*1*3645*1*3773*1*3808*3*3822*2*3978*1*4071*1*4093*1
SDQ*EA*ZZ*4244*4*4308*3*4717*1*4719*1*4817*1*4970*1*7208*5*7607*1*7629*2*9633*1
SDQ*EA*ZZ*9735*1*9758*1
LIN**IN*076496411*ZZ*43*UP*831664001320*****DG*5*VS*00000
ZA*QS***006*20080625
CTP**UCP*2.95
SDQ*EA*ZZ*3428*1*7274*1
CTT*2
SE*15*0013
ST*852*0014
XQ*H*20080626
N9*AD*T00000040
LIN**IN*093644611*ZZ*43*UP*831664001382*****DG*1*VS*00000
ZA*QS***006*20080625
CTP**UCP*2.15
SDQ*EA*ZZ*3022*1*3084*2*3147*1*3703*11*3715*3*3978*1*4093*11*4103*3*4112*1*4198*1
SDQ*EA*ZZ*4244*8*4719*2*4777*2*7132*6*7208*1*7255*2*7276*3*7358*2*7607*1*7610*1
SDQ*EA*ZZ*7626*4*9633*2*9648*1*9758*1
CTT*1
SE*11*0014
ST*852*0015
XQ*H*20080626
N9*AD*T00000040
LIN**IN*096698911*ZZ*43*UP*831664001115*****DG*1*VS*00000
ZA*QS***006*20080625
CTP**UCP*10.25
SDQ*EA*ZZ*3773*1
LIN**IN*096698911*ZZ*43*UP*831664001115*****DG*8*VS*00000
ZA*QS***006*20080625
CTP**UCP*10.25
SDQ*EA*ZZ*9758*1
CTT*2
SE*13*0015
ST*852*0016
XQ*H*20080626
N9*AD*T00000040
LIN**IN*096901411*ZZ*43*UP*831664001139*****DG*1*VS*00000
ZA*QS***006*20080625
CTP**UCP*2
SDQ*EA*ZZ*3084*1*7045*5*9633*3
CTT*1
SE*9*0016
ST*852*0017
XQ*H*20080626
N9*AD*T00000040
LIN**IN*096901811*ZZ*43*UP*831664001122*****DG*1*VS*00000
ZA*QS***006*20080624
CTP**UCP*4.85
SDQ*EA*ZZ*5014*1
ZA*QS***006*20080625
CTP**UCP*4.85
SDQ*EA*ZZ*3063*1*3143*1*3644*1*3646*3*3675*1*3703*3*3966*1*4093*1*4103*5*4244*1
SDQ*EA*ZZ*4719*1*4970*5*7132*2*7382*1*7626*3*9633*1
LIN**IN*096901811*ZZ*43*UP*831664001122*****DG*5*VS*00000
ZA*QS***006*20080625
CTP**UCP*4.85
SDQ*EA*ZZ*3646*2
LIN**IN*096901811*ZZ*43*UP*831664001122*****DG*8*VS*00000
ZA*QS***006*20080625
CTP**UCP*4.85
SDQ*EA*ZZ*9513*1
CTT*3
SE*21*0017
ST*852*0018
XQ*H*20080626
N9*AD*T00000040
LIN**IN*096907311*ZZ*43*UP*831664001146*****DG*1*VS*00000
ZA*QS***006*20080625
CTP**UCP*6
SDQ*EA*ZZ*3703*-1
CTT*1
SE*9*0018
ST*852*0019
XQ*H*20080626
N9*AD*T00000040
LIN**IN*097065711*ZZ*43*UP*831664000842*****DG*1*VS*00000
ZA*QS***006*20080624
CTP**UCP*4.95
SDQ*EA*ZZ*5070*1
LIN**IN*097065711*ZZ*43*UP*831664000842*****DG*3*VS*00000
ZA*QS***006*20080624
CTP**UCP*4.95
SDQ*EA*ZZ*5014*2
LIN**IN*097065711*ZZ*43*UP*831664000842*****DG*1*VS*00000
ZA*QS***006*20080625
CTP**UCP*4.95
SDQ*EA*ZZ*3022*4*3063*1*3084*2*3143*11*3223*2*3632*8*3644*2*3646*3*3703*23*3713*3
SDQ*EA*ZZ*3715*5*3773*2*3822*2*3941*1*3996*3*4093*9*4103*1*4137*5*4198*2*4202*3
SDQ*EA*ZZ*4244*6*4717*2*4719*11*4757*2*4835*2*4872*19*4970*3*7069*1*7132*2*7208*6
SDQ*EA*ZZ*7255*14*7354*1*7358*9*7461*6*7607*1*7610*10*7622*10*7626*8*7718*2*9513*2
SDQ*EA*ZZ*9560*3*9563*2*9621*8*9625*2*9633*10*9639*3*9674*5*9758*8
LIN**IN*097065711*ZZ*43*UP*831664000842*****DG*3*VS*00000
ZA*QS***006*20080625
CTP**UCP*4.95
SDQ*EA*ZZ*3836*4
LIN**IN*097065711*ZZ*43*UP*831664000842*****DG*8*VS*00000
ZA*QS***006*20080625
CTP**UCP*4.95
SDQ*EA*ZZ*9633*2
CTT*5
SE*29*0019
ST*852*0020
XQ*H*20080626
N9*AD*T00000040
LIN**IN*097095611*ZZ*43*UP*831664000019*****DG*3*VS*00000
ZA*QS***006*20080624
CTP**UCP*.63
SDQ*EA*ZZ*5014*14
LIN**IN*097095611*ZZ*43*UP*831664000019*****DG*1*VS*00000
ZA*QS***006*20080625
CTP**UCP*.63
SDQ*EA*ZZ*3022*5*3063*17*3083*12*3084*24*3147*3*3289*2*3355*3*3359*4*3428*1*3632*1
SDQ*EA*ZZ*3644*15*3645*1*3646*37*3661*4*3703*34*3715*21*3773*40*3822*19*3848*3*3852*8
SDQ*EA*ZZ*3925*4*3941*29*3966*2*3978*9*3996*12*4033*16*4093*29*4103*11*4189*2*4244*108
SDQ*EA*ZZ*4475*5*4717*7*4719*52*4723*2*4739*1*4757*5*4760*3*4777*6*4817*9*4835*2
SDQ*EA*ZZ*4866*10*4872*5*4898*3*7045*2*7060*4*7069*2*7132*24*7154*4*7208*9*7255*37
SDQ*EA*ZZ*7351*3*7353*11*7354*1*7358*41*7362*7*7382*7*7388*2*7407*2*7461*8*7558*4
SDQ*EA*ZZ*7607*14*7610*5*7622*1*7626*2*7629*1*7718*22*7719*9*9129*7*9513*3*9547*10
SDQ*EA*ZZ*9549*3*9563*3*9571*1*9621*27*9622*6*9629*6*9633*38*9639*2*9648*17*9657*6
SDQ*EA*ZZ*9674*38*9714*7*9728*14*9735*20*9758*24
LIN**IN*097095611*ZZ*43*UP*831664000019*****DG*3*VS*00000
ZA*QS***006*20080625
CTP**UCP*.63
SDQ*EA*ZZ*4883*21*9217*1
LIN**IN*097095611*ZZ*43*UP*831664000019*****DG*5*VS*00000
ZA*QS***006*20080625
CTP**UCP*.63
SDQ*EA*ZZ*3941*1*4093*1*4883*1*7362*1
LIN**IN*097095611*ZZ*43*UP*831664000019*****DG*8*VS*00000
ZA*QS***006*20080625
CTP**UCP*.63
SDQ*EA*ZZ*3701*1
CTT*5
SE*33*0020
ST*852*0021
XQ*H*20080626
N9*AD*T00000040
LIN**IN*097095711*ZZ*43*UP*831664000255*****DG*1*VS*00000
ZA*QS***006*20080624
CTP**UCP*.55
SDQ*EA*ZZ*5023*1
ZA*QS***006*20080625
CTP**UCP*.55
SDQ*EA*ZZ*4244*24*4719*6*4866*8*4898*2*4970*2*7045*2*7719*1*9625*1
CTT*1
SE*12*0021
ST*852*0022
XQ*H*20080626
N9*AD*T00000040
LIN**IN*097095811*ZZ*43*UP*831664000699*****DG*3*VS*00000
ZA*QS***006*20080624
CTP**UCP*.55
SDQ*EA*ZZ*5014*5
LIN**IN*097095811*ZZ*43*UP*831664000699*****DG*1*VS*00000
ZA*QS***006*20080625
CTP**UCP*.55
SDQ*EA*ZZ*3084*14*3715*6*3941*7*4093*36*4244*8*4719*15*7354*2*7358*16*7610*4*7719*2
SDQ*EA*ZZ*9674*2*9758*4
CTT*2
SE*14*0022
ST*852*0023
XQ*H*20080626
N9*AD*T00000040
LIN**IN*097095911*ZZ*43*UP*831664000675*****DG*1*VS*00000
ZA*QS***006*20080624
CTP**UCP*1.27
SDQ*EA*ZZ*5023*5
LIN**IN*097095911*ZZ*43*UP*831664000675*****DG*3*VS*00000
ZA*QS***006*20080624
CTP**UCP*1.27
SDQ*EA*ZZ*5014*6
LIN**IN*097095911*ZZ*43*UP*831664000675*****DG*1*VS*00000
ZA*QS***006*20080625
CTP**UCP*1.27
SDQ*EA*ZZ*3063*1*3084*3*3143*1*3147*2*3355*1*3644*2*3645*4*3646*1*3773*1*3852*1
SDQ*EA*ZZ*3978*7*4093*9*4103*6*4308*1*4719*13*4760*1*4817*1*4866*4*4872*1*4970*10
SDQ*EA*ZZ*7060*2*7069*1*7076*2*7255*5*7358*3*7362*1*7461*10*7718*3*9129*4*9549*1
SDQ*EA*ZZ*9563*5*9629*6*9674*2*9735*1*9758*2
LIN**IN*097095911*ZZ*43*UP*831664000675*****DG*3*VS*00000
ZA*QS***006*20080625
CTP**UCP*1.27
SDQ*EA*ZZ*4883*4
LIN**IN*097095911*ZZ*43*UP*831664000675*****DG*8*VS*00000
ZA*QS***006*20080625
CTP**UCP*1.27
SDQ*EA*ZZ*3994*1
CTT*5
SE*28*0023
ST*852*0024
XQ*H*20080626
N9*AD*T00000040
LIN**IN*097096011*ZZ*43*UP*831664000682*****DG*1*VS*00000
ZA*QS***006*20080624
CTP**UCP*1.27
SDQ*EA*ZZ*5023*1
ZA*QS***006*20080625
CTP**UCP*1.27
SDQ*EA*ZZ*3147*2*3289*2*3359*2*3644*1*3645*2*3646*4*3715*1*3822*1*3978*1*4093*1
SDQ*EA*ZZ*4202*3*4717*1*4719*2*4723*1*4757*1*7060*1*7255*2*7353*1*7382*1*7437*1
SDQ*EA*ZZ*7626*6*7719*3*9513*1*9547*7*9648*2*9758*2
CTT*1
SE*14*0024
ST*852*0025
XQ*H*20080626
N9*AD*T00000040
LIN**IN*097096111*ZZ*43*UP*831664000330*****DG*3*VS*00000
ZA*QS***006*20080624
CTP**UCP*1.27
SDQ*EA*ZZ*5014*4
LIN**IN*097096111*ZZ*43*UP*831664000330*****DG*1*VS*00000
ZA*QS***006*20080625
CTP**UCP*1.27
SDQ*EA*ZZ*3022*12*3083*3*3084*14*3147*9*3348*4*3428*2*3644*2*3645*9*3646*32*3672*1
SDQ*EA*ZZ*3685*1*3701*2*3703*9*3715*22*3773*2*3822*1*3836*1*3848*13*3939*1*3941*6
SDQ*EA*ZZ*3978*3*3996*1*4093*41*4103*27*4137*4*4244*37*4308*1*4475*3*4717*5*4719*38
SDQ*EA*ZZ*4723*1*4739*2*4757*1*4769*5*4872*4*4898*4*4970*78*7043*4*7069*2*7076*5
SDQ*EA*ZZ*7132*9*7208*5*7255*22*7274*1*7278*3*7351*1*7353*10*7354*1*7358*6*7362*4
SDQ*EA*ZZ*7382*22*7461*1*7607*8*7610*9*7626*15*7629*15*7718*1*7719*2*9547*7*9571*1
SDQ*EA*ZZ*9621*21*9625*5*9629*23*9633*11*9648*2*9674*8*9735*5*9758*4
LIN**IN*097096111*ZZ*43*UP*831664000330*****DG*3*VS*00000
ZA*QS***006*20080625
CTP**UCP*1.27
SDQ*EA*ZZ*4883*1
LIN**IN*097096111*ZZ*43*UP*831664000330*****DG*5*VS*00000
ZA*QS***006*20080625
CTP**UCP*1.27
SDQ*EA*ZZ*9217*2
CTT*4
SE*27*0025
ST*852*0026
XQ*H*20080626
N9*AD*T00000040
LIN**IN*097096211*ZZ*43*UP*831664000941*****DG*1*VS*00000
ZA*QS***006*20080625
CTP**UCP*1.27
SDQ*EA*ZZ*3240*4*3645*2*3646*5*3703*2*3848*1*3941*2*4189*3*4308*1*4719*2*4777*1
SDQ*EA*ZZ*4817*1*4866*1*4970*3*7358*4*9621*2
CTT*1
SE*10*0026
ST*852*0027
XQ*H*20080626
N9*AD*T00000040
LIN**IN*097096311*ZZ*43*UP*831664000743*****DG*1*VS*00000
ZA*QS***006*20080625
CTP**UCP*2
SDQ*EA*ZZ*4866*1*7276*1*7358*1*7637*2*9625*1*9633*5
LIN**IN*097096311*ZZ*43*UP*831664000743*****DG*8*VS*00000
ZA*QS***006*20080625
CTP**UCP*2
SDQ*EA*ZZ*3701*1
CTT*2
SE*13*0027
ST*852*0028
XQ*H*20080626
N9*AD*T00000040
LIN**IN*097096411*ZZ*43*UP*831664000453*****DG*1*VS*00000
ZA*QS***006*20080624
CTP**UCP*3.5
SDQ*EA*ZZ*5023*2
LIN**IN*097096411*ZZ*43*UP*831664000453*****DG*3*VS*00000
ZA*QS***006*20080624
CTP**UCP*3.5
SDQ*EA*ZZ*5014*4
LIN**IN*097096411*ZZ*43*UP*831664000453*****DG*1*VS*00000
ZA*QS***006*20080625
CTP**UCP*3.5
SDQ*EA*ZZ*3022*2*3083*9*3143*6*3359*2*3632*4*3644*1*3646*5*3675*1*3701*2*3703*2
SDQ*EA*ZZ*3713*4*3822*5*3941*5*3978*17*3996*4*4033*3*4093*9*4103*10*4202*1*4244*8
SDQ*EA*ZZ*4719*3*4817*4*4866*15*4872*1*4970*4*7064*1*7132*1*7255*1*7274*3*7353*3
SDQ*EA*ZZ*7358*6*7388*4*7437*3*7607*1*7610*1*7626*7*9217*2*9549*1*9563*7*9571*1
SDQ*EA*ZZ*9625*1*9629*3*9648*3*9674*1*9735*3
LIN**IN*097096411*ZZ*43*UP*831664000453*****DG*8*VS*00000
ZA*QS***006*20080625
CTP**UCP*3.5
SDQ*EA*ZZ*9648*3
LIN**IN*097096411*ZZ*43*UP*831664000453*****DG*9*VS*00000
ZA*QS***006*20080625
CTP**UCP*3.5
SDQ*EA*ZZ*3223*1
CTT*5
SE*29*0028
ST*852*0029
XQ*H*20080626
N9*AD*T00000040
LIN**IN*097096511*ZZ*43*UP*831664000460*****DG*1*VS*00000
ZA*QS***006*20080624
CTP**UCP*3.5
SDQ*EA*ZZ*5023*1*5070*1
ZA*QS***006*20080625
CTP**UCP*3.5
SDQ*EA*ZZ*3022*6*3083*2*3143*9*3147*11*3359*2*3645*1*3646*9*3675*1*3703*3*3713*6
SDQ*EA*ZZ*3715*14*3773*6*3822*2*3852*7*3941*2*3978*5*3996*3*4093*13*4103*8*4137*3
SDQ*EA*ZZ*4189*1*4202*2*4244*11*4312*1*4717*6*4719*12*4769*1*4817*3*4866*5*4970*12
SDQ*EA*ZZ*7059*2*7076*1*7132*8*7208*8*7255*7*7274*6*7351*2*7353*2*7354*3*7358*3
SDQ*EA*ZZ*7461*7*7607*14*7610*7*7622*6*7626*6*7629*3*7718*2*9513*12*9547*2*9563*1
SDQ*EA*ZZ*9621*16*9625*16*9629*2*9633*6*9648*5*9674*5*9758*9
LIN**IN*097096511*ZZ*43*UP*831664000460*****DG*8*VS*00000
ZA*QS***006*20080625
CTP**UCP*3.5
SDQ*EA*ZZ*9648*2
CTT*2
SE*21*0029
ST*852*0030
XQ*H*20080626
N9*AD*T00000040
LIN**IN*097096711*ZZ*43*UP*831664000484*****DG*1*VS*00000
ZA*QS***006*20080625
CTP**UCP*4.95
SDQ*EA*ZZ*3022*4*3063*1*3084*2*3632*1*3646*5*3703*4*3715*3*3773*2*3808*2*3836*1
SDQ*EA*ZZ*3941*4*4093*6*4103*5*4244*13*4719*18*4757*1*4769*1*4777*1*4970*1*7059*1
SDQ*EA*ZZ*7064*1*7132*5*7255*3*7274*2*7358*4*7362*1*7407*1*7461*4*7607*7*7719*1
SDQ*EA*ZZ*9621*5*9625*4*9629*1*9633*4*9674*4*9758*4
LIN**IN*097096711*ZZ*43*UP*831664000484*****DG*5*VS*00000
ZA*QS***006*20080625
CTP**UCP*4.95
SDQ*EA*ZZ*3996*2*4883*2*7626*1
LIN**IN*097096711*ZZ*43*UP*831664000484*****DG*6*VS*00000
ZA*QS***006*20080625
CTP**UCP*4.95
SDQ*EA*ZZ*7353*3
LIN**IN*097096711*ZZ*43*UP*831664000484*****DG*9*VS*00000
ZA*QS***006*20080625
CTP**UCP*4.95
SDQ*EA*ZZ*4202*1
CTT*4
SE*24*0030
ST*852*0031
XQ*H*20080626
N9*AD*T00000040
LIN**IN*097097011*ZZ*43*UP*831664000859*****DG*1*VS*00000
ZA*QS***006*20080624
CTP**UCP*2.7
SDQ*EA*ZZ*7718*-4
ZA*QS***006*20080625
CTP**UCP*2.7
SDQ*EA*ZZ*3084*4*3147*5*3646*13*3703*7*3941*5*3978*3*4093*2*4244*4*7353*1*7354*4
SDQ*EA*ZZ*7358*3*9633*1
CTT*1
SE*13*0031
ST*852*0032
XQ*H*20080626
N9*AD*T00000040
LIN**IN*097097211*ZZ*43*UP*831664000651*****DG*1*VS*00000
ZA*QS***006*20080625
CTP**UCP*1.55
SDQ*EA*ZZ*4093*3*4769*4*4898*1*9633*2
CTT*1
SE*9*0032
ST*852*0033
XQ*H*20080626
N9*AD*T00000040
LIN**IN*097097511*ZZ*43*UP*831664000910*****DG*1*VS*00000
ZA*QS***006*20080625
CTP**UCP*6.9
SDQ*EA*ZZ*3083*7*3143*1*3147*1*3646*3*3703*1*3715*1*3773*2*3822*1*4093*1*4244*5
SDQ*EA*ZZ*4719*1*4970*4*7208*2*7461*1*9621*2*9674*3
LIN**IN*097097511*ZZ*43*UP*831664000910*****DG*6*VS*00000
ZA*QS***006*20080625
CTP**UCP*6.9
SDQ*EA*ZZ*7353*1
LIN**IN*097097511*ZZ*43*UP*831664000910*****DG*8*VS*00000
ZA*QS***006*20080625
CTP**UCP*6.9
SDQ*EA*ZZ*9633*1
CTT*3
SE*18*0033
GE*33*385
IEA*1*000000385
ISA*00*          *00*          *08*9254291001     *12*6154525825     *080626*0910*U*00400*000000386*0*P*>
GS*PD*9254291001*6154525825*20080626*0910*386*X*004010
ST*852*0001
XQ*H*20080625
N9*AD*T00000040
LIN**IN*002904411*ZZ*43*UP*831664001160*****DG*1*VS*00000
ZA*QS***006*20080624
CTP**UCP*.63
SDQ*EA*ZZ*9648*4
CTT*1
SE*9*0001
ST*852*0002
XQ*H*20080625
N9*AD*T00000040
LIN**IN*002916611*ZZ*43*UP*831664001184*****DG*1*VS*00000
ZA*QS***006*20080624
CTP**UCP*3.4
SDQ*EA*ZZ*3084*2*3143*1*3147*2*3359*1*3646*6*3703*7*3713*1*3941*3*4093*6*4103*4
SDQ*EA*ZZ*4198*1*4719*2*4970*1*7358*2*7407*1*7629*3*9633*2*9648*3*9758*2
LIN**IN*002916611*ZZ*43*UP*831664001184*****DG*8*VS*00000
ZA*QS***006*20080624
CTP**UCP*3.4
SDQ*EA*ZZ*9758*1
CTT*2
SE*14*0002
ST*852*0003
XQ*H*20080625
N9*AD*T00000040
LIN**IN*004703011*ZZ*43*UP*831664001412*****DG*1*VS*00000
ZA*QS***006*20080624
CTP**UCP*4
SDQ*EA*ZZ*3646*2*3715*3*3941*15*4093*4*4103*1*4244*2*4970*1*7255*1*7358*3
LIN**IN*004703011*ZZ*43*UP*831664001412*****DG*5*VS*00000
ZA*QS***006*20080624
CTP**UCP*4
SDQ*EA*ZZ*3083*2
LIN**IN*004703011*ZZ*43*UP*831664001412*****DG*8*VS*00000
ZA*QS***006*20080624
CTP**UCP*4
SDQ*EA*ZZ*3715*1
CTT*3
SE*17*0003
ST*852*0004
XQ*H*20080625
N9*AD*T00000040
LIN**IN*016303311*ZZ*43*UP*831664001283*****DG*1*VS*00000
ZA*QS***006*20080623
CTP**UCP*5.75
SDQ*EA*ZZ*5077*1
CTT*1
SE*9*0004
ST*852*0005
XQ*H*20080625
N9*AD*T00000040
LIN**IN*025395211*ZZ*43*UP*831664001252*****DG*1*VS*00000
ZA*QS***006*20080623
CTP**UCP*4.95
SDQ*EA*ZZ*5023*1
ZA*QS***006*20080624
CTP**UCP*4.95
SDQ*EA*ZZ*3084*2*3147*2*3661*1*3808*2*3836*1*3957*2*3975*1*4093*1*4103*2*4137*1
SDQ*EA*ZZ*4719*3*4817*2*7066*1*7208*5*7274*2*7353*1*7358*4*7607*3*7610*2*9622*1
SDQ*EA*ZZ*9633*5
CTT*1
SE*14*0005
ST*852*0006
XQ*H*20080625
N9*AD*T00000040
LIN**IN*025397611*ZZ*43*UP*831664001245*****DG*1*VS*00000
ZA*QS***006*20080624
CTP**UCP*3.5
SDQ*EA*ZZ*3022*2*3084*3*3143*1*3428*1*3646*1*3703*2*4093*5*4103*8*4112*1*4198*2
SDQ*EA*ZZ*4244*7*4872*2*7208*5*7274*2*7353*4*7358*2*7407*1*7610*1*7626*2*9648*1
SDQ*EA*ZZ*9674*1
LIN**IN*025397611*ZZ*43*UP*831664001245*****DG*5*VS*00000
ZA*QS***006*20080624
CTP**UCP*3.5
SDQ*EA*ZZ*3084*1*9648*-1
CTT*2
SE*15*0006
ST*852*0007
XQ*H*20080625
N9*AD*T00000040
LIN**IN*025408511*ZZ*43*UP*831664001269*****DG*1*VS*00000
ZA*QS***006*20080623
CTP**UCP*4
SDQ*EA*ZZ*5014*1
ZA*QS***006*20080624
CTP**UCP*4
SDQ*EA*ZZ*3083*1*3084*2*3703*5*3848*1*3941*2*4093*1*4103*1*4244*1*7208*2*7255*1
SDQ*EA*ZZ*7358*3*7610*1*9621*3*9633*1*9758*1
CTT*1
SE*13*0007
ST*852*0008
XQ*H*20080625
N9*AD*T00000040
LIN**IN*025412011*ZZ*43*UP*831664001276*****DG*1*VS*00000
ZA*QS***006*20080623
CTP**UCP*1.27
SDQ*EA*ZZ*5014*13
ZA*QS***006*20080624
CTP**UCP*1.27
SDQ*EA*ZZ*3083*2*3632*5*3703*7*3996*3*4244*1*4758*1*4970*5*7607*1*9560*1*9621*4
SDQ*EA*ZZ*9633*1*9714*1*9758*6
LIN**IN*025412011*ZZ*43*UP*831664001276*****DG*3*VS*00000
ZA*QS***006*20080624
CTP**UCP*1.27
SDQ*EA*ZZ*4883*5
CTT*2
SE*17*0008
ST*852*0009
XQ*H*20080625
N9*AD*T00000040
LIN**IN*033281811*ZZ*43*UP*831664001290*****DG*1*VS*00000
ZA*QS***006*20080624
CTP**UCP*3.4
SDQ*EA*ZZ*3240*2*3685*3*3703*4*3822*1*3941*1*4093*1*4475*1*4777*4*4866*5*7064*1
SDQ*EA*ZZ*7069*1*7076*1*7208*2*7255*2*7358*1*9621*1*9633*3*9674*2
LIN**IN*033281811*ZZ*43*UP*831664001290*****DG*5*VS*00000
ZA*QS***006*20080624
CTP**UCP*3.4
SDQ*EA*ZZ*3996*1
LIN**IN*033281811*ZZ*43*UP*831664001290*****DG*8*VS*00000
ZA*QS***006*20080624
CTP**UCP*3.4
SDQ*EA*ZZ*3143*2
CTT*3
SE*18*0009
ST*852*0010
XQ*H*20080625
N9*AD*T00000040
LIN**IN*039868311*ZZ*43*UP*831664001405*****DG*1*VS*00000
ZA*QS***006*20080624
CTP**UCP*2
SDQ*EA*ZZ*3808*1*3978*1*4717*1*7358*1
CTT*1
SE*9*0010
ST*852*0011
XQ*H*20080625
N9*AD*T00000040
LIN**IN*044488711*ZZ*43*UP*831664001306*****DG*1*VS*00000
ZA*QS***006*20080624
CTP**UCP*4.95
SDQ*EA*ZZ*3253*1*3685*2*3715*5*4244*2*4719*1*4777*1*4866*1*7208*3*7255*1*7718*1
SDQ*EA*ZZ*9621*1*9633*1*9648*1*9758*3
LIN**IN*044488711*ZZ*43*UP*831664001306*****DG*5*VS*00000
ZA*QS***006*20080624
CTP**UCP*4.95
SDQ*EA*ZZ*7622*1
CTT*2
SE*14*0011
ST*852*0012
XQ*H*20080625
N9*AD*T00000040
LIN**IN*053241411*ZZ*43*UP*831664001313*****DG*1*VS*00000
ZA*QS***006*20080624
CTP**UCP*.55
SDQ*EA*ZZ*3022*3*3223*10*3289*1*3703*5*3941*2*3957*4*4137*1*4244*4*4308*2*4717*1
SDQ*EA*ZZ*4719*6*4817*2*7063*3*7208*3*7278*1*7629*1*9620*1*9639*2*9657*1
CTT*1
SE*10*0012
ST*852*0013
XQ*H*20080625
N9*AD*T00000040
LIN**IN*076496411*ZZ*43*UP*831664001320*****DG*1*VS*00000
ZA*QS***006*20080624
CTP**UCP*2.95
SDQ*EA*ZZ*3084*2*3646*6*3703*1*3715*1*3808*4*3822*1*3925*1*3978*1*4016*1*4244*1
SDQ*EA*ZZ*4758*1*4777*1*4970*1*7132*1*7274*2*7353*2*9549*1*9735*5
LIN**IN*076496411*ZZ*43*UP*831664001320*****DG*3*VS*00000
ZA*QS***006*20080624
CTP**UCP*2.95
SDQ*EA*ZZ*4883*1
LIN**IN*076496411*ZZ*43*UP*831664001320*****DG*5*VS*00000
ZA*QS***006*20080624
CTP**UCP*2.95
SDQ*EA*ZZ*9735*2
CTT*3
SE*18*0013
ST*852*0014
XQ*H*20080625
N9*AD*T00000040
LIN**IN*079180612*ZZ*43*UP*831664001368*****DG*1*VS*00000
ZA*QS***006*20080624
CTP**UCP*4.25
SDQ*EA*ZZ*7069*1*9633*2
CTT*1
SE*9*0014
ST*852*0015
XQ*H*20080625
N9*AD*T00000040
LIN**IN*093644611*ZZ*43*UP*831664001382*****DG*1*VS*00000
ZA*QS***006*20080624
CTP**UCP*2.15
SDQ*EA*ZZ*3083*1*3147*1*3408*2*3703*8*3808*1*3822*3*3848*1*3886*1*3978*1*4093*11
SDQ*EA*ZZ*4103*3*4198*2*4244*5*4719*1*4777*3*4970*1*7208*2*7255*5*7358*9*7607*2
SDQ*EA*ZZ*7622*3*7626*4*9129*2*9549*3*9633*3*9758*2
CTT*1
SE*11*0015
ST*852*0016
XQ*H*20080625
N9*AD*T00000040
LIN**IN*096698911*ZZ*43*UP*831664001115*****DG*1*VS*00000
ZA*QS***006*20080624
CTP**UCP*10.25
SDQ*EA*ZZ*3703*8*4719*1*7610*1*9674*1
LIN**IN*096698911*ZZ*43*UP*831664001115*****DG*5*VS*00000
ZA*QS***006*20080624
CTP**UCP*10.25
SDQ*EA*ZZ*7353*-2*9674*2
CTT*2
SE*13*0016
ST*852*0017
XQ*H*20080625
N9*AD*T00000040
LIN**IN*096901411*ZZ*43*UP*831664001139*****DG*1*VS*00000
ZA*QS***006*20080624
CTP**UCP*2
SDQ*EA*ZZ*3253*1*3715*1*3822*1*3848*1*7362*1*7388*4*7558*2*9714*1*9758*3
LIN**IN*096901411*ZZ*43*UP*831664001139*****DG*5*VS*00000
ZA*QS***006*20080624
CTP**UCP*2
SDQ*EA*ZZ*4717*6*7718*1
CTT*2
SE*13*0017
ST*852*0018
XQ*H*20080625
N9*AD*T00000040
LIN**IN*096901811*ZZ*43*UP*831664001122*****DG*1*VS*00000
ZA*QS***006*20080624
CTP**UCP*4.85
SDQ*EA*ZZ*3022*2*3147*3*3703*2*3836*1*4103*3*4112*1*4244*4*4717*1*4719*3*4758*1
SDQ*EA*ZZ*4817*4*4866*1*7066*1*7132*1*7255*1*7351*1*7358*1*7610*2*7622*2*7626*1
SDQ*EA*ZZ*9513*1*9648*1*9758*1
LIN**IN*096901811*ZZ*43*UP*831664001122*****DG*5*VS*00000
ZA*QS***006*20080624
CTP**UCP*4.85
SDQ*EA*ZZ*3359*2*4103*1*4866*1*7607*1*9758*1
LIN**IN*096901811*ZZ*43*UP*831664001122*****DG*6*VS*00000
ZA*QS***006*20080624
CTP**UCP*4.85
SDQ*EA*ZZ*7353*1
LIN**IN*096901811*ZZ*43*UP*831664001122*****DG*8*VS*00000
ZA*QS***006*20080624
CTP**UCP*4.85
SDQ*EA*ZZ*3359*1*3978*1*4198*1*7622*1
CTT*4
SE*23*0018
ST*852*0019
XQ*H*20080625
N9*AD*T00000040
LIN**IN*096907311*ZZ*43*UP*831664001146*****DG*1*VS*00000
ZA*QS***006*20080624
CTP**UCP*6
SDQ*EA*ZZ*3703*1*7607*2
LIN**IN*096907311*ZZ*43*UP*831664001146*****DG*5*VS*00000
ZA*QS***006*20080624
CTP**UCP*6
SDQ*EA*ZZ*3703*1
CTT*2
SE*13*0019
ST*852*0020
XQ*H*20080625
N9*AD*T00000040
LIN**IN*097065711*ZZ*43*UP*831664000842*****DG*3*VS*00000
ZA*QS***006*20080623
CTP**UCP*4.95
SDQ*EA*ZZ*5014*2
LIN**IN*097065711*ZZ*43*UP*831664000842*****DG*1*VS*00000
ZA*QS***006*20080624
CTP**UCP*4.95
SDQ*EA*ZZ*3063*5*3143*4*3147*2*3348*2*3632*5*3646*10*3703*12*3713*2*3715*5*3941*11
SDQ*EA*ZZ*3996*3*4093*9*4137*9*4244*13*4719*4*4758*1*4817*5*4866*1*4872*7*4970*2
SDQ*EA*ZZ*7060*1*7063*2*7069*2*7076*3*7132*1*7208*3*7255*11*7353*1*7354*8*7358*2
SDQ*EA*ZZ*7461*2*7607*5*7610*9*7622*3*7626*4*7718*4*9217*4*9513*1*9563*1*9621*3
SDQ*EA*ZZ*9625*5*9633*3*9648*11*9674*9*9758*4
LIN**IN*097065711*ZZ*43*UP*831664000842*****DG*3*VS*00000
ZA*QS***006*20080624
CTP**UCP*4.95
SDQ*EA*ZZ*3083*2*3836*1
LIN**IN*097065711*ZZ*43*UP*831664000842*****DG*5*VS*00000
ZA*QS***006*20080624
CTP**UCP*4.95
SDQ*EA*ZZ*4308*4
CTT*4
SE*25*0020
ST*852*0021
XQ*H*20080625
N9*AD*T00000040
LIN**IN*097095611*ZZ*43*UP*831664000019*****DG*1*VS*00000
ZA*QS***006*20080623
CTP**UCP*.63
SDQ*EA*ZZ*5014*-27*5066*2
LIN**IN*097095611*ZZ*43*UP*831664000019*****DG*3*VS*00000
ZA*QS***006*20080623
CTP**UCP*.63
SDQ*EA*ZZ*5014*11
LIN**IN*097095611*ZZ*43*UP*831664000019*****DG*1*VS*00000
ZA*QS***006*20080624
CTP**UCP*.63
SDQ*EA*ZZ*3022*6*3063*19*3083*49*3084*41*3143*2*3147*16*3289*5*3359*3*3602*1*3644*9
SDQ*EA*ZZ*3645*2*3646*34*3661*3*3672*2*3701*1*3703*25*3713*5*3715*51*3773*25*3808*2
SDQ*EA*ZZ*3822*20*3848*5*3886*7*3925*2*3941*23*3966*6*3975*9*3978*18*3994*1*3996*46
SDQ*EA*ZZ*4093*38*4103*66*4112*2*4137*4*4189*5*4198*8*4244*105*4475*1*4717*11*4719*58
SDQ*EA*ZZ*4739*13*4757*7*4758*4*4777*4*4817*9*4835*4*4866*4*4872*9*4898*4*7043*1
SDQ*EA*ZZ*7045*7*7060*9*7069*2*7132*10*7154*4*7208*13*7255*20*7274*9*7276*9*7351*1
SDQ*EA*ZZ*7353*28*7354*3*7358*25*7362*9*7382*12*7388*15*7437*1*7461*6*7607*19*7610*1
SDQ*EA*ZZ*7622*14*7626*2*7629*10*7718*14*7719*1*9129*6*9513*9*9547*6*9560*17*9563*5
SDQ*EA*ZZ*9571*7*9621*23*9629*7*9633*20*9639*7*9648*28*9657*8*9674*44*9728*7*9735*10
SDQ*EA*ZZ*9758*11
LIN**IN*097095611*ZZ*43*UP*831664000019*****DG*3*VS*00000
ZA*QS***006*20080624
CTP**UCP*.63
SDQ*EA*ZZ*4883*4*9217*26
LIN**IN*097095611*ZZ*43*UP*831664000019*****DG*5*VS*00000
ZA*QS***006*20080624
CTP**UCP*.63
SDQ*EA*ZZ*3408*2*4739*4*9549*1
CTT*5
SE*34*0021
ST*852*0022
XQ*H*20080625
N9*AD*T00000040
LIN**IN*097095711*ZZ*43*UP*831664000255*****DG*1*VS*00000
ZA*QS***006*20080623
CTP**UCP*.55
SDQ*EA*ZZ*5023*2
ZA*QS***006*20080624
CTP**UCP*.55
SDQ*EA*ZZ*3143*5*3223*1*3644*1*3701*1*3876*1*3886*1*3966*1*4071*7*4244*40*4719*10
SDQ*EA*ZZ*7045*1*7208*2*9560*2*9758*2
LIN**IN*097095711*ZZ*43*UP*831664000255*****DG*5*VS*00000
ZA*QS***006*20080624
CTP**UCP*.55
SDQ*EA*ZZ*7629*2
CTT*2
SE*17*0022
ST*852*0023
XQ*H*20080625
N9*AD*T00000040
LIN**IN*097095811*ZZ*43*UP*831664000699*****DG*1*VS*00000
ZA*QS***006*20080623
CTP**UCP*.55
SDQ*EA*ZZ*5023*7
ZA*QS***006*20080624
CTP**UCP*.55
SDQ*EA*ZZ*3084*43*3223*4*3644*3*3713*4*3715*6*3941*6*3996*2*4093*35*4244*7*4717*9
SDQ*EA*ZZ*4719*3*7358*10*7607*1*7754*4*9547*1*9728*3*9758*5
CTT*1
SE*13*0023
ST*852*0024
XQ*H*20080625
N9*AD*T00000040
LIN**IN*097095911*ZZ*43*UP*831664000675*****DG*1*VS*00000
ZA*QS***006*20080623
CTP**UCP*1.27
SDQ*EA*ZZ*5023*4
LIN**IN*097095911*ZZ*43*UP*831664000675*****DG*3*VS*00000
ZA*QS***006*20080623
CTP**UCP*1.27
SDQ*EA*ZZ*5014*1
LIN**IN*097095911*ZZ*43*UP*831664000675*****DG*1*VS*00000
ZA*QS***006*20080624
CTP**UCP*1.27
SDQ*EA*ZZ*3084*4*3143*3*3645*8*3646*1*3703*8*3886*2*3978*1*4198*5*4202*4*4719*1
SDQ*EA*ZZ*4758*2*4760*2*4769*4*4817*1*4970*6*7064*1*7154*1*7208*1*7255*2*7274*3
SDQ*EA*ZZ*7358*1*7407*2*7461*1*7558*1*7629*2*7718*4*9547*2*9563*8*9621*3*9625*2
SDQ*EA*ZZ*9629*6*9674*1
LIN**IN*097095911*ZZ*43*UP*831664000675*****DG*8*VS*00000
ZA*QS***006*20080624
CTP**UCP*1.27
SDQ*EA*ZZ*3836*14
CTT*4
SE*24*0024
ST*852*0025
XQ*H*20080625
N9*AD*T00000040
LIN**IN*097096011*ZZ*43*UP*831664000682*****DG*1*VS*00000
ZA*QS***006*20080623
CTP**UCP*1.27
SDQ*EA*ZZ*5023*2
ZA*QS***006*20080624
CTP**UCP*1.27
SDQ*EA*ZZ*3022*2*3063*2*3240*5*3289*1*3359*2*3632*7*3646*5*3672*3*3715*3*3822*5
SDQ*EA*ZZ*3852*1*3876*2*3886*2*3941*1*3994*2*4093*1*4103*1*4202*1*4719*3*7045*3
SDQ*EA*ZZ*7069*1*7154*1*7353*2*7382*1*7388*1*7461*1*7610*2*9129*1*9560*2*9633*1
SDQ*EA*ZZ*9714*1*9758*1
CTT*1
SE*15*0025
ST*852*0026
XQ*H*20080625
N9*AD*T00000040
LIN**IN*097096111*ZZ*43*UP*831664000330*****DG*1*VS*00000
ZA*QS***006*20080623
CTP**UCP*1.27
SDQ*EA*ZZ*5023*3
LIN**IN*097096111*ZZ*43*UP*831664000330*****DG*3*VS*00000
ZA*QS***006*20080623
CTP**UCP*1.27
SDQ*EA*ZZ*5014*4
LIN**IN*097096111*ZZ*43*UP*831664000330*****DG*1*VS*00000
ZA*QS***006*20080624
CTP**UCP*1.27
SDQ*EA*ZZ*3022*18*3063*2*3083*2*3084*7*3143*5*3147*3*3253*3*3359*3*3408*1*3632*5
SDQ*EA*ZZ*3644*1*3645*1*3646*25*3661*8*3703*10*3713*4*3715*15*3773*1*3808*8*3822*8
SDQ*EA*ZZ*3848*1*3876*2*3886*3*3941*6*3967*1*3975*2*3978*3*3996*3*4093*50*4103*23
SDQ*EA*ZZ*4137*5*4198*1*4202*9*4244*58*4475*3*4717*1*4719*35*4739*2*4757*2*4817*10
SDQ*EA*ZZ*4866*6*4872*28*4970*13*7043*3*7064*1*7069*1*7132*2*7208*29*7255*27*7274*1
SDQ*EA*ZZ*7278*3*7353*22*7354*1*7358*36*7382*4*7388*3*7407*1*7461*4*7607*16*7610*2
SDQ*EA*ZZ*7626*14*7629*3*7718*5*9129*2*9217*2*9320*7*9547*1*9563*9*9621*29*9625*1
SDQ*EA*ZZ*9629*3*9633*33*9639*3*9648*14*9674*5*9728*2*9758*23
LIN**IN*097096111*ZZ*43*UP*831664000330*****DG*3*VS*00000
ZA*QS***006*20080624
CTP**UCP*1.27
SDQ*EA*ZZ*4883*6
LIN**IN*097096111*ZZ*43*UP*831664000330*****DG*5*VS*00000
ZA*QS***006*20080624
CTP**UCP*1.27
SDQ*EA*ZZ*4093*4
CTT*5
SE*32*0026
ST*852*0027
XQ*H*20080625
N9*AD*T00000040
LIN**IN*097096211*ZZ*43*UP*831664000941*****DG*1*VS*00000
ZA*QS***006*20080624
CTP**UCP*1.27
SDQ*EA*ZZ*3289*1*3645*1*3661*5*3703*1*3876*3*3941*6*3975*1*3978*3*4244*1*4717*4
SDQ*EA*ZZ*4719*4*4777*4*4817*1*4866*1*7064*1*7358*9*9621*3
CTT*1
SE*10*0027
ST*852*0028
XQ*H*20080625
N9*AD*T00000040
LIN**IN*097096311*ZZ*43*UP*831664000743*****DG*1*VS*00000
ZA*QS***006*20080624
CTP**UCP*2
SDQ*EA*ZZ*3773*1*3808*4*3978*2*4777*1*7358*1*7362*1*7382*2*7607*1*9129*1
LIN**IN*097096311*ZZ*43*UP*831664000743*****DG*3*VS*00000
ZA*QS***006*20080624
CTP**UCP*2
SDQ*EA*ZZ*4883*3
CTT*2
SE*13*0028
ST*852*0029
XQ*H*20080625
N9*AD*T00000040
LIN**IN*097096411*ZZ*43*UP*831664000453*****DG*1*VS*00000
ZA*QS***006*20080624
CTP**UCP*3.5
SDQ*EA*ZZ*3022*1*3083*4*3143*6*3147*9*3348*1*3359*1*3632*1*3644*2*3646*17*3675*1
SDQ*EA*ZZ*3773*10*3822*1*3886*1*3941*2*3975*1*3978*4*3996*5*4033*12*4093*12*4103*4
SDQ*EA*ZZ*4112*1*4137*1*4198*2*4244*7*4475*1*4717*2*4719*3*4758*2*4769*1*4817*12
SDQ*EA*ZZ*4866*1*4872*3*4898*1*4970*2*7063*1*7132*1*7154*2*7208*2*7255*2*7274*2
SDQ*EA*ZZ*7353*3*7358*12*7362*2*7382*1*7460*2*7607*3*7610*14*7622*6*7626*2*7629*4
SDQ*EA*ZZ*7718*1*9320*1*9513*2*9560*2*9563*2*9625*6*9629*6*9633*2*9648*1*9657*2
SDQ*EA*ZZ*9758*2
LIN**IN*097096411*ZZ*43*UP*831664000453*****DG*5*VS*00000
ZA*QS***006*20080624
CTP**UCP*3.5
SDQ*EA*ZZ*3289*-1*3966*-2*4112*-1
CTT*2
SE*19*0029
ST*852*0030
XQ*H*20080625
N9*AD*T00000040
LIN**IN*097096511*ZZ*43*UP*831664000460*****DG*1*VS*00000
ZA*QS***006*20080623
CTP**UCP*3.5
SDQ*EA*ZZ*5014*-1
LIN**IN*097096511*ZZ*43*UP*831664000460*****DG*3*VS*00000
ZA*QS***006*20080623
CTP**UCP*3.5
SDQ*EA*ZZ*5014*3
LIN**IN*097096511*ZZ*43*UP*831664000460*****DG*1*VS*00000
ZA*QS***006*20080624
CTP**UCP*3.5
SDQ*EA*ZZ*3022*12*3063*2*3083*1*3084*5*3143*9*3147*12*3240*1*3253*1*3289*1*3359*2
SDQ*EA*ZZ*3632*4*3646*14*3685*1*3703*39*3713*2*3715*19*3773*1*3848*2*3852*1*3941*10
SDQ*EA*ZZ*3978*15*3996*4*4033*8*4071*1*4093*17*4103*16*4112*3*4137*13*4198*1*4202*1
SDQ*EA*ZZ*4244*23*4717*14*4719*16*4757*2*4760*1*4817*2*4866*10*4872*12*4970*12*7063*1
SDQ*EA*ZZ*7069*2*7132*5*7208*7*7255*4*7274*2*7353*7*7354*2*7358*29*7407*1*7558*3
SDQ*EA*ZZ*7607*13*7610*14*7622*7*7626*1*7629*5*7718*1*9217*2*9547*3*9563*1*9571*1
SDQ*EA*ZZ*9621*15*9625*14*9633*7*9639*1*9648*15*9657*1*9674*6*9714*1*9758*8
LIN**IN*097096511*ZZ*43*UP*831664000460*****DG*5*VS*00000
ZA*QS***006*20080624
CTP**UCP*3.5
SDQ*EA*ZZ*3966*-1*4112*-1
CTT*4
SE*27*0030
ST*852*0031
XQ*H*20080625
N9*AD*T00000040
LIN**IN*097096711*ZZ*43*UP*831664000484*****DG*1*VS*00000
ZA*QS***006*20080624
CTP**UCP*4.95
SDQ*EA*ZZ*3022*6*3084*3*3147*1*3359*3*3632*1*3646*4*3703*9*3715*7*3836*1*3886*1
SDQ*EA*ZZ*3941*7*4093*5*4103*4*4244*5*4717*5*4719*4*4835*1*4970*2*7045*1*7132*5
SDQ*EA*ZZ*7255*8*7354*5*7358*6*7461*3*7607*6*7610*2*7629*3*9513*2*9547*1*9633*1
SDQ*EA*ZZ*9648*2*9674*3
LIN**IN*097096711*ZZ*43*UP*831664000484*****DG*5*VS*00000
ZA*QS***006*20080624
CTP**UCP*4.95
SDQ*EA*ZZ*4769*1
LIN**IN*097096711*ZZ*43*UP*831664000484*****DG*6*VS*00000
ZA*QS***006*20080624
CTP**UCP*4.95
SDQ*EA*ZZ*7353*1
LIN**IN*097096711*ZZ*43*UP*831664000484*****DG*9*VS*00000
ZA*QS***006*20080624
CTP**UCP*4.95
SDQ*EA*ZZ*4202*1
CTT*4
SE*24*0031
ST*852*0032
XQ*H*20080625
N9*AD*T00000040
LIN**IN*097096911*ZZ*43*UP*831664000491*****DG*1*VS*00000
ZA*QS***006*20080624
CTP**UCP*5.75
SDQ*EA*ZZ*4835*1
CTT*1
SE*9*0032
ST*852*0033
XQ*H*20080625
N9*AD*T00000040
LIN**IN*097097011*ZZ*43*UP*831664000859*****DG*1*VS*00000
ZA*QS***006*20080624
CTP**UCP*2.7
SDQ*EA*ZZ*3084*1*3147*4*3703*22*3715*3*4093*12*7353*1*7354*3*7358*3*7607*1*7718*12
SDQ*EA*ZZ*9513*2
CTT*1
SE*10*0033
ST*852*0034
XQ*H*20080625
N9*AD*T00000040
LIN**IN*097097211*ZZ*43*UP*831664000651*****DG*1*VS*00000
ZA*QS***006*20080624
CTP**UCP*1.55
SDQ*EA*ZZ*3063*4*3703*1*4769*2*7063*1
CTT*1
SE*9*0034
ST*852*0035
XQ*H*20080625
N9*AD*T00000040
LIN**IN*097097511*ZZ*43*UP*831664000910*****DG*1*VS*00000
ZA*QS***006*20080624
CTP**UCP*6.9
SDQ*EA*ZZ*3646*1*3703*1*3773*2*3941*4*4244*3*4717*2*4970*2*7208*1*7255*2*7358*2
SDQ*EA*ZZ*7461*1*7610*1*9674*4
LIN**IN*097097511*ZZ*43*UP*831664000910*****DG*5*VS*00000
ZA*QS***006*20080624
CTP**UCP*6.9
SDQ*EA*ZZ*7622*1*9621*1
LIN**IN*097097511*ZZ*43*UP*831664000910*****DG*8*VS*00000
ZA*QS***006*20080624
CTP**UCP*6.9
SDQ*EA*ZZ*4244*1
CTT*3
SE*18*0035
ST*852*0036
XQ*H*20080625
N9*AD*T00000040
LIN**IN*097098511*ZZ*43*UP*831664001016*****DG*1*VS*00000
ZA*QS***006*20080624
CTP**UCP*2
SDQ*EA*ZZ*9648*2
LIN**IN*097098511*ZZ*43*UP*831664001016*****DG*8*VS*00000
ZA*QS***006*20080624
CTP**UCP*2
SDQ*EA*ZZ*9648*3
CTT*2
SE*13*0036
GE*36*386
IEA*1*000000386
ISA*00*          *00*          *09*006985290EFT   *12*6154525825     *080624*1811*U*00400*001000123*0*P*>
GS*RA*006985290EFT*6154525825*20080624*1811*1000123*X*004010
ST*820*0001
BPR*I*0.01*C*ACH*CCP*01*061209756*DA*2079900567397*9008965873**01*064102601*DA*3000289*20080626*VEN
TRN*3*80000916*9008965873
DTM*097*20080624
N1*PR*KMART CORPORATION*1*008965873
N1*PE*YOUNGS FARMS*92*00069099588
N1*SE*YOUNGS FARMS*92*00069099588
SE*8*0001
GE*1*1000123
IEA*1*001000123
*** SUPERTRACS READY FOR INPUT
