ISA*00*          *00*          *09*006985290EFT   *12*6154525825     *070126*2239*U*00400*001000058*0*P*>
GS*RA*006985290EFT*6154525825*20070126*2239*1000058*X*004010
ST*820*0001
BPR*I*186.11*C*ACH*CCP*01*021000018*DA*0300955622*9008965873**01*064102601*DA*3000289*20070130*VEN
TRN*3*770210009*9008965873
DTM*097*20070126
N1*PR*KMART CORPORATION*1*008965873
N1*PE*YOUNGS FARMS*92*00069099588
N1*SE*YOUNGS FARMS*92*00069099588
ENT*1
RMR*IK*306320061228*PI*18.88*18.88*0
REF*PO*0020061229
REF*ST*03063
REF*DP*043
DTM*999*20061228
RMR*IK*306320061229*PI*4.44*4.44*0
REF*PO*0020061230
REF*ST*03063
REF*DP*043
DTM*999*20061229
RMR*IK*306320061230*PI*3.9*3.9*0
REF*PO*0020061231
REF*ST*03063
REF*DP*043
DTM*999*20061230
RMR*IK*306320070102*PI*1.95*1.95*0
REF*PO*0020070103
REF*ST*03063
REF*DP*043
DTM*999*20070102
RMR*IK*314320061228*PI*5.92*5.92*0
REF*PO*0020061229
REF*ST*03143
REF*DP*043
DTM*999*20061228
RMR*IK*334820070102*PI*2.6*2.6*0
REF*PO*0020070103
REF*ST*03348
REF*DP*043
DTM*999*20070102
RMR*IK*340820070101*PI*1.48*1.48*0
REF*PO*0020070102
REF*ST*03408
REF*DP*043
DTM*999*20070101
RMR*IK*364620061228*PI*1.3*1.3*0
REF*PO*0020061229
REF*ST*03646
REF*DP*043
DTM*999*20061228
RMR*IK*364620061229*PI*3.25*3.25*0
REF*PO*0020061230
REF*ST*03646
REF*DP*043
DTM*999*20061229
RMR*IK*364620061230*PI*2.6*2.6*0
REF*PO*0020061231
REF*ST*03646
REF*DP*043
DTM*999*20061230
RMR*IK*364620061231*PI*1.3*1.3*0
REF*PO*0020070101
REF*ST*03646
REF*DP*043
DTM*999*20061231
RMR*IK*364620070101*PI*.65*.65*0
REF*PO*0020070102
REF*ST*03646
REF*DP*043
DTM*999*20070101
RMR*IK*364620070102*PI*2.6*2.6*0
REF*PO*0020070103
REF*ST*03646
REF*DP*043
DTM*999*20070102
RMR*IK*366120061230*PI*3.95*3.95*0
REF*PO*0020061231
REF*ST*03661
REF*DP*043
DTM*999*20061230
RMR*IK*390520061229*PI*2.96*2.96*0
REF*PO*0020061230
REF*ST*03905
REF*DP*043
DTM*999*20061229
RMR*IK*390520070102*PI*2.96*2.96*0
REF*PO*0020070103
REF*ST*03905
REF*DP*043
DTM*999*20070102
RMR*IK*393920061230*PI*2.24*2.24*0
REF*PO*0020061231
REF*ST*03939
REF*DP*043
DTM*999*20061230
RMR*IK*410320061228*PI*1.05*1.05*0
REF*PO*0020061229
REF*ST*04103
REF*DP*043
DTM*999*20061228
RMR*IK*410320061230*PI*.35*.35*0
REF*PO*0020061231
REF*ST*04103
REF*DP*043
DTM*999*20061230
RMR*IK*424420061228*PI*4.55*4.55*0
REF*PO*0020061229
REF*ST*04244
REF*DP*043
DTM*999*20061228
RMR*IK*424420061229*PI*1.95*1.95*0
REF*PO*0020061230
REF*ST*04244
REF*DP*043
DTM*999*20061229
RMR*IK*424420061230*PI*2.13*2.13*0
REF*PO*0020061231
REF*ST*04244
REF*DP*043
DTM*999*20061230
RMR*IK*424420061231*PI*1.95*1.95*0
REF*PO*0020070101
REF*ST*04244
REF*DP*043
DTM*999*20061231
RMR*IK*424420070101*PI*1.48*1.48*0
REF*PO*0020070102
REF*ST*04244
REF*DP*043
DTM*999*20070101
RMR*IK*424420070102*PI*1.48*1.48*0
REF*PO*0020070103
REF*ST*04244
REF*DP*043
DTM*999*20070102
RMR*IK*424420070103*PI*1.48*1.48*0
REF*PO*0020070104
REF*ST*04244
REF*DP*043
DTM*999*20070103
RMR*IK*431220061228*PI*13.4*13.4*0
REF*PO*0020061229
REF*ST*04312
REF*DP*043
DTM*999*20061228
RMR*IK*431220061229*PI*19.24*19.24*0
REF*PO*0020061230
REF*ST*04312
REF*DP*043
DTM*999*20061229
RMR*IK*431220061230*PI*14.8*14.8*0
REF*PO*0020061231
REF*ST*04312
REF*DP*043
DTM*999*20061230
RMR*IK*431220061231*PI*3*3*0
REF*PO*0020070101
REF*ST*04312
REF*DP*043
DTM*999*20061231
RMR*IK*431220070101*PI*10.36*10.36*0
REF*PO*0020070102
REF*ST*04312
REF*DP*043
DTM*999*20070101
RMR*IK*471720061228*PI*3.25*3.25*0
REF*PO*0020061229
REF*ST*04717
REF*DP*043
DTM*999*20061228
RMR*IK*471720061229*PI*1.3*1.3*0
REF*PO*0020061230
REF*ST*04717
REF*DP*043
DTM*999*20061229
RMR*IK*471720061230*PI*7.8*7.8*0
REF*PO*0020061231
REF*ST*04717
REF*DP*043
DTM*999*20061230
RMR*IK*471920061229*PI*2.1*2.1*0
REF*PO*0020061230
REF*ST*04719
REF*DP*043
DTM*999*20061229
RMR*IK*471920061231*PI*2.1*2.1*0
REF*PO*0020070101
REF*ST*04719
REF*DP*043
DTM*999*20061231
RMR*IK*471920070102*PI*.35*.35*0
REF*PO*0020070103
REF*ST*04719
REF*DP*043
DTM*999*20070102
RMR*IK*476920061229*PI*1.48*1.48*0
REF*PO*0020061230
REF*ST*04769
REF*DP*043
DTM*999*20061229
RMR*IK*725520061228*PI*.65*.65*0
REF*PO*0020061229
REF*ST*07255
REF*DP*043
DTM*999*20061228
RMR*IK*725520061229*PI*.65*.65*0
REF*PO*0020061230
REF*ST*07255
REF*DP*043
DTM*999*20061229
RMR*IK*725520061230*PI*.65*.65*0
REF*PO*0020061231
REF*ST*07255
REF*DP*043
DTM*999*20061230
RMR*IK*962220061228*PI*3.83*3.83*0
REF*PO*0020061229
REF*ST*09622
REF*DP*043
DTM*999*20061228
RMR*IK*962220061229*PI*7.25*7.25*0
REF*PO*0020061230
REF*ST*09622
REF*DP*043
DTM*999*20061229
RMR*IK*962220070102*PI*7.25*7.25*0
REF*PO*0020070103
REF*ST*09622
REF*DP*043
DTM*999*20070102
RMR*IK*962220070103*PI*7.25*7.25*0
REF*PO*0020070104
REF*ST*09622
REF*DP*043
DTM*999*20070103
SE*234*0001
GE*1*1000058
IEA*1*001000058
*** SUPERTRACS READY FOR INPUT
