ISA*00*          *00*          *09*006985290EFT   *12*6154525825     *051003*1441*U*00400*000100301*0*P*>
GS*RA*006985290EFT*6154525825*20051003*14412741*100210*X*004010
ST*820*000000001
BPR*I*5589.73*C*ACH*CCP*01*021000018*DA*0300955622*9008965873**01*064102601*DA*3000289*20051004*VEN
TRN*3*770141753*9008965873
DTM*097*20051003
N1*PR*KMART CORPORATION*1*008965873
N1*PE*YOUNGS FARMS*92*00069099588
N1*SE*YOUNGS FARMS*92*00069099588
ENT*1
RMR*IK*306320050903*PI*4.2*4.2*0
REF*PO*0020050904
REF*ST*03063
REF*DP*043
DTM*999*20050903
RMR*IK*306320050905*PI*4.2*4.2*0
REF*PO*0020050906
REF*ST*03063
REF*DP*043
DTM*999*20050905
RMR*IK*306320050906*PI*21.9*21.9*0
REF*PO*0020050907
REF*ST*03063
REF*DP*043
DTM*999*20050906
RMR*IK*306320050907*PI*6.3*6.3*0
REF*PO*0020050908
REF*ST*03063
REF*DP*043
DTM*999*20050907
RMR*IK*308320050902*PI*2.1*2.1*0
REF*PO*0020050903
REF*ST*03083
REF*DP*043
DTM*999*20050902
RMR*IK*308320050903*PI*35.7*35.7*0
REF*PO*0020050904
REF*ST*03083
REF*DP*043
DTM*999*20050903
RMR*IK*308320050904*PI*2.1*2.1*0
REF*PO*0020050905
REF*ST*03083
REF*DP*043
DTM*999*20050904
RMR*IK*308320050905*PI*27.3*27.3*0
REF*PO*0020050906
REF*ST*03083
REF*DP*043
DTM*999*20050905
RMR*IK*308320050906*PI*12.6*12.6*0
REF*PO*0020050907
REF*ST*03083
REF*DP*043
DTM*999*20050906
RMR*IK*308320050907*PI*63.6*63.6*0
REF*PO*0020050908
REF*ST*03083
REF*DP*043
DTM*999*20050907
RMR*IK*308420050901*PI*4.2*4.2*0
REF*PO*0020050902
REF*ST*03084
REF*DP*043
DTM*999*20050901
RMR*IK*308420050902*PI*21.9*21.9*0
REF*PO*0020050903
REF*ST*03084
REF*DP*043
DTM*999*20050902
RMR*IK*308420050903*PI*27.3*27.3*0
REF*PO*0020050904
REF*ST*03084
REF*DP*043
DTM*999*20050903
RMR*IK*308420050904*PI*31.95*31.95*0
REF*PO*0020050905
REF*ST*03084
REF*DP*043
DTM*999*20050904
RMR*IK*308420050905*PI*29.85*29.85*0
REF*PO*0020050906
REF*ST*03084
REF*DP*043
DTM*999*20050905
RMR*IK*308420050906*PI*14.7*14.7*0
REF*PO*0020050907
REF*ST*03084
REF*DP*043
DTM*999*20050906
RMR*IK*308420050907*PI*4.2*4.2*0
REF*PO*0020050908
REF*ST*03084
REF*DP*043
DTM*999*20050907
RMR*IK*310320050901*PI*14.7*14.7*0
REF*PO*0020050902
REF*ST*03103
REF*DP*043
DTM*999*20050901
RMR*IK*310320050902*PI*16.8*16.8*0
REF*PO*0020050903
REF*ST*03103
REF*DP*043
DTM*999*20050902
RMR*IK*310320050903*PI*32.4*32.4*0
REF*PO*0020050904
REF*ST*03103
REF*DP*043
DTM*999*20050903
RMR*IK*310320050904*PI*8.4*8.4*0
REF*PO*0020050905
REF*ST*03103
REF*DP*043
DTM*999*20050904
RMR*IK*310320050905*PI*37.8*37.8*0
REF*PO*0020050906
REF*ST*03103
REF*DP*043
DTM*999*20050905
RMR*IK*313720050903*PI*7.5*7.5*0
REF*PO*0020050904
REF*ST*03137
REF*DP*043
DTM*999*20050903
RMR*IK*313720050904*PI*3.75*3.75*0
REF*PO*0020050905
REF*ST*03137
REF*DP*043
DTM*999*20050904
RMR*IK*314320050906*PI*6.3*6.3*0
REF*PO*0020050907
REF*ST*03143
REF*DP*043
DTM*999*20050906
RMR*IK*314320050907*PI*35.7*35.7*0
REF*PO*0020050908
REF*ST*03143
REF*DP*043
DTM*999*20050907
RMR*IK*319420050907*PI*4.2*4.2*0
REF*PO*0020050908
REF*ST*03194
REF*DP*043
DTM*999*20050907
RMR*IK*324120050902*PI*15*15*0
REF*PO*0020050903
REF*ST*03241
REF*DP*043
DTM*999*20050902
RMR*IK*324120050904*PI*20*20*0
REF*PO*0020050905
REF*ST*03241
REF*DP*043
DTM*999*20050904
RMR*IK*324120050905*PI*3.75*3.75*0
REF*PO*0020050906
REF*ST*03241
REF*DP*043
DTM*999*20050905
RMR*IK*324120050907*PI*5*5*0
REF*PO*0020050908
REF*ST*03241
REF*DP*043
DTM*999*20050907
RMR*IK*334820050905*PI*26.1*26.1*0
REF*PO*0020050906
REF*ST*03348
REF*DP*043
DTM*999*20050905
RMR*IK*334820050907*PI*6.3*6.3*0
REF*PO*0020050908
REF*ST*03348
REF*DP*043
DTM*999*20050907
RMR*IK*335920050904*PI*2.1*2.1*0
REF*PO*0020050905
REF*ST*03359
REF*DP*043
DTM*999*20050904
RMR*IK*335920050905*PI*6.75*6.75*0
REF*PO*0020050906
REF*ST*03359
REF*DP*043
DTM*999*20050905
RMR*IK*335920050906*PI*33.6*33.6*0
REF*PO*0020050907
REF*ST*03359
REF*DP*043
DTM*999*20050906
RMR*IK*335920050907*PI*8.4*8.4*0
REF*PO*0020050908
REF*ST*03359
REF*DP*043
DTM*999*20050907
RMR*IK*340820050904*PI*10.5*10.5*0
REF*PO*0020050905
REF*ST*03408
REF*DP*043
DTM*999*20050904
RMR*IK*340820050905*PI*23.1*23.1*0
REF*PO*0020050906
REF*ST*03408
REF*DP*043
DTM*999*20050905
RMR*IK*340820050906*PI*2.1*2.1*0
REF*PO*0020050907
REF*ST*03408
REF*DP*043
DTM*999*20050906
RMR*IK*340820050907*PI*40.05*40.05*0
REF*PO*0020050908
REF*ST*03408
REF*DP*043
DTM*999*20050907
RMR*IK*342220050903*PI*5*5*0
REF*PO*0020050904
REF*ST*03422
REF*DP*043
DTM*999*20050903
RMR*IK*342220050904*PI*3.75*3.75*0
REF*PO*0020050905
REF*ST*03422
REF*DP*043
DTM*999*20050904
RMR*IK*342220050905*PI*23.75*23.75*0
REF*PO*0020050906
REF*ST*03422
REF*DP*043
DTM*999*20050905
RMR*IK*342220050906*PI*3.75*3.75*0
REF*PO*0020050907
REF*ST*03422
REF*DP*043
DTM*999*20050906
RMR*IK*360220050902*PI*4.95*4.95*0
REF*PO*0020050903
REF*ST*03602
REF*DP*043
DTM*999*20050902
RMR*IK*360220050907*PI*4.95*4.95*0
REF*PO*0020050908
REF*ST*03602
REF*DP*043
DTM*999*20050907
RMR*IK*364420050902*PI*13.05*13.05*0
REF*PO*0020050903
REF*ST*03644
REF*DP*043
DTM*999*20050902
RMR*IK*364420050903*PI*2.1*2.1*0
REF*PO*0020050904
REF*ST*03644
REF*DP*043
DTM*999*20050903
RMR*IK*364420050904*PI*14.7*14.7*0
REF*PO*0020050905
REF*ST*03644
REF*DP*043
DTM*999*20050904
RMR*IK*364420050906*PI*6.3*6.3*0
REF*PO*0020050907
REF*ST*03644
REF*DP*043
DTM*999*20050906
RMR*IK*364420050907*PI*6.3*6.3*0
REF*PO*0020050908
REF*ST*03644
REF*DP*043
DTM*999*20050907
RMR*IK*364620050901*PI*4.2*4.2*0
REF*PO*0020050902
REF*ST*03646
REF*DP*043
DTM*999*20050901
RMR*IK*364620050902*PI*14.7*14.7*0
REF*PO*0020050903
REF*ST*03646
REF*DP*043
DTM*999*20050902
RMR*IK*364620050903*PI*30.3*30.3*0
REF*PO*0020050904
REF*ST*03646
REF*DP*043
DTM*999*20050903
RMR*IK*364620050904*PI*6.3*6.3*0
REF*PO*0020050905
REF*ST*03646
REF*DP*043
DTM*999*20050904
RMR*IK*364620050905*PI*38.25*38.25*0
REF*PO*0020050906
REF*ST*03646
REF*DP*043
DTM*999*20050905
RMR*IK*364620050906*PI*4.2*4.2*0
REF*PO*0020050907
REF*ST*03646
REF*DP*043
DTM*999*20050906
RMR*IK*364620050907*PI*23.1*23.1*0
REF*PO*0020050908
REF*ST*03646
REF*DP*043
DTM*999*20050907
RMR*IK*367220050907*PI*6.75*6.75*0
REF*PO*0020050908
REF*ST*03672
REF*DP*043
DTM*999*20050907
RMR*IK*370320050902*PI*31.2*31.2*0
REF*PO*0020050903
REF*ST*03703
REF*DP*043
DTM*999*20050902
RMR*IK*370320050903*PI*19.35*19.35*0
REF*PO*0020050904
REF*ST*03703
REF*DP*043
DTM*999*20050903
RMR*IK*370320050904*PI*42.9*42.9*0
REF*PO*0020050905
REF*ST*03703
REF*DP*043
DTM*999*20050904
RMR*IK*370320050905*PI*42.6*42.6*0
REF*PO*0020050906
REF*ST*03703
REF*DP*043
DTM*999*20050905
RMR*IK*370320050906*PI*10.5*10.5*0
REF*PO*0020050907
REF*ST*03703
REF*DP*043
DTM*999*20050906
RMR*IK*370320050907*PI*64.05*64.05*0
REF*PO*0020050908
REF*ST*03703
REF*DP*043
DTM*999*20050907
RMR*IK*371520050901*PI*56.85*56.85*0
REF*PO*0020050902
REF*ST*03715
REF*DP*043
DTM*999*20050901
RMR*IK*371520050902*PI*4.2*4.2*0
REF*PO*0020050903
REF*ST*03715
REF*DP*043
DTM*999*20050902
RMR*IK*371520050903*PI*6.3*6.3*0
REF*PO*0020050904
REF*ST*03715
REF*DP*043
DTM*999*20050903
RMR*IK*371520050904*PI*27.3*27.3*0
REF*PO*0020050905
REF*ST*03715
REF*DP*043
DTM*999*20050904
RMR*IK*371520050905*PI*32.4*32.4*0
REF*PO*0020050906
REF*ST*03715
REF*DP*043
DTM*999*20050905
RMR*IK*371520050906*PI*6.3*6.3*0
REF*PO*0020050907
REF*ST*03715
REF*DP*043
DTM*999*20050906
RMR*IK*375820050902*PI*6.3*6.3*0
REF*PO*0020050903
REF*ST*03758
REF*DP*043
DTM*999*20050902
RMR*IK*375820050903*PI*13.4*13.4*0
REF*PO*0020050904
REF*ST*03758
REF*DP*043
DTM*999*20050903
RMR*IK*375820050904*PI*8.75*8.75*0
REF*PO*0020050905
REF*ST*03758
REF*DP*043
DTM*999*20050904
RMR*IK*375820050905*PI*28.85*28.85*0
REF*PO*0020050906
REF*ST*03758
REF*DP*043
DTM*999*20050905
RMR*IK*375820050906*PI*3.75*3.75*0
REF*PO*0020050907
REF*ST*03758
REF*DP*043
DTM*999*20050906
RMR*IK*375820050907*PI*7.95*7.95*0
REF*PO*0020050908
REF*ST*03758
REF*DP*043
DTM*999*20050907
RMR*IK*375920050901*PI*3.75*3.75*0
REF*PO*0020050902
REF*ST*03759
REF*DP*043
DTM*999*20050901
RMR*IK*375920050902*PI*39.4*39.4*0
REF*PO*0020050903
REF*ST*03759
REF*DP*043
DTM*999*20050902
RMR*IK*375920050903*PI*21*21*0
REF*PO*0020050904
REF*ST*03759
REF*DP*043
DTM*999*20050903
RMR*IK*375920050904*PI*5*5*0
REF*PO*0020050905
REF*ST*03759
REF*DP*043
DTM*999*20050904
RMR*IK*375920050905*PI*17.1*17.1*0
REF*PO*0020050906
REF*ST*03759
REF*DP*043
DTM*999*20050905
RMR*IK*375920050906*PI*16.8*16.8*0
REF*PO*0020050907
REF*ST*03759
REF*DP*043
DTM*999*20050906
RMR*IK*381220050905*PI*5*5*0
REF*PO*0020050906
REF*ST*03812
REF*DP*043
DTM*999*20050905
RMR*IK*381220050907*PI*2.5*2.5*0
REF*PO*0020050908
REF*ST*03812
REF*DP*043
DTM*999*20050907
RMR*IK*382220050901*PI*10.5*10.5*0
REF*PO*0020050902
REF*ST*03822
REF*DP*043
DTM*999*20050901
RMR*IK*382220050902*PI*65.25*65.25*0
REF*PO*0020050903
REF*ST*03822
REF*DP*043
DTM*999*20050902
RMR*IK*382220050903*PI*30.3*30.3*0
REF*PO*0020050904
REF*ST*03822
REF*DP*043
DTM*999*20050903
RMR*IK*382220050905*PI*8.4*8.4*0
REF*PO*0020050906
REF*ST*03822
REF*DP*043
DTM*999*20050905
RMR*IK*382220050907*PI*8.4*8.4*0
REF*PO*0020050908
REF*ST*03822
REF*DP*043
DTM*999*20050907
RMR*IK*383620050903*PI*13.5*13.5*0
REF*PO*0020050904
REF*ST*03836
REF*DP*043
DTM*999*20050903
RMR*IK*383620050904*PI*13.5*13.5*0
REF*PO*0020050905
REF*ST*03836
REF*DP*043
DTM*999*20050904
RMR*IK*383620050905*PI*8.4*8.4*0
REF*PO*0020050906
REF*ST*03836
REF*DP*043
DTM*999*20050905
RMR*IK*383620050906*PI*23.1*23.1*0
REF*PO*0020050907
REF*ST*03836
REF*DP*043
DTM*999*20050906
RMR*IK*384820050903*PI*4.2*4.2*0
REF*PO*0020050904
REF*ST*03848
REF*DP*043
DTM*999*20050903
RMR*IK*384820050904*PI*8.4*8.4*0
REF*PO*0020050905
REF*ST*03848
REF*DP*043
DTM*999*20050904
RMR*IK*384820050905*PI*8.4*8.4*0
REF*PO*0020050906
REF*ST*03848
REF*DP*043
DTM*999*20050905
RMR*IK*384820050906*PI*2.1*2.1*0
REF*PO*0020050907
REF*ST*03848
REF*DP*043
DTM*999*20050906
RMR*IK*387620050903*PI*4.2*4.2*0
REF*PO*0020050904
REF*ST*03876
REF*DP*043
DTM*999*20050903
RMR*IK*387620050905*PI*4.2*4.2*0
REF*PO*0020050906
REF*ST*03876
REF*DP*043
DTM*999*20050905
RMR*IK*387620050906*PI*2.1*2.1*0
REF*PO*0020050907
REF*ST*03876
REF*DP*043
DTM*999*20050906
RMR*IK*392920050906*PI*.58*.58*0
REF*PO*0020050907
REF*ST*03929
REF*DP*043
DTM*999*20050906
RMR*IK*393120050905*PI*23.55*23.55*0
REF*PO*0020050906
REF*ST*03931
REF*DP*043
DTM*999*20050905
RMR*IK*393120050906*PI*17.7*17.7*0
REF*PO*0020050907
REF*ST*03931
REF*DP*043
DTM*999*20050906
RMR*IK*393120050907*PI*2.1*2.1*0
REF*PO*0020050908
REF*ST*03931
REF*DP*043
DTM*999*20050907
RMR*IK*393420050902*PI*13.75*13.75*0
REF*PO*0020050903
REF*ST*03934
REF*DP*043
DTM*999*20050902
RMR*IK*393420050904*PI*1.25*1.25*0
REF*PO*0020050905
REF*ST*03934
REF*DP*043
DTM*999*20050904
RMR*IK*393420050905*PI*7.5*7.5*0
REF*PO*0020050906
REF*ST*03934
REF*DP*043
DTM*999*20050905
RMR*IK*393420050907*PI*3.75*3.75*0
REF*PO*0020050908
REF*ST*03934
REF*DP*043
DTM*999*20050907
RMR*IK*394120050901*PI*27.75*27.75*0
REF*PO*0020050902
REF*ST*03941
REF*DP*043
DTM*999*20050901
RMR*IK*394120050902*PI*29.85*29.85*0
REF*PO*0020050903
REF*ST*03941
REF*DP*043
DTM*999*20050902
RMR*IK*394120050903*PI*40.8*40.8*0
REF*PO*0020050904
REF*ST*03941
REF*DP*043
DTM*999*20050903
RMR*IK*394120050904*PI*29.85*29.85*0
REF*PO*0020050905
REF*ST*03941
REF*DP*043
DTM*999*20050904
RMR*IK*394120050906*PI*31.5*31.5*0
REF*PO*0020050907
REF*ST*03941
REF*DP*043
DTM*999*20050906
RMR*IK*394120050907*PI*21.45*21.45*0
REF*PO*0020050908
REF*ST*03941
REF*DP*043
DTM*999*20050907
RMR*IK*403020050906*PI*6.25*6.25*0
REF*PO*0020050907
REF*ST*04030
REF*DP*043
DTM*999*20050906
RMR*IK*403020050907*PI*5*5*0
REF*PO*0020050908
REF*ST*04030
REF*DP*043
DTM*999*20050907
RMR*IK*403320050902*PI*4.2*4.2*0
REF*PO*0020050903
REF*ST*04033
REF*DP*043
DTM*999*20050902
RMR*IK*403320050905*PI*2.1*2.1*0
REF*PO*0020050906
REF*ST*04033
REF*DP*043
DTM*999*20050905
RMR*IK*403320050906*PI*10.5*10.5*0
REF*PO*0020050907
REF*ST*04033
REF*DP*043
DTM*999*20050906
RMR*IK*404820050902*PI*8.75*8.75*0
REF*PO*0020050903
REF*ST*04048
REF*DP*043
DTM*999*20050902
RMR*IK*404820050904*PI*1.25*1.25*0
REF*PO*0020050905
REF*ST*04048
REF*DP*043
DTM*999*20050904
RMR*IK*409320050901*PI*6.3*6.3*0
REF*PO*0020050902
REF*ST*04093
REF*DP*043
DTM*999*20050901
RMR*IK*409320050902*PI*12.6*12.6*0
REF*PO*0020050903
REF*ST*04093
REF*DP*043
DTM*999*20050902
RMR*IK*409320050903*PI*31.5*31.5*0
REF*PO*0020050904
REF*ST*04093
REF*DP*043
DTM*999*20050903
RMR*IK*409320050904*PI*8.4*8.4*0
REF*PO*0020050905
REF*ST*04093
REF*DP*043
DTM*999*20050904
RMR*IK*409320050905*PI*10.5*10.5*0
REF*PO*0020050906
REF*ST*04093
REF*DP*043
DTM*999*20050905
RMR*IK*409320050906*PI*29.85*29.85*0
REF*PO*0020050907
REF*ST*04093
REF*DP*043
DTM*999*20050906
RMR*IK*409320050907*PI*30.3*30.3*0
REF*PO*0020050908
REF*ST*04093
REF*DP*043
DTM*999*20050907
RMR*IK*410320050902*PI*66.45*66.45*0
REF*PO*0020050903
REF*ST*04103
REF*DP*043
DTM*999*20050902
RMR*IK*410320050904*PI*2.1*2.1*0
REF*PO*0020050905
REF*ST*04103
REF*DP*043
DTM*999*20050904
RMR*IK*410320050905*PI*12.6*12.6*0
REF*PO*0020050906
REF*ST*04103
REF*DP*043
DTM*999*20050905
RMR*IK*421320050906*PI*4.2*4.2*0
REF*PO*0020050907
REF*ST*04213
REF*DP*043
DTM*999*20050906
RMR*IK*421320050907*PI*12.6*12.6*0
REF*PO*0020050908
REF*ST*04213
REF*DP*043
DTM*999*20050907
RMR*IK*424420050902*PI*50.55*50.55*0
REF*PO*0020050903
REF*ST*04244
REF*DP*043
DTM*999*20050902
RMR*IK*424420050903*PI*83.85*83.85*0
REF*PO*0020050904
REF*ST*04244
REF*DP*043
DTM*999*20050903
RMR*IK*424420050904*PI*35.7*35.7*0
REF*PO*0020050905
REF*ST*04244
REF*DP*043
DTM*999*20050904
RMR*IK*424420050905*PI*48.75*48.75*0
REF*PO*0020050906
REF*ST*04244
REF*DP*043
DTM*999*20050905
RMR*IK*424420050906*PI*28.65*28.65*0
REF*PO*0020050907
REF*ST*04244
REF*DP*043
DTM*999*20050906
RMR*IK*424420050907*PI*14.7*14.7*0
REF*PO*0020050908
REF*ST*04244
REF*DP*043
DTM*999*20050907
RMR*IK*429320050902*PI*5*5*0
REF*PO*0020050903
REF*ST*04293
REF*DP*043
DTM*999*20050902
RMR*IK*429320050905*PI*5*5*0
REF*PO*0020050906
REF*ST*04293
REF*DP*043
DTM*999*20050905
RMR*IK*429320050907*PI*1.25*1.25*0
REF*PO*0020050908
REF*ST*04293
REF*DP*043
DTM*999*20050907
RMR*IK*430420050902*PI*8.4*8.4*0
REF*PO*0020050903
REF*ST*04304
REF*DP*043
DTM*999*20050902
RMR*IK*430420050903*PI*9.2*9.2*0
REF*PO*0020050904
REF*ST*04304
REF*DP*043
DTM*999*20050903
RMR*IK*430420050904*PI*6.7*6.7*0
REF*PO*0020050905
REF*ST*04304
REF*DP*043
DTM*999*20050904
RMR*IK*430420050905*PI*4.2*4.2*0
REF*PO*0020050906
REF*ST*04304
REF*DP*043
DTM*999*20050905
RMR*IK*430420050906*PI*11.25*11.25*0
REF*PO*0020050907
REF*ST*04304
REF*DP*043
DTM*999*20050906
RMR*IK*430420050907*PI*1.25*1.25*0
REF*PO*0020050908
REF*ST*04304
REF*DP*043
DTM*999*20050907
RMR*IK*430820050904*PI*2.1*2.1*0
REF*PO*0020050905
REF*ST*04308
REF*DP*043
DTM*999*20050904
RMR*IK*430820050905*PI*19.8*19.8*0
REF*PO*0020050906
REF*ST*04308
REF*DP*043
DTM*999*20050905
RMR*IK*430820050906*PI*14.7*14.7*0
REF*PO*0020050907
REF*ST*04308
REF*DP*043
DTM*999*20050906
RMR*IK*430820050907*PI*6.3*6.3*0
REF*PO*0020050908
REF*ST*04308
REF*DP*043
DTM*999*20050907
RMR*IK*431220050903*PI*6.3*6.3*0
REF*PO*0020050904
REF*ST*04312
REF*DP*043
DTM*999*20050903
RMR*IK*431220050904*PI*13.05*13.05*0
REF*PO*0020050905
REF*ST*04312
REF*DP*043
DTM*999*20050904
RMR*IK*431220050907*PI*2.1*2.1*0
REF*PO*0020050908
REF*ST*04312
REF*DP*043
DTM*999*20050907
RMR*IK*443320050902*PI*3.75*3.75*0
REF*PO*0020050903
REF*ST*04433
REF*DP*043
DTM*999*20050902
RMR*IK*443320050903*PI*8.75*8.75*0
REF*PO*0020050904
REF*ST*04433
REF*DP*043
DTM*999*20050903
RMR*IK*443320050904*PI*1.25*1.25*0
REF*PO*0020050905
REF*ST*04433
REF*DP*043
DTM*999*20050904
RMR*IK*443320050906*PI*8.75*8.75*0
REF*PO*0020050907
REF*ST*04433
REF*DP*043
DTM*999*20050906
RMR*IK*447520050904*PI*21.45*21.45*0
REF*PO*0020050905
REF*ST*04475
REF*DP*043
DTM*999*20050904
RMR*IK*447520050905*PI*55.5*55.5*0
REF*PO*0020050906
REF*ST*04475
REF*DP*043
DTM*999*20050905
RMR*IK*447520050906*PI*2.1*2.1*0
REF*PO*0020050907
REF*ST*04475
REF*DP*043
DTM*999*20050906
RMR*IK*447520050907*PI*14.7*14.7*0
REF*PO*0020050908
REF*ST*04475
REF*DP*043
DTM*999*20050907
RMR*IK*471720050902*PI*6.3*6.3*0
REF*PO*0020050903
REF*ST*04717
REF*DP*043
DTM*999*20050902
RMR*IK*471720050903*PI*6.3*6.3*0
REF*PO*0020050904
REF*ST*04717
REF*DP*043
DTM*999*20050903
RMR*IK*471720050906*PI*12.6*12.6*0
REF*PO*0020050907
REF*ST*04717
REF*DP*043
DTM*999*20050906
RMR*IK*471720050907*PI*14.7*14.7*0
REF*PO*0020050908
REF*ST*04717
REF*DP*043
DTM*999*20050907
RMR*IK*472020050901*PI*3.75*3.75*0
REF*PO*0020050902
REF*ST*04720
REF*DP*043
DTM*999*20050901
RMR*IK*472020050902*PI*11.25*11.25*0
REF*PO*0020050903
REF*ST*04720
REF*DP*043
DTM*999*20050902
RMR*IK*472020050903*PI*47.5*47.5*0
REF*PO*0020050904
REF*ST*04720
REF*DP*043
DTM*999*20050903
RMR*IK*472020050904*PI*12.5*12.5*0
REF*PO*0020050905
REF*ST*04720
REF*DP*043
DTM*999*20050904
RMR*IK*472020050905*PI*2.5*2.5*0
REF*PO*0020050906
REF*ST*04720
REF*DP*043
DTM*999*20050905
RMR*IK*472020050906*PI*3.75*3.75*0
REF*PO*0020050907
REF*ST*04720
REF*DP*043
DTM*999*20050906
RMR*IK*472020050907*PI*8.75*8.75*0
REF*PO*0020050908
REF*ST*04720
REF*DP*043
DTM*999*20050907
RMR*IK*473920050901*PI*21.9*21.9*0
REF*PO*0020050902
REF*ST*04739
REF*DP*043
DTM*999*20050901
RMR*IK*473920050904*PI*4.2*4.2*0
REF*PO*0020050905
REF*ST*04739
REF*DP*043
DTM*999*20050904
RMR*IK*473920050905*PI*16.8*16.8*0
REF*PO*0020050906
REF*ST*04739
REF*DP*043
DTM*999*20050905
RMR*IK*474320050902*PI*2.1*2.1*0
REF*PO*0020050903
REF*ST*04743
REF*DP*043
DTM*999*20050902
RMR*IK*474320050904*PI*27.15*27.15*0
REF*PO*0020050905
REF*ST*04743
REF*DP*043
DTM*999*20050904
RMR*IK*474320050905*PI*8.75*8.75*0
REF*PO*0020050906
REF*ST*04743
REF*DP*043
DTM*999*20050905
RMR*IK*474320050906*PI*8.35*8.35*0
REF*PO*0020050907
REF*ST*04743
REF*DP*043
DTM*999*20050906
RMR*IK*474320050907*PI*5.45*5.45*0
REF*PO*0020050908
REF*ST*04743
REF*DP*043
DTM*999*20050907
RMR*IK*475320050901*PI*12.6*12.6*0
REF*PO*0020050902
REF*ST*04753
REF*DP*043
DTM*999*20050901
RMR*IK*475320050903*PI*8.4*8.4*0
REF*PO*0020050904
REF*ST*04753
REF*DP*043
DTM*999*20050903
RMR*IK*475320050904*PI*8.4*8.4*0
REF*PO*0020050905
REF*ST*04753
REF*DP*043
DTM*999*20050904
RMR*IK*475320050905*PI*44.1*44.1*0
REF*PO*0020050906
REF*ST*04753
REF*DP*043
DTM*999*20050905
RMR*IK*475320050906*PI*6.3*6.3*0
REF*PO*0020050907
REF*ST*04753
REF*DP*043
DTM*999*20050906
RMR*IK*475320050907*PI*44.55*44.55*0
REF*PO*0020050908
REF*ST*04753
REF*DP*043
DTM*999*20050907
RMR*IK*476020050907*PI*6.75*6.75*0
REF*PO*0020050908
REF*ST*04760
REF*DP*043
DTM*999*20050907
RMR*IK*476920050903*PI*12.6*12.6*0
REF*PO*0020050904
REF*ST*04769
REF*DP*043
DTM*999*20050903
RMR*IK*476920050904*PI*10.95*10.95*0
REF*PO*0020050905
REF*ST*04769
REF*DP*043
DTM*999*20050904
RMR*IK*476920050905*PI*2.1*2.1*0
REF*PO*0020050906
REF*ST*04769
REF*DP*043
DTM*999*20050905
RMR*IK*476920050907*PI*28.2*28.2*0
REF*PO*0020050908
REF*ST*04769
REF*DP*043
DTM*999*20050907
RMR*IK*481720050905*PI*10.5*10.5*0
REF*PO*0020050906
REF*ST*04817
REF*DP*043
DTM*999*20050905
RMR*IK*481720050907*PI*8.4*8.4*0
REF*PO*0020050908
REF*ST*04817
REF*DP*043
DTM*999*20050907
RMR*IK*483520050904*PI*8.4*8.4*0
REF*PO*0020050905
REF*ST*04835
REF*DP*043
DTM*999*20050904
RMR*IK*483520050907*PI*20.25*20.25*0
REF*PO*0020050908
REF*ST*04835
REF*DP*043
DTM*999*20050907
RMR*IK*488320050907*PI*21.9*21.9*0
REF*PO*0020050908
REF*ST*04883
REF*DP*043
DTM*999*20050907
RMR*IK*489820050903*PI*21.9*21.9*0
REF*PO*0020050904
REF*ST*04898
REF*DP*043
DTM*999*20050903
RMR*IK*489820050906*PI*29.1*29.1*0
REF*PO*0020050907
REF*ST*04898
REF*DP*043
DTM*999*20050906
RMR*IK*497020050907*PI*4.2*4.2*0
REF*PO*0020050908
REF*ST*04970
REF*DP*043
DTM*999*20050907
RMR*IK*502320050902*PI*6.75*6.75*0
REF*PO*0020050904
REF*ST*05023
REF*DP*043
DTM*999*20050902
RMR*IK*502320050903*PI*6.75*6.75*0
REF*PO*0020050905
REF*ST*05023
REF*DP*043
DTM*999*20050903
RMR*IK*502320050904*PI*19.8*19.8*0
REF*PO*0020050906
REF*ST*05023
REF*DP*043
DTM*999*20050904
RMR*IK*502320050906*PI*6.3*6.3*0
REF*PO*0020050908
REF*ST*05023
REF*DP*043
DTM*999*20050906
RMR*IK*701820050904*PI*3.75*3.75*0
REF*PO*0020050905
REF*ST*07018
REF*DP*043
DTM*999*20050904
RMR*IK*701820050905*PI*22.5*22.5*0
REF*PO*0020050906
REF*ST*07018
REF*DP*043
DTM*999*20050905
RMR*IK*702120050903*PI*6.25*6.25*0
REF*PO*0020050904
REF*ST*07021
REF*DP*043
DTM*999*20050903
RMR*IK*702120050904*PI*7.5*7.5*0
REF*PO*0020050905
REF*ST*07021
REF*DP*043
DTM*999*20050904
RMR*IK*702120050905*PI*22.5*22.5*0
REF*PO*0020050906
REF*ST*07021
REF*DP*043
DTM*999*20050905
RMR*IK*702120050907*PI*3.75*3.75*0
REF*PO*0020050908
REF*ST*07021
REF*DP*043
DTM*999*20050907
RMR*IK*704520050903*PI*8.4*8.4*0
REF*PO*0020050904
REF*ST*07045
REF*DP*043
DTM*999*20050903
RMR*IK*704520050904*PI*10.5*10.5*0
REF*PO*0020050905
REF*ST*07045
REF*DP*043
DTM*999*20050904
RMR*IK*704520050905*PI*25.2*25.2*0
REF*PO*0020050906
REF*ST*07045
REF*DP*043
DTM*999*20050905
RMR*IK*704520050906*PI*8.4*8.4*0
REF*PO*0020050907
REF*ST*07045
REF*DP*043
DTM*999*20050906
RMR*IK*704520050907*PI*2.1*2.1*0
REF*PO*0020050908
REF*ST*07045
REF*DP*043
DTM*999*20050907
RMR*IK*706420050903*PI*2.1*2.1*0
REF*PO*0020050904
REF*ST*07064
REF*DP*043
DTM*999*20050903
RMR*IK*706420050904*PI*4.2*4.2*0
REF*PO*0020050905
REF*ST*07064
REF*DP*043
DTM*999*20050904
RMR*IK*706420050905*PI*10.5*10.5*0
REF*PO*0020050906
REF*ST*07064
REF*DP*043
DTM*999*20050905
RMR*IK*706420050907*PI*12.6*12.6*0
REF*PO*0020050908
REF*ST*07064
REF*DP*043
DTM*999*20050907
RMR*IK*706620050903*PI*6.75*6.75*0
REF*PO*0020050904
REF*ST*07066
REF*DP*043
DTM*999*20050903
RMR*IK*706620050904*PI*16.8*16.8*0
REF*PO*0020050905
REF*ST*07066
REF*DP*043
DTM*999*20050904
RMR*IK*706620050905*PI*32.4*32.4*0
REF*PO*0020050906
REF*ST*07066
REF*DP*043
DTM*999*20050905
RMR*IK*706620050906*PI*2.1*2.1*0
REF*PO*0020050907
REF*ST*07066
REF*DP*043
DTM*999*20050906
RMR*IK*706620050907*PI*16.8*16.8*0
REF*PO*0020050908
REF*ST*07066
REF*DP*043
DTM*999*20050907
RMR*IK*706920050903*PI*17.7*17.7*0
REF*PO*0020050904
REF*ST*07069
REF*DP*043
DTM*999*20050903
RMR*IK*706920050905*PI*24*24*0
REF*PO*0020050906
REF*ST*07069
REF*DP*043
DTM*999*20050905
RMR*IK*706920050906*PI*29.85*29.85*0
REF*PO*0020050907
REF*ST*07069
REF*DP*043
DTM*999*20050906
RMR*IK*707620050902*PI*13.5*13.5*0
REF*PO*0020050903
REF*ST*07076
REF*DP*043
DTM*999*20050902
RMR*IK*707620050903*PI*28.2*28.2*0
REF*PO*0020050904
REF*ST*07076
REF*DP*043
DTM*999*20050903
RMR*IK*707620050904*PI*8.4*8.4*0
REF*PO*0020050905
REF*ST*07076
REF*DP*043
DTM*999*20050904
RMR*IK*713220050903*PI*15.15*15.15*0
REF*PO*0020050904
REF*ST*07132
REF*DP*043
DTM*999*20050903
RMR*IK*713220050904*PI*17.7*17.7*0
REF*PO*0020050905
REF*ST*07132
REF*DP*043
DTM*999*20050904
RMR*IK*713220050905*PI*62.25*62.25*0
REF*PO*0020050906
REF*ST*07132
REF*DP*043
DTM*999*20050905
RMR*IK*713220050906*PI*6.3*6.3*0
REF*PO*0020050907
REF*ST*07132
REF*DP*043
DTM*999*20050906
RMR*IK*725520050901*PI*28.2*28.2*0
REF*PO*0020050902
REF*ST*07255
REF*DP*043
DTM*999*20050901
RMR*IK*725520050903*PI*14.7*14.7*0
REF*PO*0020050904
REF*ST*07255
REF*DP*043
DTM*999*20050903
RMR*IK*725520050904*PI*4.2*4.2*0
REF*PO*0020050905
REF*ST*07255
REF*DP*043
DTM*999*20050904
RMR*IK*725520050905*PI*47.1*47.1*0
REF*PO*0020050906
REF*ST*07255
REF*DP*043
DTM*999*20050905
RMR*IK*725520050906*PI*2.1*2.1*0
REF*PO*0020050907
REF*ST*07255
REF*DP*043
DTM*999*20050906
RMR*IK*725520050907*PI*17.25*17.25*0
REF*PO*0020050908
REF*ST*07255
REF*DP*043
DTM*999*20050907
RMR*IK*730420050903*PI*2.5*2.5*0
REF*PO*0020050904
REF*ST*07304
REF*DP*043
DTM*999*20050903
RMR*IK*730420050904*PI*5*5*0
REF*PO*0020050905
REF*ST*07304
REF*DP*043
DTM*999*20050904
RMR*IK*730420050905*PI*6.25*6.25*0
REF*PO*0020050906
REF*ST*07304
REF*DP*043
DTM*999*20050905
RMR*IK*732420050903*PI*6.3*6.3*0
REF*PO*0020050904
REF*ST*07324
REF*DP*043
DTM*999*20050903
RMR*IK*732420050904*PI*28.45*28.45*0
REF*PO*0020050905
REF*ST*07324
REF*DP*043
DTM*999*20050904
RMR*IK*732420050905*PI*8.75*8.75*0
REF*PO*0020050906
REF*ST*07324
REF*DP*043
DTM*999*20050905
RMR*IK*732420050906*PI*28.95*28.95*0
REF*PO*0020050907
REF*ST*07324
REF*DP*043
DTM*999*20050906
RMR*IK*735820050901*PI*15.75*15.75*0
REF*PO*0020050902
REF*ST*07358
REF*DP*043
DTM*999*20050901
RMR*IK*735820050902*PI*11.4*11.4*0
REF*PO*0020050903
REF*ST*07358
REF*DP*043
DTM*999*20050902
RMR*IK*735820050903*PI*17.7*17.7*0
REF*PO*0020050904
REF*ST*07358
REF*DP*043
DTM*999*20050903
RMR*IK*735820050904*PI*19.65*19.65*0
REF*PO*0020050905
REF*ST*07358
REF*DP*043
DTM*999*20050904
RMR*IK*735820050905*PI*6.9*6.9*0
REF*PO*0020050906
REF*ST*07358
REF*DP*043
DTM*999*20050905
RMR*IK*735820050906*PI*25.2*25.2*0
REF*PO*0020050907
REF*ST*07358
REF*DP*043
DTM*999*20050906
RMR*IK*735820050907*PI*37.95*37.95*0
REF*PO*0020050908
REF*ST*07358
REF*DP*043
DTM*999*20050907
RMR*IK*736220050904*PI*28.65*28.65*0
REF*PO*0020050905
REF*ST*07362
REF*DP*043
DTM*999*20050904
RMR*IK*736220050905*PI*4.2*4.2*0
REF*PO*0020050906
REF*ST*07362
REF*DP*043
DTM*999*20050905
RMR*IK*736220050907*PI*8.4*8.4*0
REF*PO*0020050908
REF*ST*07362
REF*DP*043
DTM*999*20050907
RMR*IK*743720050906*PI*4.2*4.2*0
REF*PO*0020050907
REF*ST*07437
REF*DP*043
DTM*999*20050906
RMR*IK*743720050907*PI*20.25*20.25*0
REF*PO*0020050908
REF*ST*07437
REF*DP*043
DTM*999*20050907
RMR*IK*746020050902*PI*4.2*4.2*0
REF*PO*0020050903
REF*ST*07460
REF*DP*043
DTM*999*20050902
RMR*IK*746020050903*PI*2.1*2.1*0
REF*PO*0020050904
REF*ST*07460
REF*DP*043
DTM*999*20050903
RMR*IK*746020050907*PI*2.1*2.1*0
REF*PO*0020050908
REF*ST*07460
REF*DP*043
DTM*999*20050907
RMR*IK*746120050901*PI*36.6*36.6*0
REF*PO*0020050902
REF*ST*07461
REF*DP*043
DTM*999*20050901
RMR*IK*746120050902*PI*10.5*10.5*0
REF*PO*0020050903
REF*ST*07461
REF*DP*043
DTM*999*20050902
RMR*IK*746120050903*PI*8.4*8.4*0
REF*PO*0020050904
REF*ST*07461
REF*DP*043
DTM*999*20050903
RMR*IK*746120050904*PI*18.9*18.9*0
REF*PO*0020050905
REF*ST*07461
REF*DP*043
DTM*999*20050904
RMR*IK*746120050906*PI*10.5*10.5*0
REF*PO*0020050907
REF*ST*07461
REF*DP*043
DTM*999*20050906
RMR*IK*746120050907*PI*2.1*2.1*0
REF*PO*0020050908
REF*ST*07461
REF*DP*043
DTM*999*20050907
RMR*IK*754320050902*PI*10*10*0
REF*PO*0020050903
REF*ST*07543
REF*DP*043
DTM*999*20050902
RMR*IK*754320050904*PI*16.25*16.25*0
REF*PO*0020050905
REF*ST*07543
REF*DP*043
DTM*999*20050904
RMR*IK*754320050905*PI*18.75*18.75*0
REF*PO*0020050906
REF*ST*07543
REF*DP*043
DTM*999*20050905
RMR*IK*754320050906*PI*7.5*7.5*0
REF*PO*0020050907
REF*ST*07543
REF*DP*043
DTM*999*20050906
RMR*IK*760720050901*PI*4.2*4.2*0
REF*PO*0020050902
REF*ST*07607
REF*DP*043
DTM*999*20050901
RMR*IK*760720050902*PI*17.7*17.7*0
REF*PO*0020050903
REF*ST*07607
REF*DP*043
DTM*999*20050902
RMR*IK*760720050903*PI*31.95*31.95*0
REF*PO*0020050904
REF*ST*07607
REF*DP*043
DTM*999*20050903
RMR*IK*760720050904*PI*36.6*36.6*0
REF*PO*0020050905
REF*ST*07607
REF*DP*043
DTM*999*20050904
RMR*IK*760720050905*PI*48.3*48.3*0
REF*PO*0020050906
REF*ST*07607
REF*DP*043
DTM*999*20050905
RMR*IK*760720050906*PI*6.3*6.3*0
REF*PO*0020050907
REF*ST*07607
REF*DP*043
DTM*999*20050906
RMR*IK*760720050907*PI*6.3*6.3*0
REF*PO*0020050908
REF*ST*07607
REF*DP*043
DTM*999*20050907
RMR*IK*763720050902*PI*.7*.7*0
REF*PO*0020050903
REF*ST*07637
REF*DP*043
DTM*999*20050902
RMR*IK*763720050903*PI*27.8*27.8*0
REF*PO*0020050904
REF*ST*07637
REF*DP*043
DTM*999*20050903
RMR*IK*763720050904*PI*16.8*16.8*0
REF*PO*0020050905
REF*ST*07637
REF*DP*043
DTM*999*20050904
RMR*IK*763720050905*PI*4*4*0
REF*PO*0020050906
REF*ST*07637
REF*DP*043
DTM*999*20050905
RMR*IK*771820050902*PI*4.2*4.2*0
REF*PO*0020050903
REF*ST*07718
REF*DP*043
DTM*999*20050902
RMR*IK*771820050903*PI*14.7*14.7*0
REF*PO*0020050904
REF*ST*07718
REF*DP*043
DTM*999*20050903
RMR*IK*771820050904*PI*6.3*6.3*0
REF*PO*0020050905
REF*ST*07718
REF*DP*043
DTM*999*20050904
RMR*IK*771820050905*PI*25.2*25.2*0
REF*PO*0020050906
REF*ST*07718
REF*DP*043
DTM*999*20050905
RMR*IK*771820050906*PI*4.2*4.2*0
REF*PO*0020050907
REF*ST*07718
REF*DP*043
DTM*999*20050906
RMR*IK*771820050907*PI*21.9*21.9*0
REF*PO*0020050908
REF*ST*07718
REF*DP*043
DTM*999*20050907
RMR*IK*771920050907*PI*14.7*14.7*0
REF*PO*0020050908
REF*ST*07719
REF*DP*043
DTM*999*20050907
RMR*IK*933120050903*PI*6.25*6.25*0
REF*PO*0020050904
REF*ST*09331
REF*DP*043
DTM*999*20050903
RMR*IK*933120050904*PI*4.2*4.2*0
REF*PO*0020050905
REF*ST*09331
REF*DP*043
DTM*999*20050904
RMR*IK*933120050906*PI*12.6*12.6*0
REF*PO*0020050907
REF*ST*09331
REF*DP*043
DTM*999*20050906
RMR*IK*933420050903*PI*2.5*2.5*0
REF*PO*0020050904
REF*ST*09334
REF*DP*043
DTM*999*20050903
RMR*IK*933420050904*PI*17.5*17.5*0
REF*PO*0020050905
REF*ST*09334
REF*DP*043
DTM*999*20050904
RMR*IK*933420050905*PI*12.5*12.5*0
REF*PO*0020050906
REF*ST*09334
REF*DP*043
DTM*999*20050905
RMR*IK*933420050906*PI*1.25*1.25*0
REF*PO*0020050907
REF*ST*09334
REF*DP*043
DTM*999*20050906
RMR*IK*933420050907*PI*10*10*0
REF*PO*0020050908
REF*ST*09334
REF*DP*043
DTM*999*20050907
RMR*IK*933820050903*PI*13.4*13.4*0
REF*PO*0020050904
REF*ST*09338
REF*DP*043
DTM*999*20050903
RMR*IK*933820050904*PI*5*5*0
REF*PO*0020050905
REF*ST*09338
REF*DP*043
DTM*999*20050904
RMR*IK*933820050905*PI*12.1*12.1*0
REF*PO*0020050906
REF*ST*09338
REF*DP*043
DTM*999*20050905
RMR*IK*933820050906*PI*10.85*10.85*0
REF*PO*0020050907
REF*ST*09338
REF*DP*043
DTM*999*20050906
RMR*IK*933820050907*PI*18.35*18.35*0
REF*PO*0020050908
REF*ST*09338
REF*DP*043
DTM*999*20050907
RMR*IK*935120050902*PI*5*5*0
REF*PO*0020050903
REF*ST*09351
REF*DP*043
DTM*999*20050902
RMR*IK*935120050903*PI*3.75*3.75*0
REF*PO*0020050904
REF*ST*09351
REF*DP*043
DTM*999*20050903
RMR*IK*935120050904*PI*7.95*7.95*0
REF*PO*0020050905
REF*ST*09351
REF*DP*043
DTM*999*20050904
RMR*IK*935120050905*PI*17.5*17.5*0
REF*PO*0020050906
REF*ST*09351
REF*DP*043
DTM*999*20050905
RMR*IK*935120050906*PI*8.4*8.4*0
REF*PO*0020050907
REF*ST*09351
REF*DP*043
DTM*999*20050906
RMR*IK*935320050902*PI*2.5*2.5*0
REF*PO*0020050903
REF*ST*09353
REF*DP*043
DTM*999*20050902
RMR*IK*935320050903*PI*3.75*3.75*0
REF*PO*0020050904
REF*ST*09353
REF*DP*043
DTM*999*20050903
RMR*IK*935320050905*PI*1.25*1.25*0
REF*PO*0020050906
REF*ST*09353
REF*DP*043
DTM*999*20050905
RMR*IK*935320050906*PI*5*5*0
REF*PO*0020050907
REF*ST*09353
REF*DP*043
DTM*999*20050906
RMR*IK*935320050907*PI*15*15*0
REF*PO*0020050908
REF*ST*09353
REF*DP*043
DTM*999*20050907
RMR*IK*953220050903*PI*3.75*3.75*0
REF*PO*0020050904
REF*ST*09532
REF*DP*043
DTM*999*20050903
RMR*IK*953220050904*PI*1.25*1.25*0
REF*PO*0020050905
REF*ST*09532
REF*DP*043
DTM*999*20050904
RMR*IK*953220050906*PI*3.75*3.75*0
REF*PO*0020050907
REF*ST*09532
REF*DP*043
DTM*999*20050906
RMR*IK*956020050904*PI*19.8*19.8*0
REF*PO*0020050905
REF*ST*09560
REF*DP*043
DTM*999*20050904
RMR*IK*956020050905*PI*14.7*14.7*0
REF*PO*0020050906
REF*ST*09560
REF*DP*043
DTM*999*20050905
RMR*IK*957120050904*PI*23.1*23.1*0
REF*PO*0020050905
REF*ST*09571
REF*DP*043
DTM*999*20050904
RMR*IK*957120050905*PI*10.5*10.5*0
REF*PO*0020050906
REF*ST*09571
REF*DP*043
DTM*999*20050905
RMR*IK*957120050907*PI*4.2*4.2*0
REF*PO*0020050908
REF*ST*09571
REF*DP*043
DTM*999*20050907
RMR*IK*962020050904*PI*2.1*2.1*0
REF*PO*0020050905
REF*ST*09620
REF*DP*043
DTM*999*20050904
RMR*IK*962020050905*PI*14.7*14.7*0
REF*PO*0020050906
REF*ST*09620
REF*DP*043
DTM*999*20050905
RMR*IK*962020050906*PI*10.5*10.5*0
REF*PO*0020050907
REF*ST*09620
REF*DP*043
DTM*999*20050906
RMR*IK*962020050907*PI*13.5*13.5*0
REF*PO*0020050908
REF*ST*09620
REF*DP*043
DTM*999*20050907
RMR*IK*962120050901*PI*4.2*4.2*0
REF*PO*0020050902
REF*ST*09621
REF*DP*043
DTM*999*20050901
RMR*IK*962120050902*PI*6.3*6.3*0
REF*PO*0020050903
REF*ST*09621
REF*DP*043
DTM*999*20050902
RMR*IK*962120050903*PI*2.1*2.1*0
REF*PO*0020050904
REF*ST*09621
REF*DP*043
DTM*999*20050903
RMR*IK*962120050904*PI*10.5*10.5*0
REF*PO*0020050905
REF*ST*09621
REF*DP*043
DTM*999*20050904
RMR*IK*962120050905*PI*15.15*15.15*0
REF*PO*0020050906
REF*ST*09621
REF*DP*043
DTM*999*20050905
RMR*IK*962120050906*PI*20.25*20.25*0
REF*PO*0020050907
REF*ST*09621
REF*DP*043
DTM*999*20050906
RMR*IK*962220050906*PI*10.95*10.95*0
REF*PO*0020050907
REF*ST*09622
REF*DP*043
DTM*999*20050906
RMR*IK*962220050907*PI*4.2*4.2*0
REF*PO*0020050908
REF*ST*09622
REF*DP*043
DTM*999*20050907
RMR*IK*962920050903*PI*8.4*8.4*0
REF*PO*0020050904
REF*ST*09629
REF*DP*043
DTM*999*20050903
RMR*IK*962920050904*PI*65.55*65.55*0
REF*PO*0020050905
REF*ST*09629
REF*DP*043
DTM*999*20050904
RMR*IK*962920050905*PI*6.3*6.3*0
REF*PO*0020050906
REF*ST*09629
REF*DP*043
DTM*999*20050905
RMR*IK*962920050906*PI*34.95*34.95*0
REF*PO*0020050907
REF*ST*09629
REF*DP*043
DTM*999*20050906
RMR*IK*962920050907*PI*31.5*31.5*0
REF*PO*0020050908
REF*ST*09629
REF*DP*043
DTM*999*20050907
RMR*IK*963320050902*PI*8.4*8.4*0
REF*PO*0020050903
REF*ST*09633
REF*DP*043
DTM*999*20050902
RMR*IK*963320050903*PI*12.6*12.6*0
REF*PO*0020050904
REF*ST*09633
REF*DP*043
DTM*999*20050903
RMR*IK*963320050904*PI*34.5*34.5*0
REF*PO*0020050905
REF*ST*09633
REF*DP*043
DTM*999*20050904
RMR*IK*963320050905*PI*27*27*0
REF*PO*0020050906
REF*ST*09633
REF*DP*043
DTM*999*20050905
RMR*IK*963920050903*PI*4.2*4.2*0
REF*PO*0020050904
REF*ST*09639
REF*DP*043
DTM*999*20050903
RMR*IK*963920050904*PI*19.8*19.8*0
REF*PO*0020050905
REF*ST*09639
REF*DP*043
DTM*999*20050904
RMR*IK*964820050904*PI*8.4*8.4*0
REF*PO*0020050905
REF*ST*09648
REF*DP*043
DTM*999*20050904
RMR*IK*964820050905*PI*16.8*16.8*0
REF*PO*0020050906
REF*ST*09648
REF*DP*043
DTM*999*20050905
RMR*IK*964820050906*PI*6.3*6.3*0
REF*PO*0020050907
REF*ST*09648
REF*DP*043
DTM*999*20050906
RMR*IK*964820050907*PI*27.3*27.3*0
REF*PO*0020050908
REF*ST*09648
REF*DP*043
DTM*999*20050907
RMR*IK*967420050901*PI*8.4*8.4*0
REF*PO*0020050902
REF*ST*09674
REF*DP*043
DTM*999*20050901
RMR*IK*967420050902*PI*19.35*19.35*0
REF*PO*0020050903
REF*ST*09674
REF*DP*043
DTM*999*20050902
RMR*IK*967420050903*PI*38.25*38.25*0
REF*PO*0020050904
REF*ST*09674
REF*DP*043
DTM*999*20050903
RMR*IK*967420050904*PI*20.25*20.25*0
REF*PO*0020050905
REF*ST*09674
REF*DP*043
DTM*999*20050904
RMR*IK*967420050907*PI*4.2*4.2*0
REF*PO*0020050908
REF*ST*09674
REF*DP*043
DTM*999*20050907
RMR*IK*968020050901*PI*3.75*3.75*0
REF*PO*0020050902
REF*ST*09680
REF*DP*043
DTM*999*20050901
RMR*IK*968020050902*PI*4.2*4.2*0
REF*PO*0020050903
REF*ST*09680
REF*DP*043
DTM*999*20050902
RMR*IK*968020050903*PI*29.4*29.4*0
REF*PO*0020050904
REF*ST*09680
REF*DP*043
DTM*999*20050903
RMR*IK*968020050904*PI*4.2*4.2*0
REF*PO*0020050905
REF*ST*09680
REF*DP*043
DTM*999*20050904
RMR*IK*968020050905*PI*29.35*29.35*0
REF*PO*0020050906
REF*ST*09680
REF*DP*043
DTM*999*20050905
RMR*IK*968020050906*PI*2.1*2.1*0
REF*PO*0020050907
REF*ST*09680
REF*DP*043
DTM*999*20050906
RMR*IK*968020050907*PI*10.9*10.9*0
REF*PO*0020050908
REF*ST*09680
REF*DP*043
DTM*999*20050907
RMR*IK*972820050901*PI*13.05*13.05*0
REF*PO*0020050902
REF*ST*09728
REF*DP*043
DTM*999*20050901
RMR*IK*972820050902*PI*8.4*8.4*0
REF*PO*0020050903
REF*ST*09728
REF*DP*043
DTM*999*20050902
RMR*IK*972820050903*PI*16.8*16.8*0
REF*PO*0020050904
REF*ST*09728
REF*DP*043
DTM*999*20050903
RMR*IK*972820050904*PI*2.1*2.1*0
REF*PO*0020050905
REF*ST*09728
REF*DP*043
DTM*999*20050904
RMR*IK*972820050905*PI*4.2*4.2*0
REF*PO*0020050906
REF*ST*09728
REF*DP*043
DTM*999*20050905
RMR*IK*972820050906*PI*18.9*18.9*0
REF*PO*0020050907
REF*ST*09728
REF*DP*043
DTM*999*20050906
RMR*IK*972820050907*PI*2.1*2.1*0
REF*PO*0020050908
REF*ST*09728
REF*DP*043
DTM*999*20050907
RMR*IK*973520050902*PI*10.5*10.5*0
REF*PO*0020050903
REF*ST*09735
REF*DP*043
DTM*999*20050902
RMR*IK*973520050904*PI*10.5*10.5*0
REF*PO*0020050905
REF*ST*09735
REF*DP*043
DTM*999*20050904
RMR*IK*975820050902*PI*18.9*18.9*0
REF*PO*0020050903
REF*ST*09758
REF*DP*043
DTM*999*20050902
RMR*IK*975820050903*PI*27.3*27.3*0
REF*PO*0020050904
REF*ST*09758
REF*DP*043
DTM*999*20050903
RMR*IK*975820050905*PI*34.95*34.95*0
REF*PO*0020050906
REF*ST*09758
REF*DP*043
DTM*999*20050905
RMR*IK*975820050906*PI*17.25*17.25*0
REF*PO*0020050907
REF*ST*09758
REF*DP*043
DTM*999*20050906
RMR*IK*975820050907*PI*13.5*13.5*0
REF*PO*0020050908
REF*ST*09758
REF*DP*043
DTM*999*20050907
SE*1894*000000001
GE*1*100210
IEA*1*000100301
*** SUPERTRACS READY FOR INPUT
