ISA*00*          *00*          *09*006985290EFT   *12*6154525825     *071102*2334*U*00400*001000093*0*P*>
GS*RA*006985290EFT*6154525825*20071102*2334*1000093*X*004010
ST*820*0001
BPR*I*26231.87*C*ACH*CCP*01*021000018*DA*0300955622*9008965873**01*064102601*DA*3000289*20071106*VEN
TRN*3*770249148*9008965873
DTM*097*20071102
N1*PR*KMART CORPORATION*1*008965873
N1*PE*YOUNGS FARMS*92*00069099588
N1*SE*YOUNGS FARMS*92*00069099588
ENT*1
RMR*IK*306320071004*PI*6.3*6.3*0
REF*PO*0020071005
REF*ST*03063
REF*DP*043
DTM*999*20071004
RMR*IK*306320071005*PI*23.55*23.55*0
REF*PO*0020071006
REF*ST*03063
REF*DP*043
DTM*999*20071005
RMR*IK*306320071006*PI*25.7*25.7*0
REF*PO*0020071007
REF*ST*03063
REF*DP*043
DTM*999*20071006
RMR*IK*306320071007*PI*5*5*0
REF*PO*0020071008
REF*ST*03063
REF*DP*043
DTM*999*20071007
RMR*IK*306320071008*PI*7.8*7.8*0
REF*PO*0020071009
REF*ST*03063
REF*DP*043
DTM*999*20071008
RMR*IK*306320071009*PI*22.15*22.15*0
REF*PO*0020071010
REF*ST*03063
REF*DP*043
DTM*999*20071009
RMR*IK*306320071010*PI*14*14*0
REF*PO*0020071011
REF*ST*03063
REF*DP*043
DTM*999*20071010
RMR*IK*308020071004*PI*37.36*37.36*0
REF*PO*0020071005
REF*ST*03080
REF*DP*043
DTM*999*20071004
RMR*IK*308020071005*PI*18.85*18.85*0
REF*PO*0020071006
REF*ST*03080
REF*DP*043
DTM*999*20071005
RMR*IK*308020071006*PI*54.21*54.21*0
REF*PO*0020071007
REF*ST*03080
REF*DP*043
DTM*999*20071006
RMR*IK*308020071007*PI*25.55*25.55*0
REF*PO*0020071008
REF*ST*03080
REF*DP*043
DTM*999*20071007
RMR*IK*308020071008*PI*33.46*33.46*0
REF*PO*0020071009
REF*ST*03080
REF*DP*043
DTM*999*20071008
RMR*IK*308020071009*PI*30.7*30.7*0
REF*PO*0020071010
REF*ST*03080
REF*DP*043
DTM*999*20071009
RMR*IK*308020071010*PI*21*21*0
REF*PO*0020071011
REF*ST*03080
REF*DP*043
DTM*999*20071010
RMR*IK*308220071004*PI*15.45*15.45*0
REF*PO*0020071005
REF*ST*03082
REF*DP*043
DTM*999*20071004
RMR*IK*308220071005*PI*7.75*7.75*0
REF*PO*0020071006
REF*ST*03082
REF*DP*043
DTM*999*20071005
RMR*IK*308220071006*PI*23.05*23.05*0
REF*PO*0020071007
REF*ST*03082
REF*DP*043
DTM*999*20071006
RMR*IK*308220071007*PI*19.16*19.16*0
REF*PO*0020071008
REF*ST*03082
REF*DP*043
DTM*999*20071007
RMR*IK*308220071008*PI*26.04*26.04*0
REF*PO*0020071009
REF*ST*03082
REF*DP*043
DTM*999*20071008
RMR*IK*308220071009*PI*4.65*4.65*0
REF*PO*0020071010
REF*ST*03082
REF*DP*043
DTM*999*20071009
RMR*IK*308220071010*PI*15.75*15.75*0
REF*PO*0020071011
REF*ST*03082
REF*DP*043
DTM*999*20071010
RMR*IK*308320071004*PI*43.05*43.05*0
REF*PO*0020071005
REF*ST*03083
REF*DP*043
DTM*999*20071004
RMR*IK*308320071005*PI*66.2*66.2*0
REF*PO*0020071006
REF*ST*03083
REF*DP*043
DTM*999*20071005
RMR*IK*308320071006*PI*55.9*55.9*0
REF*PO*0020071007
REF*ST*03083
REF*DP*043
DTM*999*20071006
RMR*IK*308320071007*PI*84.75*84.75*0
REF*PO*0020071008
REF*ST*03083
REF*DP*043
DTM*999*20071007
RMR*IK*308320071008*PI*68.3*68.3*0
REF*PO*0020071009
REF*ST*03083
REF*DP*043
DTM*999*20071008
RMR*IK*308320071009*PI*80.65*80.65*0
REF*PO*0020071010
REF*ST*03083
REF*DP*043
DTM*999*20071009
RMR*IK*308320071010*PI*68.8*68.8*0
REF*PO*0020071011
REF*ST*03083
REF*DP*043
DTM*999*20071010
RMR*IK*308420071004*PI*78.7*78.7*0
REF*PO*0020071005
REF*ST*03084
REF*DP*043
DTM*999*20071004
RMR*IK*308420071005*PI*82.55*82.55*0
REF*PO*0020071006
REF*ST*03084
REF*DP*043
DTM*999*20071005
RMR*IK*308420071006*PI*40.65*40.65*0
REF*PO*0020071007
REF*ST*03084
REF*DP*043
DTM*999*20071006
RMR*IK*308420071007*PI*14*14*0
REF*PO*0020071008
REF*ST*03084
REF*DP*043
DTM*999*20071007
RMR*IK*308420071008*PI*28*28*0
REF*PO*0020071009
REF*ST*03084
REF*DP*043
DTM*999*20071008
RMR*IK*308420071009*PI*9.85*9.85*0
REF*PO*0020071010
REF*ST*03084
REF*DP*043
DTM*999*20071009
RMR*IK*308420071010*PI*93.85*93.85*0
REF*PO*0020071011
REF*ST*03084
REF*DP*043
DTM*999*20071010
RMR*IK*310320071004*PI*49.35*49.35*0
REF*PO*0020071005
REF*ST*03103
REF*DP*043
DTM*999*20071004
RMR*IK*310320071005*PI*43.75*43.75*0
REF*PO*0020071006
REF*ST*03103
REF*DP*043
DTM*999*20071005
RMR*IK*310320071006*PI*128.9*128.9*0
REF*PO*0020071007
REF*ST*03103
REF*DP*043
DTM*999*20071006
RMR*IK*310320071007*PI*20.35*20.35*0
REF*PO*0020071008
REF*ST*03103
REF*DP*043
DTM*999*20071007
RMR*IK*310320071008*PI*35.4*35.4*0
REF*PO*0020071009
REF*ST*03103
REF*DP*043
DTM*999*20071008
RMR*IK*310320071009*PI*60.05*60.05*0
REF*PO*0020071010
REF*ST*03103
REF*DP*043
DTM*999*20071009
RMR*IK*310320071010*PI*31.85*31.85*0
REF*PO*0020071011
REF*ST*03103
REF*DP*043
DTM*999*20071010
RMR*IK*314320071004*PI*30.6*30.6*0
REF*PO*0020071005
REF*ST*03143
REF*DP*043
DTM*999*20071004
RMR*IK*314320071005*PI*13.15*13.15*0
REF*PO*0020071006
REF*ST*03143
REF*DP*043
DTM*999*20071005
RMR*IK*314320071006*PI*13.15*13.15*0
REF*PO*0020071007
REF*ST*03143
REF*DP*043
DTM*999*20071006
RMR*IK*314320071007*PI*1.15*1.15*0
REF*PO*0020071008
REF*ST*03143
REF*DP*043
DTM*999*20071007
RMR*IK*314320071008*PI*4.05*4.05*0
REF*PO*0020071009
REF*ST*03143
REF*DP*043
DTM*999*20071008
RMR*IK*314320071009*PI*21.7*21.7*0
REF*PO*0020071010
REF*ST*03143
REF*DP*043
DTM*999*20071009
RMR*IK*314320071010*PI*1*1*0
REF*PO*0020071011
REF*ST*03143
REF*DP*043
DTM*999*20071010
RMR*IK*319420071004*PI*19.8*19.8*0
REF*PO*0020071005
REF*ST*03194
REF*DP*043
DTM*999*20071004
RMR*IK*319420071005*PI*17*17*0
REF*PO*0020071006
REF*ST*03194
REF*DP*043
DTM*999*20071005
RMR*IK*319420071006*PI*72.7*72.7*0
REF*PO*0020071007
REF*ST*03194
REF*DP*043
DTM*999*20071006
RMR*IK*319420071007*PI*4*4*0
REF*PO*0020071008
REF*ST*03194
REF*DP*043
DTM*999*20071007
RMR*IK*319420071008*PI*24.5*24.5*0
REF*PO*0020071009
REF*ST*03194
REF*DP*043
DTM*999*20071008
RMR*IK*319420071009*PI*8.7*8.7*0
REF*PO*0020071010
REF*ST*03194
REF*DP*043
DTM*999*20071009
RMR*IK*319420071010*PI*21*21*0
REF*PO*0020071011
REF*ST*03194
REF*DP*043
DTM*999*20071010
RMR*IK*321920071005*PI*12.7*12.7*0
REF*PO*0020071006
REF*ST*03219
REF*DP*043
DTM*999*20071005
RMR*IK*321920071006*PI*6.3*6.3*0
REF*PO*0020071007
REF*ST*03219
REF*DP*043
DTM*999*20071006
RMR*IK*328920071004*PI*4.4*4.4*0
REF*PO*0020071005
REF*ST*03289
REF*DP*043
DTM*999*20071004
RMR*IK*328920071005*PI*14*14*0
REF*PO*0020071006
REF*ST*03289
REF*DP*043
DTM*999*20071005
RMR*IK*328920071006*PI*28*28*0
REF*PO*0020071007
REF*ST*03289
REF*DP*043
DTM*999*20071006
RMR*IK*328920071007*PI*7*7*0
REF*PO*0020071008
REF*ST*03289
REF*DP*043
DTM*999*20071007
RMR*IK*328920071008*PI*3.5*3.5*0
REF*PO*0020071009
REF*ST*03289
REF*DP*043
DTM*999*20071008
RMR*IK*328920071009*PI*10*10*0
REF*PO*0020071010
REF*ST*03289
REF*DP*043
DTM*999*20071009
RMR*IK*328920071010*PI*7.2*7.2*0
REF*PO*0020071011
REF*ST*03289
REF*DP*043
DTM*999*20071010
RMR*IK*334820071004*PI*38.65*38.65*0
REF*PO*0020071005
REF*ST*03348
REF*DP*043
DTM*999*20071004
RMR*IK*334820071005*PI*26.65*26.65*0
REF*PO*0020071006
REF*ST*03348
REF*DP*043
DTM*999*20071005
RMR*IK*334820071006*PI*80.7*80.7*0
REF*PO*0020071007
REF*ST*03348
REF*DP*043
DTM*999*20071006
RMR*IK*334820071007*PI*19.5*19.5*0
REF*PO*0020071008
REF*ST*03348
REF*DP*043
DTM*999*20071007
RMR*IK*334820071008*PI*25.2*25.2*0
REF*PO*0020071009
REF*ST*03348
REF*DP*043
DTM*999*20071008
RMR*IK*334820071009*PI*28.2*28.2*0
REF*PO*0020071010
REF*ST*03348
REF*DP*043
DTM*999*20071009
RMR*IK*334820071010*PI*12.5*12.5*0
REF*PO*0020071011
REF*ST*03348
REF*DP*043
DTM*999*20071010
RMR*IK*340820071004*PI*11.2*11.2*0
REF*PO*0020071005
REF*ST*03408
REF*DP*043
DTM*999*20071004
RMR*IK*340820071005*PI*1.4*1.4*0
REF*PO*0020071006
REF*ST*03408
REF*DP*043
DTM*999*20071005
RMR*IK*340820071006*PI*.7*.7*0
REF*PO*0020071007
REF*ST*03408
REF*DP*043
DTM*999*20071006
RMR*IK*340820071007*PI*13.15*13.15*0
REF*PO*0020071008
REF*ST*03408
REF*DP*043
DTM*999*20071007
RMR*IK*340820071008*PI*10.8*10.8*0
REF*PO*0020071009
REF*ST*03408
REF*DP*043
DTM*999*20071008
RMR*IK*340820071009*PI*2.8*2.8*0
REF*PO*0020071010
REF*ST*03408
REF*DP*043
DTM*999*20071009
RMR*IK*340820071010*PI*5.55*5.55*0
REF*PO*0020071011
REF*ST*03408
REF*DP*043
DTM*999*20071010
RMR*IK*340820071028*PI*-5.25*-5.25*0
REF*PO*0020071029
REF*ST*03408
REF*DP*043
DTM*999*20071028
RMR*IK*360220071004*PI*17.15*17.15*0
REF*PO*0020071005
REF*ST*03602
REF*DP*043
DTM*999*20071004
RMR*IK*360220071005*PI*8.8*8.8*0
REF*PO*0020071006
REF*ST*03602
REF*DP*043
DTM*999*20071005
RMR*IK*360220071006*PI*19.3*19.3*0
REF*PO*0020071007
REF*ST*03602
REF*DP*043
DTM*999*20071006
RMR*IK*360220071007*PI*10.5*10.5*0
REF*PO*0020071008
REF*ST*03602
REF*DP*043
DTM*999*20071007
RMR*IK*360220071008*PI*3.5*3.5*0
REF*PO*0020071009
REF*ST*03602
REF*DP*043
DTM*999*20071008
RMR*IK*360220071009*PI*7.35*7.35*0
REF*PO*0020071010
REF*ST*03602
REF*DP*043
DTM*999*20071009
RMR*IK*360220071010*PI*1.75*1.75*0
REF*PO*0020071011
REF*ST*03602
REF*DP*043
DTM*999*20071010
RMR*IK*364420071004*PI*9.9*9.9*0
REF*PO*0020071005
REF*ST*03644
REF*DP*043
DTM*999*20071004
RMR*IK*364420071005*PI*49.45*49.45*0
REF*PO*0020071006
REF*ST*03644
REF*DP*043
DTM*999*20071005
RMR*IK*364420071006*PI*54.25*54.25*0
REF*PO*0020071007
REF*ST*03644
REF*DP*043
DTM*999*20071006
RMR*IK*364420071007*PI*81.5*81.5*0
REF*PO*0020071008
REF*ST*03644
REF*DP*043
DTM*999*20071007
RMR*IK*364420071008*PI*33.8*33.8*0
REF*PO*0020071009
REF*ST*03644
REF*DP*043
DTM*999*20071008
RMR*IK*364420071009*PI*65.3*65.3*0
REF*PO*0020071010
REF*ST*03644
REF*DP*043
DTM*999*20071009
RMR*IK*364420071010*PI*77.25*77.25*0
REF*PO*0020071011
REF*ST*03644
REF*DP*043
DTM*999*20071010
RMR*IK*364620071004*PI*82.35*82.35*0
REF*PO*0020071005
REF*ST*03646
REF*DP*043
DTM*999*20071004
RMR*IK*364620071005*PI*131.75*131.75*0
REF*PO*0020071006
REF*ST*03646
REF*DP*043
DTM*999*20071005
RMR*IK*364620071006*PI*242.15*242.15*0
REF*PO*0020071007
REF*ST*03646
REF*DP*043
DTM*999*20071006
RMR*IK*364620071007*PI*190.15*190.15*0
REF*PO*0020071008
REF*ST*03646
REF*DP*043
DTM*999*20071007
RMR*IK*364620071008*PI*171.35*171.35*0
REF*PO*0020071009
REF*ST*03646
REF*DP*043
DTM*999*20071008
RMR*IK*364620071009*PI*259.65*259.65*0
REF*PO*0020071010
REF*ST*03646
REF*DP*043
DTM*999*20071009
RMR*IK*364620071010*PI*292.5*292.5*0
REF*PO*0020071011
REF*ST*03646
REF*DP*043
DTM*999*20071010
RMR*IK*366120071004*PI*10.45*10.45*0
REF*PO*0020071005
REF*ST*03661
REF*DP*043
DTM*999*20071004
RMR*IK*366120071005*PI*31.3*31.3*0
REF*PO*0020071006
REF*ST*03661
REF*DP*043
DTM*999*20071005
RMR*IK*366120071006*PI*7*7*0
REF*PO*0020071007
REF*ST*03661
REF*DP*043
DTM*999*20071006
RMR*IK*366120071007*PI*48.65*48.65*0
REF*PO*0020071008
REF*ST*03661
REF*DP*043
DTM*999*20071007
RMR*IK*366120071008*PI*5.2*5.2*0
REF*PO*0020071009
REF*ST*03661
REF*DP*043
DTM*999*20071008
RMR*IK*366120071010*PI*1.75*1.75*0
REF*PO*0020071011
REF*ST*03661
REF*DP*043
DTM*999*20071010
RMR*IK*367220071004*PI*11.9*11.9*0
REF*PO*0020071005
REF*ST*03672
REF*DP*043
DTM*999*20071004
RMR*IK*367220071005*PI*66.95*66.95*0
REF*PO*0020071006
REF*ST*03672
REF*DP*043
DTM*999*20071005
RMR*IK*367220071006*PI*41.85*41.85*0
REF*PO*0020071007
REF*ST*03672
REF*DP*043
DTM*999*20071006
RMR*IK*367220071007*PI*58.75*58.75*0
REF*PO*0020071008
REF*ST*03672
REF*DP*043
DTM*999*20071007
RMR*IK*367220071008*PI*74.05*74.05*0
REF*PO*0020071009
REF*ST*03672
REF*DP*043
DTM*999*20071008
RMR*IK*367220071009*PI*65.4*65.4*0
REF*PO*0020071010
REF*ST*03672
REF*DP*043
DTM*999*20071009
RMR*IK*367220071010*PI*42.45*42.45*0
REF*PO*0020071011
REF*ST*03672
REF*DP*043
DTM*999*20071010
RMR*IK*367520071004*PI*3.55*3.55*0
REF*PO*0020071005
REF*ST*03675
REF*DP*043
DTM*999*20071004
RMR*IK*367520071006*PI*5.25*5.25*0
REF*PO*0020071007
REF*ST*03675
REF*DP*043
DTM*999*20071006
RMR*IK*367520071007*PI*3.25*3.25*0
REF*PO*0020071008
REF*ST*03675
REF*DP*043
DTM*999*20071007
RMR*IK*367520071008*PI*.2*.2*0
REF*PO*0020071009
REF*ST*03675
REF*DP*043
DTM*999*20071008
RMR*IK*367520071010*PI*1.15*1.15*0
REF*PO*0020071011
REF*ST*03675
REF*DP*043
DTM*999*20071010
RMR*IK*368520071004*PI*21.15*21.15*0
REF*PO*0020071005
REF*ST*03685
REF*DP*043
DTM*999*20071004
RMR*IK*368520071005*PI*20.15*20.15*0
REF*PO*0020071006
REF*ST*03685
REF*DP*043
DTM*999*20071005
RMR*IK*368520071006*PI*39.55*39.55*0
REF*PO*0020071007
REF*ST*03685
REF*DP*043
DTM*999*20071006
RMR*IK*368520071007*PI*26.85*26.85*0
REF*PO*0020071008
REF*ST*03685
REF*DP*043
DTM*999*20071007
RMR*IK*368520071008*PI*5.25*5.25*0
REF*PO*0020071009
REF*ST*03685
REF*DP*043
DTM*999*20071008
RMR*IK*368520071009*PI*21.65*21.65*0
REF*PO*0020071010
REF*ST*03685
REF*DP*043
DTM*999*20071009
RMR*IK*368520071010*PI*16.05*16.05*0
REF*PO*0020071011
REF*ST*03685
REF*DP*043
DTM*999*20071010
RMR*IK*370120071004*PI*20.87*20.87*0
REF*PO*0020071005
REF*ST*03701
REF*DP*043
DTM*999*20071004
RMR*IK*370120071005*PI*16*16*0
REF*PO*0020071006
REF*ST*03701
REF*DP*043
DTM*999*20071005
RMR*IK*370120071006*PI*1.75*1.75*0
REF*PO*0020071007
REF*ST*03701
REF*DP*043
DTM*999*20071006
RMR*IK*370120071007*PI*23.16*23.16*0
REF*PO*0020071008
REF*ST*03701
REF*DP*043
DTM*999*20071007
RMR*IK*370120071008*PI*16.34*16.34*0
REF*PO*0020071009
REF*ST*03701
REF*DP*043
DTM*999*20071008
RMR*IK*370120071009*PI*4.25*4.25*0
REF*PO*0020071010
REF*ST*03701
REF*DP*043
DTM*999*20071009
RMR*IK*370120071010*PI*12.41*12.41*0
REF*PO*0020071011
REF*ST*03701
REF*DP*043
DTM*999*20071010
RMR*IK*370320071004*PI*120.05*120.05*0
REF*PO*0020071005
REF*ST*03703
REF*DP*043
DTM*999*20071004
RMR*IK*370320071005*PI*175.5*175.5*0
REF*PO*0020071006
REF*ST*03703
REF*DP*043
DTM*999*20071005
RMR*IK*370320071006*PI*341.2*341.2*0
REF*PO*0020071007
REF*ST*03703
REF*DP*043
DTM*999*20071006
RMR*IK*370320071007*PI*122.25*122.25*0
REF*PO*0020071008
REF*ST*03703
REF*DP*043
DTM*999*20071007
RMR*IK*370320071008*PI*168.55*168.55*0
REF*PO*0020071009
REF*ST*03703
REF*DP*043
DTM*999*20071008
RMR*IK*370320071009*PI*389.2*389.2*0
REF*PO*0020071010
REF*ST*03703
REF*DP*043
DTM*999*20071009
RMR*IK*370320071010*PI*370.35*370.35*0
REF*PO*0020071011
REF*ST*03703
REF*DP*043
DTM*999*20071010
RMR*IK*371320071004*PI*53.85*53.85*0
REF*PO*0020071005
REF*ST*03713
REF*DP*043
DTM*999*20071004
RMR*IK*371320071005*PI*10.25*10.25*0
REF*PO*0020071006
REF*ST*03713
REF*DP*043
DTM*999*20071005
RMR*IK*371320071006*PI*20.9*20.9*0
REF*PO*0020071007
REF*ST*03713
REF*DP*043
DTM*999*20071006
RMR*IK*371320071007*PI*6.5*6.5*0
REF*PO*0020071008
REF*ST*03713
REF*DP*043
DTM*999*20071007
RMR*IK*371320071008*PI*2*2*0
REF*PO*0020071009
REF*ST*03713
REF*DP*043
DTM*999*20071008
RMR*IK*371320071009*PI*6.6*6.6*0
REF*PO*0020071010
REF*ST*03713
REF*DP*043
DTM*999*20071009
RMR*IK*371320071010*PI*17.5*17.5*0
REF*PO*0020071011
REF*ST*03713
REF*DP*043
DTM*999*20071010
RMR*IK*371520071004*PI*32.05*32.05*0
REF*PO*0020071005
REF*ST*03715
REF*DP*043
DTM*999*20071004
RMR*IK*371520071005*PI*51.65*51.65*0
REF*PO*0020071006
REF*ST*03715
REF*DP*043
DTM*999*20071005
RMR*IK*371520071006*PI*77.7*77.7*0
REF*PO*0020071007
REF*ST*03715
REF*DP*043
DTM*999*20071006
RMR*IK*371520071007*PI*48.8*48.8*0
REF*PO*0020071008
REF*ST*03715
REF*DP*043
DTM*999*20071007
RMR*IK*371520071008*PI*58.2*58.2*0
REF*PO*0020071009
REF*ST*03715
REF*DP*043
DTM*999*20071008
RMR*IK*371520071009*PI*16.1*16.1*0
REF*PO*0020071010
REF*ST*03715
REF*DP*043
DTM*999*20071009
RMR*IK*371520071010*PI*5.15*5.15*0
REF*PO*0020071011
REF*ST*03715
REF*DP*043
DTM*999*20071010
RMR*IK*382220071004*PI*17.15*17.15*0
REF*PO*0020071005
REF*ST*03822
REF*DP*043
DTM*999*20071004
RMR*IK*382220071005*PI*24.9*24.9*0
REF*PO*0020071006
REF*ST*03822
REF*DP*043
DTM*999*20071005
RMR*IK*382220071006*PI*26.5*26.5*0
REF*PO*0020071007
REF*ST*03822
REF*DP*043
DTM*999*20071006
RMR*IK*382220071007*PI*27.75*27.75*0
REF*PO*0020071008
REF*ST*03822
REF*DP*043
DTM*999*20071007
RMR*IK*382220071008*PI*27.15*27.15*0
REF*PO*0020071009
REF*ST*03822
REF*DP*043
DTM*999*20071008
RMR*IK*382220071009*PI*16.7*16.7*0
REF*PO*0020071010
REF*ST*03822
REF*DP*043
DTM*999*20071009
RMR*IK*382220071010*PI*18.2*18.2*0
REF*PO*0020071011
REF*ST*03822
REF*DP*043
DTM*999*20071010
RMR*IK*383620071004*PI*46.6*46.6*0
REF*PO*0020071005
REF*ST*03836
REF*DP*043
DTM*999*20071004
RMR*IK*383620071005*PI*65.15*65.15*0
REF*PO*0020071006
REF*ST*03836
REF*DP*043
DTM*999*20071005
RMR*IK*383620071006*PI*92.85*92.85*0
REF*PO*0020071007
REF*ST*03836
REF*DP*043
DTM*999*20071006
RMR*IK*383620071007*PI*52.65*52.65*0
REF*PO*0020071008
REF*ST*03836
REF*DP*043
DTM*999*20071007
RMR*IK*383620071008*PI*40.25*40.25*0
REF*PO*0020071009
REF*ST*03836
REF*DP*043
DTM*999*20071008
RMR*IK*383620071009*PI*44*44*0
REF*PO*0020071010
REF*ST*03836
REF*DP*043
DTM*999*20071009
RMR*IK*383620071010*PI*15.6*15.6*0
REF*PO*0020071011
REF*ST*03836
REF*DP*043
DTM*999*20071010
RMR*IK*384820071004*PI*1*1*0
REF*PO*0020071005
REF*ST*03848
REF*DP*043
DTM*999*20071004
RMR*IK*384820071005*PI*23*23*0
REF*PO*0020071006
REF*ST*03848
REF*DP*043
DTM*999*20071005
RMR*IK*384820071006*PI*15.95*15.95*0
REF*PO*0020071007
REF*ST*03848
REF*DP*043
DTM*999*20071006
RMR*IK*384820071007*PI*7.75*7.75*0
REF*PO*0020071008
REF*ST*03848
REF*DP*043
DTM*999*20071007
RMR*IK*384820071009*PI*14.9*14.9*0
REF*PO*0020071010
REF*ST*03848
REF*DP*043
DTM*999*20071009
RMR*IK*384820071010*PI*7*7*0
REF*PO*0020071011
REF*ST*03848
REF*DP*043
DTM*999*20071010
RMR*IK*387620071004*PI*28.4*28.4*0
REF*PO*0020071005
REF*ST*03876
REF*DP*043
DTM*999*20071004
RMR*IK*387620071005*PI*41.4*41.4*0
REF*PO*0020071006
REF*ST*03876
REF*DP*043
DTM*999*20071005
RMR*IK*387620071006*PI*85.05*85.05*0
REF*PO*0020071007
REF*ST*03876
REF*DP*043
DTM*999*20071006
RMR*IK*387620071007*PI*21.6*21.6*0
REF*PO*0020071008
REF*ST*03876
REF*DP*043
DTM*999*20071007
RMR*IK*387620071008*PI*23*23*0
REF*PO*0020071009
REF*ST*03876
REF*DP*043
DTM*999*20071008
RMR*IK*387620071009*PI*28.15*28.15*0
REF*PO*0020071010
REF*ST*03876
REF*DP*043
DTM*999*20071009
RMR*IK*387620071010*PI*18.35*18.35*0
REF*PO*0020071011
REF*ST*03876
REF*DP*043
DTM*999*20071010
RMR*IK*390520071005*PI*3.5*3.5*0
REF*PO*0020071006
REF*ST*03905
REF*DP*043
DTM*999*20071005
RMR*IK*390520071006*PI*4.25*4.25*0
REF*PO*0020071007
REF*ST*03905
REF*DP*043
DTM*999*20071006
RMR*IK*390520071007*PI*8.61*8.61*0
REF*PO*0020071008
REF*ST*03905
REF*DP*043
DTM*999*20071007
RMR*IK*390520071010*PI*18.85*18.85*0
REF*PO*0020071011
REF*ST*03905
REF*DP*043
DTM*999*20071010
RMR*IK*393120071004*PI*7.2*7.2*0
REF*PO*0020071005
REF*ST*03931
REF*DP*043
DTM*999*20071004
RMR*IK*393120071005*PI*7.55*7.55*0
REF*PO*0020071006
REF*ST*03931
REF*DP*043
DTM*999*20071005
RMR*IK*393120071006*PI*7*7*0
REF*PO*0020071007
REF*ST*03931
REF*DP*043
DTM*999*20071006
RMR*IK*393120071007*PI*4.2*4.2*0
REF*PO*0020071008
REF*ST*03931
REF*DP*043
DTM*999*20071007
RMR*IK*393120071008*PI*4.55*4.55*0
REF*PO*0020071009
REF*ST*03931
REF*DP*043
DTM*999*20071008
RMR*IK*393120071009*PI*5.25*5.25*0
REF*PO*0020071010
REF*ST*03931
REF*DP*043
DTM*999*20071009
RMR*IK*393920071005*PI*8.4*8.4*0
REF*PO*0020071006
REF*ST*03939
REF*DP*043
DTM*999*20071005
RMR*IK*393920071006*PI*3.25*3.25*0
REF*PO*0020071007
REF*ST*03939
REF*DP*043
DTM*999*20071006
RMR*IK*393920071008*PI*10.5*10.5*0
REF*PO*0020071009
REF*ST*03939
REF*DP*043
DTM*999*20071008
RMR*IK*393920071009*PI*4.95*4.95*0
REF*PO*0020071010
REF*ST*03939
REF*DP*043
DTM*999*20071009
RMR*IK*393920071010*PI*9.75*9.75*0
REF*PO*0020071011
REF*ST*03939
REF*DP*043
DTM*999*20071010
RMR*IK*394120071004*PI*52.5*52.5*0
REF*PO*0020071005
REF*ST*03941
REF*DP*043
DTM*999*20071004
RMR*IK*394120071005*PI*133.75*133.75*0
REF*PO*0020071006
REF*ST*03941
REF*DP*043
DTM*999*20071005
RMR*IK*394120071006*PI*237.7*237.7*0
REF*PO*0020071007
REF*ST*03941
REF*DP*043
DTM*999*20071006
RMR*IK*394120071007*PI*114.95*114.95*0
REF*PO*0020071008
REF*ST*03941
REF*DP*043
DTM*999*20071007
RMR*IK*394120071008*PI*99.4*99.4*0
REF*PO*0020071009
REF*ST*03941
REF*DP*043
DTM*999*20071008
RMR*IK*394120071009*PI*191.75*191.75*0
REF*PO*0020071010
REF*ST*03941
REF*DP*043
DTM*999*20071009
RMR*IK*394120071010*PI*117.5*117.5*0
REF*PO*0020071011
REF*ST*03941
REF*DP*043
DTM*999*20071010
RMR*IK*394620071004*PI*24.05*24.05*0
REF*PO*0020071005
REF*ST*03946
REF*DP*043
DTM*999*20071004
RMR*IK*394620071005*PI*3.5*3.5*0
REF*PO*0020071006
REF*ST*03946
REF*DP*043
DTM*999*20071005
RMR*IK*394620071006*PI*31.4*31.4*0
REF*PO*0020071007
REF*ST*03946
REF*DP*043
DTM*999*20071006
RMR*IK*394620071007*PI*1.75*1.75*0
REF*PO*0020071008
REF*ST*03946
REF*DP*043
DTM*999*20071007
RMR*IK*394620071008*PI*44.13*44.13*0
REF*PO*0020071009
REF*ST*03946
REF*DP*043
DTM*999*20071008
RMR*IK*394620071009*PI*3.5*3.5*0
REF*PO*0020071010
REF*ST*03946
REF*DP*043
DTM*999*20071009
RMR*IK*395720071004*PI*4.25*4.25*0
REF*PO*0020071005
REF*ST*03957
REF*DP*043
DTM*999*20071004
RMR*IK*395720071005*PI*3.25*3.25*0
REF*PO*0020071006
REF*ST*03957
REF*DP*043
DTM*999*20071005
RMR*IK*395720071007*PI*1.75*1.75*0
REF*PO*0020071008
REF*ST*03957
REF*DP*043
DTM*999*20071007
RMR*IK*395720071008*PI*17*17*0
REF*PO*0020071009
REF*ST*03957
REF*DP*043
DTM*999*20071008
RMR*IK*395720071010*PI*3.25*3.25*0
REF*PO*0020071011
REF*ST*03957
REF*DP*043
DTM*999*20071010
RMR*IK*396620071004*PI*2.8*2.8*0
REF*PO*0020071005
REF*ST*03966
REF*DP*043
DTM*999*20071004
RMR*IK*396620071005*PI*26*26*0
REF*PO*0020071006
REF*ST*03966
REF*DP*043
DTM*999*20071005
RMR*IK*396620071006*PI*28.55*28.55*0
REF*PO*0020071007
REF*ST*03966
REF*DP*043
DTM*999*20071006
RMR*IK*396620071007*PI*8.4*8.4*0
REF*PO*0020071008
REF*ST*03966
REF*DP*043
DTM*999*20071007
RMR*IK*396620071008*PI*5.2*5.2*0
REF*PO*0020071009
REF*ST*03966
REF*DP*043
DTM*999*20071008
RMR*IK*396620071009*PI*4.55*4.55*0
REF*PO*0020071010
REF*ST*03966
REF*DP*043
DTM*999*20071009
RMR*IK*396620071010*PI*3.15*3.15*0
REF*PO*0020071011
REF*ST*03966
REF*DP*043
DTM*999*20071010
RMR*IK*397520071006*PI*4.25*4.25*0
REF*PO*0020071007
REF*ST*03975
REF*DP*043
DTM*999*20071006
RMR*IK*397520071009*PI*21.25*21.25*0
REF*PO*0020071010
REF*ST*03975
REF*DP*043
DTM*999*20071009
RMR*IK*397820071004*PI*59.9*59.9*0
REF*PO*0020071005
REF*ST*03978
REF*DP*043
DTM*999*20071004
RMR*IK*397820071005*PI*31.3*31.3*0
REF*PO*0020071006
REF*ST*03978
REF*DP*043
DTM*999*20071005
RMR*IK*397820071006*PI*50.95*50.95*0
REF*PO*0020071007
REF*ST*03978
REF*DP*043
DTM*999*20071006
RMR*IK*397820071007*PI*62.8*62.8*0
REF*PO*0020071008
REF*ST*03978
REF*DP*043
DTM*999*20071007
RMR*IK*397820071008*PI*28*28*0
REF*PO*0020071009
REF*ST*03978
REF*DP*043
DTM*999*20071008
RMR*IK*397820071009*PI*23.65*23.65*0
REF*PO*0020071010
REF*ST*03978
REF*DP*043
DTM*999*20071009
RMR*IK*397820071010*PI*20.9*20.9*0
REF*PO*0020071011
REF*ST*03978
REF*DP*043
DTM*999*20071010
RMR*IK*399120071006*PI*9.9*9.9*0
REF*PO*0020071007
REF*ST*03991
REF*DP*043
DTM*999*20071006
RMR*IK*399120071008*PI*7*7*0
REF*PO*0020071009
REF*ST*03991
REF*DP*043
DTM*999*20071008
RMR*IK*399120071010*PI*1.75*1.75*0
REF*PO*0020071011
REF*ST*03991
REF*DP*043
DTM*999*20071010
RMR*IK*399420071004*PI*10.5*10.5*0
REF*PO*0020071005
REF*ST*03994
REF*DP*043
DTM*999*20071004
RMR*IK*399420071005*PI*10.25*10.25*0
REF*PO*0020071006
REF*ST*03994
REF*DP*043
DTM*999*20071005
RMR*IK*399420071006*PI*16.45*16.45*0
REF*PO*0020071007
REF*ST*03994
REF*DP*043
DTM*999*20071006
RMR*IK*399420071007*PI*6.3*6.3*0
REF*PO*0020071008
REF*ST*03994
REF*DP*043
DTM*999*20071007
RMR*IK*399420071008*PI*34.75*34.75*0
REF*PO*0020071009
REF*ST*03994
REF*DP*043
DTM*999*20071008
RMR*IK*399420071009*PI*3.5*3.5*0
REF*PO*0020071010
REF*ST*03994
REF*DP*043
DTM*999*20071009
RMR*IK*399620071004*PI*6.9*6.9*0
REF*PO*0020071005
REF*ST*03996
REF*DP*043
DTM*999*20071004
RMR*IK*399620071005*PI*32.35*32.35*0
REF*PO*0020071006
REF*ST*03996
REF*DP*043
DTM*999*20071005
RMR*IK*399620071006*PI*14*14*0
REF*PO*0020071007
REF*ST*03996
REF*DP*043
DTM*999*20071006
RMR*IK*399620071009*PI*2*2*0
REF*PO*0020071010
REF*ST*03996
REF*DP*043
DTM*999*20071009
RMR*IK*399620071010*PI*4.3*4.3*0
REF*PO*0020071011
REF*ST*03996
REF*DP*043
DTM*999*20071010
RMR*IK*403320071004*PI*9.7*9.7*0
REF*PO*0020071005
REF*ST*04033
REF*DP*043
DTM*999*20071004
RMR*IK*403320071006*PI*2.8*2.8*0
REF*PO*0020071007
REF*ST*04033
REF*DP*043
DTM*999*20071006
RMR*IK*403320071007*PI*5.6*5.6*0
REF*PO*0020071008
REF*ST*04033
REF*DP*043
DTM*999*20071007
RMR*IK*407120071004*PI*9.1*9.1*0
REF*PO*0020071005
REF*ST*04071
REF*DP*043
DTM*999*20071004
RMR*IK*407120071005*PI*17.45*17.45*0
REF*PO*0020071006
REF*ST*04071
REF*DP*043
DTM*999*20071005
RMR*IK*407120071006*PI*45.45*45.45*0
REF*PO*0020071007
REF*ST*04071
REF*DP*043
DTM*999*20071006
RMR*IK*407120071007*PI*12.95*12.95*0
REF*PO*0020071008
REF*ST*04071
REF*DP*043
DTM*999*20071007
RMR*IK*407120071008*PI*1*1*0
REF*PO*0020071009
REF*ST*04071
REF*DP*043
DTM*999*20071008
RMR*IK*407120071009*PI*3.45*3.45*0
REF*PO*0020071010
REF*ST*04071
REF*DP*043
DTM*999*20071009
RMR*IK*407120071010*PI*4.65*4.65*0
REF*PO*0020071011
REF*ST*04071
REF*DP*043
DTM*999*20071010
RMR*IK*409320071004*PI*69.9*69.9*0
REF*PO*0020071005
REF*ST*04093
REF*DP*043
DTM*999*20071004
RMR*IK*409320071005*PI*177.8*177.8*0
REF*PO*0020071006
REF*ST*04093
REF*DP*043
DTM*999*20071005
RMR*IK*409320071006*PI*400.15*400.15*0
REF*PO*0020071007
REF*ST*04093
REF*DP*043
DTM*999*20071006
RMR*IK*409320071007*PI*144.7*144.7*0
REF*PO*0020071008
REF*ST*04093
REF*DP*043
DTM*999*20071007
RMR*IK*409320071008*PI*117.65*117.65*0
REF*PO*0020071009
REF*ST*04093
REF*DP*043
DTM*999*20071008
RMR*IK*409320071009*PI*108.25*108.25*0
REF*PO*0020071010
REF*ST*04093
REF*DP*043
DTM*999*20071009
RMR*IK*409320071010*PI*142.85*142.85*0
REF*PO*0020071011
REF*ST*04093
REF*DP*043
DTM*999*20071010
RMR*IK*410320071004*PI*76.4*76.4*0
REF*PO*0020071005
REF*ST*04103
REF*DP*043
DTM*999*20071004
RMR*IK*410320071005*PI*75.25*75.25*0
REF*PO*0020071006
REF*ST*04103
REF*DP*043
DTM*999*20071005
RMR*IK*410320071006*PI*169.9*169.9*0
REF*PO*0020071007
REF*ST*04103
REF*DP*043
DTM*999*20071006
RMR*IK*410320071007*PI*116.1*116.1*0
REF*PO*0020071008
REF*ST*04103
REF*DP*043
DTM*999*20071007
RMR*IK*410320071008*PI*114.4*114.4*0
REF*PO*0020071009
REF*ST*04103
REF*DP*043
DTM*999*20071008
RMR*IK*410320071009*PI*152.45*152.45*0
REF*PO*0020071010
REF*ST*04103
REF*DP*043
DTM*999*20071009
RMR*IK*410320071010*PI*156.4*156.4*0
REF*PO*0020071011
REF*ST*04103
REF*DP*043
DTM*999*20071010
RMR*IK*412220071004*PI*6.05*6.05*0
REF*PO*0020071005
REF*ST*04122
REF*DP*043
DTM*999*20071004
RMR*IK*412220071005*PI*14.05*14.05*0
REF*PO*0020071006
REF*ST*04122
REF*DP*043
DTM*999*20071005
RMR*IK*412220071006*PI*10.29*10.29*0
REF*PO*0020071007
REF*ST*04122
REF*DP*043
DTM*999*20071006
RMR*IK*412220071007*PI*18.85*18.85*0
REF*PO*0020071008
REF*ST*04122
REF*DP*043
DTM*999*20071007
RMR*IK*412220071008*PI*6*6*0
REF*PO*0020071009
REF*ST*04122
REF*DP*043
DTM*999*20071008
RMR*IK*418920071004*PI*12.75*12.75*0
REF*PO*0020071005
REF*ST*04189
REF*DP*043
DTM*999*20071004
RMR*IK*418920071005*PI*5.65*5.65*0
REF*PO*0020071006
REF*ST*04189
REF*DP*043
DTM*999*20071005
RMR*IK*418920071006*PI*8.5*8.5*0
REF*PO*0020071007
REF*ST*04189
REF*DP*043
DTM*999*20071006
RMR*IK*418920071007*PI*8.75*8.75*0
REF*PO*0020071008
REF*ST*04189
REF*DP*043
DTM*999*20071007
RMR*IK*418920071008*PI*20.45*20.45*0
REF*PO*0020071009
REF*ST*04189
REF*DP*043
DTM*999*20071008
RMR*IK*419820071004*PI*42.55*42.55*0
REF*PO*0020071005
REF*ST*04198
REF*DP*043
DTM*999*20071004
RMR*IK*419820071005*PI*59.55*59.55*0
REF*PO*0020071006
REF*ST*04198
REF*DP*043
DTM*999*20071005
RMR*IK*419820071006*PI*39.65*39.65*0
REF*PO*0020071007
REF*ST*04198
REF*DP*043
DTM*999*20071006
RMR*IK*419820071007*PI*4.5*4.5*0
REF*PO*0020071008
REF*ST*04198
REF*DP*043
DTM*999*20071007
RMR*IK*419820071008*PI*15.6*15.6*0
REF*PO*0020071009
REF*ST*04198
REF*DP*043
DTM*999*20071008
RMR*IK*419820071009*PI*8.1*8.1*0
REF*PO*0020071010
REF*ST*04198
REF*DP*043
DTM*999*20071009
RMR*IK*419820071010*PI*22.5*22.5*0
REF*PO*0020071011
REF*ST*04198
REF*DP*043
DTM*999*20071010
RMR*IK*424420071004*PI*81.15*81.15*0
REF*PO*0020071005
REF*ST*04244
REF*DP*043
DTM*999*20071004
RMR*IK*424420071005*PI*197.55*197.55*0
REF*PO*0020071006
REF*ST*04244
REF*DP*043
DTM*999*20071005
RMR*IK*424420071006*PI*159*159*0
REF*PO*0020071007
REF*ST*04244
REF*DP*043
DTM*999*20071006
RMR*IK*424420071007*PI*174.4*174.4*0
REF*PO*0020071008
REF*ST*04244
REF*DP*043
DTM*999*20071007
RMR*IK*424420071008*PI*81.5*81.5*0
REF*PO*0020071009
REF*ST*04244
REF*DP*043
DTM*999*20071008
RMR*IK*424420071009*PI*23.75*23.75*0
REF*PO*0020071010
REF*ST*04244
REF*DP*043
DTM*999*20071009
RMR*IK*424420071010*PI*150.15*150.15*0
REF*PO*0020071011
REF*ST*04244
REF*DP*043
DTM*999*20071010
RMR*IK*430820071004*PI*29.65*29.65*0
REF*PO*0020071005
REF*ST*04308
REF*DP*043
DTM*999*20071004
RMR*IK*430820071005*PI*29.05*29.05*0
REF*PO*0020071006
REF*ST*04308
REF*DP*043
DTM*999*20071005
RMR*IK*430820071006*PI*93.4*93.4*0
REF*PO*0020071007
REF*ST*04308
REF*DP*043
DTM*999*20071006
RMR*IK*430820071007*PI*31.8*31.8*0
REF*PO*0020071008
REF*ST*04308
REF*DP*043
DTM*999*20071007
RMR*IK*430820071008*PI*43.65*43.65*0
REF*PO*0020071009
REF*ST*04308
REF*DP*043
DTM*999*20071008
RMR*IK*430820071009*PI*45.4*45.4*0
REF*PO*0020071010
REF*ST*04308
REF*DP*043
DTM*999*20071009
RMR*IK*430820071010*PI*37.8*37.8*0
REF*PO*0020071011
REF*ST*04308
REF*DP*043
DTM*999*20071010
RMR*IK*447520071004*PI*15*15*0
REF*PO*0020071005
REF*ST*04475
REF*DP*043
DTM*999*20071004
RMR*IK*447520071005*PI*31.4*31.4*0
REF*PO*0020071006
REF*ST*04475
REF*DP*043
DTM*999*20071005
RMR*IK*447520071006*PI*147.6*147.6*0
REF*PO*0020071007
REF*ST*04475
REF*DP*043
DTM*999*20071006
RMR*IK*447520071007*PI*85.25*85.25*0
REF*PO*0020071008
REF*ST*04475
REF*DP*043
DTM*999*20071007
RMR*IK*447520071008*PI*101.1*101.1*0
REF*PO*0020071009
REF*ST*04475
REF*DP*043
DTM*999*20071008
RMR*IK*447520071009*PI*87.1*87.1*0
REF*PO*0020071010
REF*ST*04475
REF*DP*043
DTM*999*20071009
RMR*IK*447520071010*PI*105.55*105.55*0
REF*PO*0020071011
REF*ST*04475
REF*DP*043
DTM*999*20071010
RMR*IK*448920071004*PI*5.25*5.25*0
REF*PO*0020071005
REF*ST*04489
REF*DP*043
DTM*999*20071004
RMR*IK*448920071007*PI*1.7*1.7*0
REF*PO*0020071008
REF*ST*04489
REF*DP*043
DTM*999*20071007
RMR*IK*448920071008*PI*1.12*1.12*0
REF*PO*0020071009
REF*ST*04489
REF*DP*043
DTM*999*20071008
RMR*IK*448920071009*PI*15.61*15.61*0
REF*PO*0020071010
REF*ST*04489
REF*DP*043
DTM*999*20071009
RMR*IK*471720071004*PI*66.4*66.4*0
REF*PO*0020071005
REF*ST*04717
REF*DP*043
DTM*999*20071004
RMR*IK*471720071005*PI*26.2*26.2*0
REF*PO*0020071006
REF*ST*04717
REF*DP*043
DTM*999*20071005
RMR*IK*471720071006*PI*19.45*19.45*0
REF*PO*0020071007
REF*ST*04717
REF*DP*043
DTM*999*20071006
RMR*IK*471720071007*PI*28.05*28.05*0
REF*PO*0020071008
REF*ST*04717
REF*DP*043
DTM*999*20071007
RMR*IK*471720071008*PI*11.25*11.25*0
REF*PO*0020071009
REF*ST*04717
REF*DP*043
DTM*999*20071008
RMR*IK*471720071009*PI*14.65*14.65*0
REF*PO*0020071010
REF*ST*04717
REF*DP*043
DTM*999*20071009
RMR*IK*471720071010*PI*37.2*37.2*0
REF*PO*0020071011
REF*ST*04717
REF*DP*043
DTM*999*20071010
RMR*IK*471920071004*PI*97.1*97.1*0
REF*PO*0020071005
REF*ST*04719
REF*DP*043
DTM*999*20071004
RMR*IK*471920071005*PI*266.45*266.45*0
REF*PO*0020071006
REF*ST*04719
REF*DP*043
DTM*999*20071005
RMR*IK*471920071006*PI*255.5*255.5*0
REF*PO*0020071007
REF*ST*04719
REF*DP*043
DTM*999*20071006
RMR*IK*471920071007*PI*85.65*85.65*0
REF*PO*0020071008
REF*ST*04719
REF*DP*043
DTM*999*20071007
RMR*IK*471920071008*PI*86.45*86.45*0
REF*PO*0020071009
REF*ST*04719
REF*DP*043
DTM*999*20071008
RMR*IK*471920071009*PI*23.5*23.5*0
REF*PO*0020071010
REF*ST*04719
REF*DP*043
DTM*999*20071009
RMR*IK*471920071010*PI*315.6*315.6*0
REF*PO*0020071011
REF*ST*04719
REF*DP*043
DTM*999*20071010
RMR*IK*472320071004*PI*18.25*18.25*0
REF*PO*0020071005
REF*ST*04723
REF*DP*043
DTM*999*20071004
RMR*IK*472320071005*PI*3.5*3.5*0
REF*PO*0020071006
REF*ST*04723
REF*DP*043
DTM*999*20071005
RMR*IK*472320071006*PI*26.1*26.1*0
REF*PO*0020071007
REF*ST*04723
REF*DP*043
DTM*999*20071006
RMR*IK*472320071007*PI*4.9*4.9*0
REF*PO*0020071008
REF*ST*04723
REF*DP*043
DTM*999*20071007
RMR*IK*472320071008*PI*15.6*15.6*0
REF*PO*0020071009
REF*ST*04723
REF*DP*043
DTM*999*20071008
RMR*IK*472320071010*PI*10.3*10.3*0
REF*PO*0020071011
REF*ST*04723
REF*DP*043
DTM*999*20071010
RMR*IK*473920071006*PI*5.25*5.25*0
REF*PO*0020071007
REF*ST*04739
REF*DP*043
DTM*999*20071006
RMR*IK*473920071009*PI*2*2*0
REF*PO*0020071010
REF*ST*04739
REF*DP*043
DTM*999*20071009
RMR*IK*475320071005*PI*1.75*1.75*0
REF*PO*0020071006
REF*ST*04753
REF*DP*043
DTM*999*20071005
RMR*IK*476020071006*PI*14.85*14.85*0
REF*PO*0020071007
REF*ST*04760
REF*DP*043
DTM*999*20071006
RMR*IK*476920071004*PI*7.7*7.7*0
REF*PO*0020071005
REF*ST*04769
REF*DP*043
DTM*999*20071004
RMR*IK*476920071005*PI*8.75*8.75*0
REF*PO*0020071006
REF*ST*04769
REF*DP*043
DTM*999*20071005
RMR*IK*476920071006*PI*4.9*4.9*0
REF*PO*0020071007
REF*ST*04769
REF*DP*043
DTM*999*20071006
RMR*IK*476920071008*PI*5.45*5.45*0
REF*PO*0020071009
REF*ST*04769
REF*DP*043
DTM*999*20071008
RMR*IK*476920071009*PI*4.25*4.25*0
REF*PO*0020071010
REF*ST*04769
REF*DP*043
DTM*999*20071009
RMR*IK*476920071010*PI*13.65*13.65*0
REF*PO*0020071011
REF*ST*04769
REF*DP*043
DTM*999*20071010
RMR*IK*488320071005*PI*3.5*3.5*0
REF*PO*0020071006
REF*ST*04883
REF*DP*043
DTM*999*20071005
RMR*IK*488320071008*PI*9.2*9.2*0
REF*PO*0020071009
REF*ST*04883
REF*DP*043
DTM*999*20071008
RMR*IK*489820071004*PI*12.05*12.05*0
REF*PO*0020071005
REF*ST*04898
REF*DP*043
DTM*999*20071004
RMR*IK*489820071005*PI*20.7*20.7*0
REF*PO*0020071006
REF*ST*04898
REF*DP*043
DTM*999*20071005
RMR*IK*489820071006*PI*12.3*12.3*0
REF*PO*0020071007
REF*ST*04898
REF*DP*043
DTM*999*20071006
RMR*IK*489820071007*PI*5*5*0
REF*PO*0020071008
REF*ST*04898
REF*DP*043
DTM*999*20071007
RMR*IK*489820071008*PI*24.8*24.8*0
REF*PO*0020071009
REF*ST*04898
REF*DP*043
DTM*999*20071008
RMR*IK*489820071009*PI*9.85*9.85*0
REF*PO*0020071010
REF*ST*04898
REF*DP*043
DTM*999*20071009
RMR*IK*489820071010*PI*16.25*16.25*0
REF*PO*0020071011
REF*ST*04898
REF*DP*043
DTM*999*20071010
RMR*IK*495320071006*PI*4.2*4.2*0
REF*PO*0020071007
REF*ST*04953
REF*DP*043
DTM*999*20071006
RMR*IK*495320071007*PI*3.25*3.25*0
REF*PO*0020071008
REF*ST*04953
REF*DP*043
DTM*999*20071007
RMR*IK*495320071008*PI*1.75*1.75*0
REF*PO*0020071009
REF*ST*04953
REF*DP*043
DTM*999*20071008
RMR*IK*495320071009*PI*11.3*11.3*0
REF*PO*0020071010
REF*ST*04953
REF*DP*043
DTM*999*20071009
RMR*IK*497020071004*PI*5.05*5.05*0
REF*PO*0020071005
REF*ST*04970
REF*DP*043
DTM*999*20071004
RMR*IK*497020071006*PI*7.4*7.4*0
REF*PO*0020071007
REF*ST*04970
REF*DP*043
DTM*999*20071006
RMR*IK*497020071008*PI*13.45*13.45*0
REF*PO*0020071009
REF*ST*04970
REF*DP*043
DTM*999*20071008
RMR*IK*497020071009*PI*1*1*0
REF*PO*0020071010
REF*ST*04970
REF*DP*043
DTM*999*20071009
RMR*IK*502320071004*PI*39.3*39.3*0
REF*PO*0020071006
REF*ST*05023
REF*DP*043
DTM*999*20071004
RMR*IK*502320071005*PI*1.75*1.75*0
REF*PO*0020071007
REF*ST*05023
REF*DP*043
DTM*999*20071005
RMR*IK*502320071006*PI*28*28*0
REF*PO*0020071008
REF*ST*05023
REF*DP*043
DTM*999*20071006
RMR*IK*502320071007*PI*30.8*30.8*0
REF*PO*0020071009
REF*ST*05023
REF*DP*043
DTM*999*20071007
RMR*IK*502320071008*PI*54.85*54.85*0
REF*PO*0020071010
REF*ST*05023
REF*DP*043
DTM*999*20071008
RMR*IK*502320071009*PI*15.05*15.05*0
REF*PO*0020071011
REF*ST*05023
REF*DP*043
DTM*999*20071009
RMR*IK*506620071010*PI*6.35*6.35*0
REF*PO*0020071012
REF*ST*05066
REF*DP*043
DTM*999*20071010
RMR*IK*507020071004*PI*19.39*19.39*0
REF*PO*0020071006
REF*ST*05070
REF*DP*043
DTM*999*20071004
RMR*IK*507020071005*PI*44.73*44.73*0
REF*PO*0020071007
REF*ST*05070
REF*DP*043
DTM*999*20071005
RMR*IK*507020071006*PI*52.83*52.83*0
REF*PO*0020071008
REF*ST*05070
REF*DP*043
DTM*999*20071006
RMR*IK*507020071007*PI*3.5*3.5*0
REF*PO*0020071009
REF*ST*05070
REF*DP*043
DTM*999*20071007
RMR*IK*507020071008*PI*13.75*13.75*0
REF*PO*0020071010
REF*ST*05070
REF*DP*043
DTM*999*20071008
RMR*IK*507020071009*PI*10.31*10.31*0
REF*PO*0020071011
REF*ST*05070
REF*DP*043
DTM*999*20071009
RMR*IK*507020071010*PI*10.15*10.15*0
REF*PO*0020071012
REF*ST*05070
REF*DP*043
DTM*999*20071010
RMR*IK*507720071005*PI*3.5*3.5*0
REF*PO*0020071007
REF*ST*05077
REF*DP*043
DTM*999*20071005
RMR*IK*507720071008*PI*7*7*0
REF*PO*0020071010
REF*ST*05077
REF*DP*043
DTM*999*20071008
RMR*IK*507720071010*PI*6.3*6.3*0
REF*PO*0020071012
REF*ST*05077
REF*DP*043
DTM*999*20071010
RMR*IK*702820071004*PI*12.45*12.45*0
REF*PO*0020071005
REF*ST*07028
REF*DP*043
DTM*999*20071004
RMR*IK*702820071005*PI*33.25*33.25*0
REF*PO*0020071006
REF*ST*07028
REF*DP*043
DTM*999*20071005
RMR*IK*702820071006*PI*17.05*17.05*0
REF*PO*0020071007
REF*ST*07028
REF*DP*043
DTM*999*20071006
RMR*IK*702820071007*PI*13.4*13.4*0
REF*PO*0020071008
REF*ST*07028
REF*DP*043
DTM*999*20071007
RMR*IK*702820071008*PI*6*6*0
REF*PO*0020071009
REF*ST*07028
REF*DP*043
DTM*999*20071008
RMR*IK*702820071009*PI*22.55*22.55*0
REF*PO*0020071010
REF*ST*07028
REF*DP*043
DTM*999*20071009
RMR*IK*702820071010*PI*28.5*28.5*0
REF*PO*0020071011
REF*ST*07028
REF*DP*043
DTM*999*20071010
RMR*IK*704520071004*PI*42.6*42.6*0
REF*PO*0020071005
REF*ST*07045
REF*DP*043
DTM*999*20071004
RMR*IK*704520071005*PI*15.65*15.65*0
REF*PO*0020071006
REF*ST*07045
REF*DP*043
DTM*999*20071005
RMR*IK*704520071006*PI*8.7*8.7*0
REF*PO*0020071007
REF*ST*07045
REF*DP*043
DTM*999*20071006
RMR*IK*704520071008*PI*40.75*40.75*0
REF*PO*0020071009
REF*ST*07045
REF*DP*043
DTM*999*20071008
RMR*IK*704520071009*PI*19.9*19.9*0
REF*PO*0020071010
REF*ST*07045
REF*DP*043
DTM*999*20071009
RMR*IK*704520071010*PI*6.3*6.3*0
REF*PO*0020071011
REF*ST*07045
REF*DP*043
DTM*999*20071010
RMR*IK*705920071004*PI*15.75*15.75*0
REF*PO*0020071005
REF*ST*07059
REF*DP*043
DTM*999*20071004
RMR*IK*705920071006*PI*9.8*9.8*0
REF*PO*0020071007
REF*ST*07059
REF*DP*043
DTM*999*20071006
RMR*IK*705920071007*PI*32.55*32.55*0
REF*PO*0020071008
REF*ST*07059
REF*DP*043
DTM*999*20071007
RMR*IK*705920071008*PI*35.55*35.55*0
REF*PO*0020071009
REF*ST*07059
REF*DP*043
DTM*999*20071008
RMR*IK*705920071010*PI*8.5*8.5*0
REF*PO*0020071011
REF*ST*07059
REF*DP*043
DTM*999*20071010
RMR*IK*706420071004*PI*2.3*2.3*0
REF*PO*0020071005
REF*ST*07064
REF*DP*043
DTM*999*20071004
RMR*IK*706420071006*PI*13.75*13.75*0
REF*PO*0020071007
REF*ST*07064
REF*DP*043
DTM*999*20071006
RMR*IK*706420071009*PI*9.9*9.9*0
REF*PO*0020071010
REF*ST*07064
REF*DP*043
DTM*999*20071009
RMR*IK*706420071010*PI*14.9*14.9*0
REF*PO*0020071011
REF*ST*07064
REF*DP*043
DTM*999*20071010
RMR*IK*706620071004*PI*42.5*42.5*0
REF*PO*0020071005
REF*ST*07066
REF*DP*043
DTM*999*20071004
RMR*IK*706620071005*PI*102.4*102.4*0
REF*PO*0020071006
REF*ST*07066
REF*DP*043
DTM*999*20071005
RMR*IK*706620071006*PI*121.35*121.35*0
REF*PO*0020071007
REF*ST*07066
REF*DP*043
DTM*999*20071006
RMR*IK*706620071007*PI*35*35*0
REF*PO*0020071008
REF*ST*07066
REF*DP*043
DTM*999*20071007
RMR*IK*706620071008*PI*22*22*0
REF*PO*0020071009
REF*ST*07066
REF*DP*043
DTM*999*20071008
RMR*IK*706620071009*PI*139.4*139.4*0
REF*PO*0020071010
REF*ST*07066
REF*DP*043
DTM*999*20071009
RMR*IK*706620071010*PI*121*121*0
REF*PO*0020071011
REF*ST*07066
REF*DP*043
DTM*999*20071010
RMR*IK*707620071005*PI*33.4*33.4*0
REF*PO*0020071006
REF*ST*07076
REF*DP*043
DTM*999*20071005
RMR*IK*707620071006*PI*55.2*55.2*0
REF*PO*0020071007
REF*ST*07076
REF*DP*043
DTM*999*20071006
RMR*IK*707620071007*PI*8.75*8.75*0
REF*PO*0020071008
REF*ST*07076
REF*DP*043
DTM*999*20071007
RMR*IK*707620071008*PI*8.05*8.05*0
REF*PO*0020071009
REF*ST*07076
REF*DP*043
DTM*999*20071008
RMR*IK*707620071009*PI*18.6*18.6*0
REF*PO*0020071010
REF*ST*07076
REF*DP*043
DTM*999*20071009
RMR*IK*707620071010*PI*68.7*68.7*0
REF*PO*0020071011
REF*ST*07076
REF*DP*043
DTM*999*20071010
RMR*IK*713220071004*PI*33.65*33.65*0
REF*PO*0020071005
REF*ST*07132
REF*DP*043
DTM*999*20071004
RMR*IK*713220071005*PI*39.6*39.6*0
REF*PO*0020071006
REF*ST*07132
REF*DP*043
DTM*999*20071005
RMR*IK*713220071006*PI*57.5*57.5*0
REF*PO*0020071007
REF*ST*07132
REF*DP*043
DTM*999*20071006
RMR*IK*713220071007*PI*13.35*13.35*0
REF*PO*0020071008
REF*ST*07132
REF*DP*043
DTM*999*20071007
RMR*IK*713220071008*PI*24.1*24.1*0
REF*PO*0020071009
REF*ST*07132
REF*DP*043
DTM*999*20071008
RMR*IK*713220071009*PI*103.55*103.55*0
REF*PO*0020071010
REF*ST*07132
REF*DP*043
DTM*999*20071009
RMR*IK*713220071010*PI*27.75*27.75*0
REF*PO*0020071011
REF*ST*07132
REF*DP*043
DTM*999*20071010
RMR*IK*715420071004*PI*18.5*18.5*0
REF*PO*0020071005
REF*ST*07154
REF*DP*043
DTM*999*20071004
RMR*IK*715420071005*PI*36.05*36.05*0
REF*PO*0020071006
REF*ST*07154
REF*DP*043
DTM*999*20071005
RMR*IK*715420071006*PI*24*24*0
REF*PO*0020071007
REF*ST*07154
REF*DP*043
DTM*999*20071006
RMR*IK*715420071007*PI*1.75*1.75*0
REF*PO*0020071008
REF*ST*07154
REF*DP*043
DTM*999*20071007
RMR*IK*715420071008*PI*2.4*2.4*0
REF*PO*0020071009
REF*ST*07154
REF*DP*043
DTM*999*20071008
RMR*IK*715420071009*PI*5.75*5.75*0
REF*PO*0020071010
REF*ST*07154
REF*DP*043
DTM*999*20071009
RMR*IK*716020071004*PI*9.9*9.9*0
REF*PO*0020071005
REF*ST*07160
REF*DP*043
DTM*999*20071004
RMR*IK*716020071005*PI*34.8*34.8*0
REF*PO*0020071006
REF*ST*07160
REF*DP*043
DTM*999*20071005
RMR*IK*716020071006*PI*54.1*54.1*0
REF*PO*0020071007
REF*ST*07160
REF*DP*043
DTM*999*20071006
RMR*IK*716020071007*PI*24.4*24.4*0
REF*PO*0020071008
REF*ST*07160
REF*DP*043
DTM*999*20071007
RMR*IK*716020071008*PI*12.75*12.75*0
REF*PO*0020071009
REF*ST*07160
REF*DP*043
DTM*999*20071008
RMR*IK*716020071010*PI*7.75*7.75*0
REF*PO*0020071011
REF*ST*07160
REF*DP*043
DTM*999*20071010
RMR*IK*723920071004*PI*17*17*0
REF*PO*0020071005
REF*ST*07239
REF*DP*043
DTM*999*20071004
RMR*IK*723920071006*PI*4.25*4.25*0
REF*PO*0020071007
REF*ST*07239
REF*DP*043
DTM*999*20071006
RMR*IK*723920071007*PI*8.5*8.5*0
REF*PO*0020071008
REF*ST*07239
REF*DP*043
DTM*999*20071007
RMR*IK*723920071008*PI*8.5*8.5*0
REF*PO*0020071009
REF*ST*07239
REF*DP*043
DTM*999*20071008
RMR*IK*725520071004*PI*15.8*15.8*0
REF*PO*0020071005
REF*ST*07255
REF*DP*043
DTM*999*20071004
RMR*IK*725520071005*PI*48.65*48.65*0
REF*PO*0020071006
REF*ST*07255
REF*DP*043
DTM*999*20071005
RMR*IK*725520071006*PI*87.5*87.5*0
REF*PO*0020071007
REF*ST*07255
REF*DP*043
DTM*999*20071006
RMR*IK*725520071007*PI*36.75*36.75*0
REF*PO*0020071008
REF*ST*07255
REF*DP*043
DTM*999*20071007
RMR*IK*725520071008*PI*31.15*31.15*0
REF*PO*0020071009
REF*ST*07255
REF*DP*043
DTM*999*20071008
RMR*IK*725520071009*PI*178.5*178.5*0
REF*PO*0020071010
REF*ST*07255
REF*DP*043
DTM*999*20071009
RMR*IK*725520071010*PI*131.25*131.25*0
REF*PO*0020071011
REF*ST*07255
REF*DP*043
DTM*999*20071010
RMR*IK*735420071004*PI*20.05*20.05*0
REF*PO*0020071005
REF*ST*07354
REF*DP*043
DTM*999*20071004
RMR*IK*735420071005*PI*7.8*7.8*0
REF*PO*0020071006
REF*ST*07354
REF*DP*043
DTM*999*20071005
RMR*IK*735420071006*PI*15.55*15.55*0
REF*PO*0020071007
REF*ST*07354
REF*DP*043
DTM*999*20071006
RMR*IK*735420071007*PI*45.4*45.4*0
REF*PO*0020071008
REF*ST*07354
REF*DP*043
DTM*999*20071007
RMR*IK*735420071008*PI*22.25*22.25*0
REF*PO*0020071009
REF*ST*07354
REF*DP*043
DTM*999*20071008
RMR*IK*735420071009*PI*3.5*3.5*0
REF*PO*0020071010
REF*ST*07354
REF*DP*043
DTM*999*20071009
RMR*IK*735420071010*PI*38.95*38.95*0
REF*PO*0020071011
REF*ST*07354
REF*DP*043
DTM*999*20071010
RMR*IK*735820071004*PI*78.8*78.8*0
REF*PO*0020071005
REF*ST*07358
REF*DP*043
DTM*999*20071004
RMR*IK*735820071005*PI*159.75*159.75*0
REF*PO*0020071006
REF*ST*07358
REF*DP*043
DTM*999*20071005
RMR*IK*735820071006*PI*223.2*223.2*0
REF*PO*0020071007
REF*ST*07358
REF*DP*043
DTM*999*20071006
RMR*IK*735820071007*PI*113.15*113.15*0
REF*PO*0020071008
REF*ST*07358
REF*DP*043
DTM*999*20071007
RMR*IK*735820071008*PI*105.65*105.65*0
REF*PO*0020071009
REF*ST*07358
REF*DP*043
DTM*999*20071008
RMR*IK*735820071009*PI*94.6*94.6*0
REF*PO*0020071010
REF*ST*07358
REF*DP*043
DTM*999*20071009
RMR*IK*735820071010*PI*110.4*110.4*0
REF*PO*0020071011
REF*ST*07358
REF*DP*043
DTM*999*20071010
RMR*IK*736020071007*PI*8.96*8.96*0
REF*PO*0020071008
REF*ST*07360
REF*DP*043
DTM*999*20071007
RMR*IK*736020071009*PI*4.6*4.6*0
REF*PO*0020071010
REF*ST*07360
REF*DP*043
DTM*999*20071009
RMR*IK*736220071004*PI*15.15*15.15*0
REF*PO*0020071005
REF*ST*07362
REF*DP*043
DTM*999*20071004
RMR*IK*736220071006*PI*41.7*41.7*0
REF*PO*0020071007
REF*ST*07362
REF*DP*043
DTM*999*20071006
RMR*IK*736220071007*PI*81.95*81.95*0
REF*PO*0020071008
REF*ST*07362
REF*DP*043
DTM*999*20071007
RMR*IK*736220071008*PI*23.05*23.05*0
REF*PO*0020071009
REF*ST*07362
REF*DP*043
DTM*999*20071008
RMR*IK*736220071009*PI*21.45*21.45*0
REF*PO*0020071010
REF*ST*07362
REF*DP*043
DTM*999*20071009
RMR*IK*736220071010*PI*45.35*45.35*0
REF*PO*0020071011
REF*ST*07362
REF*DP*043
DTM*999*20071010
RMR*IK*738820071004*PI*2*2*0
REF*PO*0020071005
REF*ST*07388
REF*DP*043
DTM*999*20071004
RMR*IK*738820071005*PI*6.45*6.45*0
REF*PO*0020071006
REF*ST*07388
REF*DP*043
DTM*999*20071005
RMR*IK*738820071006*PI*18.65*18.65*0
REF*PO*0020071007
REF*ST*07388
REF*DP*043
DTM*999*20071006
RMR*IK*738820071007*PI*1.4*1.4*0
REF*PO*0020071008
REF*ST*07388
REF*DP*043
DTM*999*20071007
RMR*IK*738820071008*PI*9.2*9.2*0
REF*PO*0020071009
REF*ST*07388
REF*DP*043
DTM*999*20071008
RMR*IK*738820071009*PI*11.65*11.65*0
REF*PO*0020071010
REF*ST*07388
REF*DP*043
DTM*999*20071009
RMR*IK*738820071010*PI*4.25*4.25*0
REF*PO*0020071011
REF*ST*07388
REF*DP*043
DTM*999*20071010
RMR*IK*743720071007*PI*5.25*5.25*0
REF*PO*0020071008
REF*ST*07437
REF*DP*043
DTM*999*20071007
RMR*IK*746020071004*PI*1.15*1.15*0
REF*PO*0020071005
REF*ST*07460
REF*DP*043
DTM*999*20071004
RMR*IK*746020071005*PI*37.1*37.1*0
REF*PO*0020071006
REF*ST*07460
REF*DP*043
DTM*999*20071005
RMR*IK*746020071006*PI*76*76*0
REF*PO*0020071007
REF*ST*07460
REF*DP*043
DTM*999*20071006
RMR*IK*746020071007*PI*103.3*103.3*0
REF*PO*0020071008
REF*ST*07460
REF*DP*043
DTM*999*20071007
RMR*IK*746020071008*PI*7.6*7.6*0
REF*PO*0020071009
REF*ST*07460
REF*DP*043
DTM*999*20071008
RMR*IK*746020071009*PI*40.1*40.1*0
REF*PO*0020071010
REF*ST*07460
REF*DP*043
DTM*999*20071009
RMR*IK*746020071010*PI*106.35*106.35*0
REF*PO*0020071011
REF*ST*07460
REF*DP*043
DTM*999*20071010
RMR*IK*746120071004*PI*6*6*0
REF*PO*0020071005
REF*ST*07461
REF*DP*043
DTM*999*20071004
RMR*IK*746120071005*PI*64.75*64.75*0
REF*PO*0020071006
REF*ST*07461
REF*DP*043
DTM*999*20071005
RMR*IK*746120071006*PI*102.5*102.5*0
REF*PO*0020071007
REF*ST*07461
REF*DP*043
DTM*999*20071006
RMR*IK*746120071007*PI*30.9*30.9*0
REF*PO*0020071008
REF*ST*07461
REF*DP*043
DTM*999*20071007
RMR*IK*746120071008*PI*12.7*12.7*0
REF*PO*0020071009
REF*ST*07461
REF*DP*043
DTM*999*20071008
RMR*IK*746120071009*PI*29.25*29.25*0
REF*PO*0020071010
REF*ST*07461
REF*DP*043
DTM*999*20071009
RMR*IK*746120071010*PI*23.05*23.05*0
REF*PO*0020071011
REF*ST*07461
REF*DP*043
DTM*999*20071010
RMR*IK*755820071004*PI*11.25*11.25*0
REF*PO*0020071005
REF*ST*07558
REF*DP*043
DTM*999*20071004
RMR*IK*755820071005*PI*13.25*13.25*0
REF*PO*0020071006
REF*ST*07558
REF*DP*043
DTM*999*20071005
RMR*IK*755820071006*PI*20.76*20.76*0
REF*PO*0020071007
REF*ST*07558
REF*DP*043
DTM*999*20071006
RMR*IK*755820071007*PI*8.5*8.5*0
REF*PO*0020071008
REF*ST*07558
REF*DP*043
DTM*999*20071007
RMR*IK*755820071008*PI*13.5*13.5*0
REF*PO*0020071009
REF*ST*07558
REF*DP*043
DTM*999*20071008
RMR*IK*755820071009*PI*8.3*8.3*0
REF*PO*0020071010
REF*ST*07558
REF*DP*043
DTM*999*20071009
RMR*IK*755820071010*PI*10.05*10.05*0
REF*PO*0020071011
REF*ST*07558
REF*DP*043
DTM*999*20071010
RMR*IK*760720071004*PI*23.25*23.25*0
REF*PO*0020071005
REF*ST*07607
REF*DP*043
DTM*999*20071004
RMR*IK*760720071005*PI*109.35*109.35*0
REF*PO*0020071006
REF*ST*07607
REF*DP*043
DTM*999*20071005
RMR*IK*760720071006*PI*149.8*149.8*0
REF*PO*0020071007
REF*ST*07607
REF*DP*043
DTM*999*20071006
RMR*IK*760720071007*PI*159.65*159.65*0
REF*PO*0020071008
REF*ST*07607
REF*DP*043
DTM*999*20071007
RMR*IK*760720071008*PI*86.45*86.45*0
REF*PO*0020071009
REF*ST*07607
REF*DP*043
DTM*999*20071008
RMR*IK*760720071009*PI*70.85*70.85*0
REF*PO*0020071010
REF*ST*07607
REF*DP*043
DTM*999*20071009
RMR*IK*760720071010*PI*80.7*80.7*0
REF*PO*0020071011
REF*ST*07607
REF*DP*043
DTM*999*20071010
RMR*IK*761020071004*PI*84.85*84.85*0
REF*PO*0020071005
REF*ST*07610
REF*DP*043
DTM*999*20071004
RMR*IK*761020071005*PI*20.35*20.35*0
REF*PO*0020071006
REF*ST*07610
REF*DP*043
DTM*999*20071005
RMR*IK*761020071006*PI*177.15*177.15*0
REF*PO*0020071007
REF*ST*07610
REF*DP*043
DTM*999*20071006
RMR*IK*761020071007*PI*118.75*118.75*0
REF*PO*0020071008
REF*ST*07610
REF*DP*043
DTM*999*20071007
RMR*IK*761020071008*PI*67.2*67.2*0
REF*PO*0020071009
REF*ST*07610
REF*DP*043
DTM*999*20071008
RMR*IK*761020071009*PI*48.05*48.05*0
REF*PO*0020071010
REF*ST*07610
REF*DP*043
DTM*999*20071009
RMR*IK*761020071010*PI*50.75*50.75*0
REF*PO*0020071011
REF*ST*07610
REF*DP*043
DTM*999*20071010
RMR*IK*762920071004*PI*13.9*13.9*0
REF*PO*0020071005
REF*ST*07629
REF*DP*043
DTM*999*20071004
RMR*IK*762920071005*PI*7*7*0
REF*PO*0020071006
REF*ST*07629
REF*DP*043
DTM*999*20071005
RMR*IK*762920071006*PI*3.15*3.15*0
REF*PO*0020071007
REF*ST*07629
REF*DP*043
DTM*999*20071006
RMR*IK*762920071007*PI*9.9*9.9*0
REF*PO*0020071008
REF*ST*07629
REF*DP*043
DTM*999*20071007
RMR*IK*762920071009*PI*16.2*16.2*0
REF*PO*0020071010
REF*ST*07629
REF*DP*043
DTM*999*20071009
RMR*IK*762920071010*PI*19*19*0
REF*PO*0020071011
REF*ST*07629
REF*DP*043
DTM*999*20071010
RMR*IK*771820071004*PI*41.15*41.15*0
REF*PO*0020071005
REF*ST*07718
REF*DP*043
DTM*999*20071004
RMR*IK*771820071005*PI*58.65*58.65*0
REF*PO*0020071006
REF*ST*07718
REF*DP*043
DTM*999*20071005
RMR*IK*771820071006*PI*124.5*124.5*0
REF*PO*0020071007
REF*ST*07718
REF*DP*043
DTM*999*20071006
RMR*IK*771820071007*PI*82.9*82.9*0
REF*PO*0020071008
REF*ST*07718
REF*DP*043
DTM*999*20071007
RMR*IK*771820071008*PI*29.7*29.7*0
REF*PO*0020071009
REF*ST*07718
REF*DP*043
DTM*999*20071008
RMR*IK*771820071009*PI*50.7*50.7*0
REF*PO*0020071010
REF*ST*07718
REF*DP*043
DTM*999*20071009
RMR*IK*771820071010*PI*46.5*46.5*0
REF*PO*0020071011
REF*ST*07718
REF*DP*043
DTM*999*20071010
RMR*IK*771920071004*PI*10.15*10.15*0
REF*PO*0020071005
REF*ST*07719
REF*DP*043
DTM*999*20071004
RMR*IK*771920071005*PI*30.25*30.25*0
REF*PO*0020071006
REF*ST*07719
REF*DP*043
DTM*999*20071005
RMR*IK*771920071006*PI*5.8*5.8*0
REF*PO*0020071007
REF*ST*07719
REF*DP*043
DTM*999*20071006
RMR*IK*771920071007*PI*10.65*10.65*0
REF*PO*0020071008
REF*ST*07719
REF*DP*043
DTM*999*20071007
RMR*IK*771920071009*PI*3.5*3.5*0
REF*PO*0020071010
REF*ST*07719
REF*DP*043
DTM*999*20071009
RMR*IK*771920071010*PI*11.3*11.3*0
REF*PO*0020071011
REF*ST*07719
REF*DP*043
DTM*999*20071010
RMR*IK*921720071004*PI*3.5*3.5*0
REF*PO*0020071005
REF*ST*09217
REF*DP*043
DTM*999*20071004
RMR*IK*921720071005*PI*24.22*24.22*0
REF*PO*0020071006
REF*ST*09217
REF*DP*043
DTM*999*20071005
RMR*IK*921720071006*PI*54.75*54.75*0
REF*PO*0020071007
REF*ST*09217
REF*DP*043
DTM*999*20071006
RMR*IK*921720071007*PI*9.5*9.5*0
REF*PO*0020071008
REF*ST*09217
REF*DP*043
DTM*999*20071007
RMR*IK*921720071008*PI*19.3*19.3*0
REF*PO*0020071009
REF*ST*09217
REF*DP*043
DTM*999*20071008
RMR*IK*921720071009*PI*15.64*15.64*0
REF*PO*0020071010
REF*ST*09217
REF*DP*043
DTM*999*20071009
RMR*IK*921720071010*PI*4.55*4.55*0
REF*PO*0020071011
REF*ST*09217
REF*DP*043
DTM*999*20071010
RMR*IK*951320071004*PI*1.4*1.4*0
REF*PO*0020071005
REF*ST*09513
REF*DP*043
DTM*999*20071004
RMR*IK*951320071005*PI*2*2*0
REF*PO*0020071006
REF*ST*09513
REF*DP*043
DTM*999*20071005
RMR*IK*951320071006*PI*3*3*0
REF*PO*0020071007
REF*ST*09513
REF*DP*043
DTM*999*20071006
RMR*IK*951320071007*PI*8.5*8.5*0
REF*PO*0020071008
REF*ST*09513
REF*DP*043
DTM*999*20071007
RMR*IK*956020071004*PI*3.5*3.5*0
REF*PO*0020071005
REF*ST*09560
REF*DP*043
DTM*999*20071004
RMR*IK*956020071005*PI*2*2*0
REF*PO*0020071006
REF*ST*09560
REF*DP*043
DTM*999*20071005
RMR*IK*956020071007*PI*1.75*1.75*0
REF*PO*0020071008
REF*ST*09560
REF*DP*043
DTM*999*20071007
RMR*IK*957120071004*PI*27.95*27.95*0
REF*PO*0020071005
REF*ST*09571
REF*DP*043
DTM*999*20071004
RMR*IK*957120071005*PI*8.2*8.2*0
REF*PO*0020071006
REF*ST*09571
REF*DP*043
DTM*999*20071005
RMR*IK*957120071006*PI*16.1*16.1*0
REF*PO*0020071007
REF*ST*09571
REF*DP*043
DTM*999*20071006
RMR*IK*957120071007*PI*16.85*16.85*0
REF*PO*0020071008
REF*ST*09571
REF*DP*043
DTM*999*20071007
RMR*IK*957120071008*PI*31.2*31.2*0
REF*PO*0020071009
REF*ST*09571
REF*DP*043
DTM*999*20071008
RMR*IK*957120071009*PI*3*3*0
REF*PO*0020071010
REF*ST*09571
REF*DP*043
DTM*999*20071009
RMR*IK*957120071010*PI*12.4*12.4*0
REF*PO*0020071011
REF*ST*09571
REF*DP*043
DTM*999*20071010
RMR*IK*962020071004*PI*38.7*38.7*0
REF*PO*0020071005
REF*ST*09620
REF*DP*043
DTM*999*20071004
RMR*IK*962020071005*PI*43.45*43.45*0
REF*PO*0020071006
REF*ST*09620
REF*DP*043
DTM*999*20071005
RMR*IK*962020071006*PI*182.7*182.7*0
REF*PO*0020071007
REF*ST*09620
REF*DP*043
DTM*999*20071006
RMR*IK*962020071007*PI*173.4*173.4*0
REF*PO*0020071008
REF*ST*09620
REF*DP*043
DTM*999*20071007
RMR*IK*962020071008*PI*59.6*59.6*0
REF*PO*0020071009
REF*ST*09620
REF*DP*043
DTM*999*20071008
RMR*IK*962020071009*PI*115.65*115.65*0
REF*PO*0020071010
REF*ST*09620
REF*DP*043
DTM*999*20071009
RMR*IK*962020071010*PI*131.15*131.15*0
REF*PO*0020071011
REF*ST*09620
REF*DP*043
DTM*999*20071010
RMR*IK*962120071004*PI*30.65*30.65*0
REF*PO*0020071005
REF*ST*09621
REF*DP*043
DTM*999*20071004
RMR*IK*962120071005*PI*128.4*128.4*0
REF*PO*0020071006
REF*ST*09621
REF*DP*043
DTM*999*20071005
RMR*IK*962120071006*PI*79.3*79.3*0
REF*PO*0020071007
REF*ST*09621
REF*DP*043
DTM*999*20071006
RMR*IK*962120071007*PI*66.95*66.95*0
REF*PO*0020071008
REF*ST*09621
REF*DP*043
DTM*999*20071007
RMR*IK*962120071008*PI*37*37*0
REF*PO*0020071009
REF*ST*09621
REF*DP*043
DTM*999*20071008
RMR*IK*962120071009*PI*41.75*41.75*0
REF*PO*0020071010
REF*ST*09621
REF*DP*043
DTM*999*20071009
RMR*IK*962120071010*PI*43.35*43.35*0
REF*PO*0020071011
REF*ST*09621
REF*DP*043
DTM*999*20071010
RMR*IK*962520071004*PI*29.25*29.25*0
REF*PO*0020071005
REF*ST*09625
REF*DP*043
DTM*999*20071004
RMR*IK*962520071005*PI*30.95*30.95*0
REF*PO*0020071006
REF*ST*09625
REF*DP*043
DTM*999*20071005
RMR*IK*962520071006*PI*11.6*11.6*0
REF*PO*0020071007
REF*ST*09625
REF*DP*043
DTM*999*20071006
RMR*IK*962520071007*PI*17.8*17.8*0
REF*PO*0020071008
REF*ST*09625
REF*DP*043
DTM*999*20071007
RMR*IK*962520071008*PI*1.75*1.75*0
REF*PO*0020071009
REF*ST*09625
REF*DP*043
DTM*999*20071008
RMR*IK*962520071009*PI*5.75*5.75*0
REF*PO*0020071010
REF*ST*09625
REF*DP*043
DTM*999*20071009
RMR*IK*962520071010*PI*15.65*15.65*0
REF*PO*0020071011
REF*ST*09625
REF*DP*043
DTM*999*20071010
RMR*IK*962920071004*PI*66.95*66.95*0
REF*PO*0020071005
REF*ST*09629
REF*DP*043
DTM*999*20071004
RMR*IK*962920071005*PI*55.1*55.1*0
REF*PO*0020071006
REF*ST*09629
REF*DP*043
DTM*999*20071005
RMR*IK*962920071006*PI*42.1*42.1*0
REF*PO*0020071007
REF*ST*09629
REF*DP*043
DTM*999*20071006
RMR*IK*962920071007*PI*26.75*26.75*0
REF*PO*0020071008
REF*ST*09629
REF*DP*043
DTM*999*20071007
RMR*IK*962920071008*PI*20.85*20.85*0
REF*PO*0020071009
REF*ST*09629
REF*DP*043
DTM*999*20071008
RMR*IK*962920071009*PI*42.7*42.7*0
REF*PO*0020071010
REF*ST*09629
REF*DP*043
DTM*999*20071009
RMR*IK*962920071010*PI*86.4*86.4*0
REF*PO*0020071011
REF*ST*09629
REF*DP*043
DTM*999*20071010
RMR*IK*963320071004*PI*24.05*24.05*0
REF*PO*0020071005
REF*ST*09633
REF*DP*043
DTM*999*20071004
RMR*IK*963320071005*PI*44.85*44.85*0
REF*PO*0020071006
REF*ST*09633
REF*DP*043
DTM*999*20071005
RMR*IK*963320071006*PI*60.35*60.35*0
REF*PO*0020071007
REF*ST*09633
REF*DP*043
DTM*999*20071006
RMR*IK*963320071007*PI*3.15*3.15*0
REF*PO*0020071008
REF*ST*09633
REF*DP*043
DTM*999*20071007
RMR*IK*963320071008*PI*27.55*27.55*0
REF*PO*0020071009
REF*ST*09633
REF*DP*043
DTM*999*20071008
RMR*IK*963320071009*PI*22.8*22.8*0
REF*PO*0020071010
REF*ST*09633
REF*DP*043
DTM*999*20071009
RMR*IK*963320071010*PI*81.9*81.9*0
REF*PO*0020071011
REF*ST*09633
REF*DP*043
DTM*999*20071010
RMR*IK*963920071004*PI*8.5*8.5*0
REF*PO*0020071005
REF*ST*09639
REF*DP*043
DTM*999*20071004
RMR*IK*963920071005*PI*4.25*4.25*0
REF*PO*0020071006
REF*ST*09639
REF*DP*043
DTM*999*20071005
RMR*IK*964820071004*PI*90.9*90.9*0
REF*PO*0020071005
REF*ST*09648
REF*DP*043
DTM*999*20071004
RMR*IK*964820071005*PI*193.25*193.25*0
REF*PO*0020071006
REF*ST*09648
REF*DP*043
DTM*999*20071005
RMR*IK*964820071006*PI*281.55*281.55*0
REF*PO*0020071007
REF*ST*09648
REF*DP*043
DTM*999*20071006
RMR*IK*964820071007*PI*80.8*80.8*0
REF*PO*0020071008
REF*ST*09648
REF*DP*043
DTM*999*20071007
RMR*IK*964820071008*PI*83.7*83.7*0
REF*PO*0020071009
REF*ST*09648
REF*DP*043
DTM*999*20071008
RMR*IK*964820071009*PI*207.2*207.2*0
REF*PO*0020071010
REF*ST*09648
REF*DP*043
DTM*999*20071009
RMR*IK*964820071010*PI*193.35*193.35*0
REF*PO*0020071011
REF*ST*09648
REF*DP*043
DTM*999*20071010
RMR*IK*967420071004*PI*191.55*191.55*0
REF*PO*0020071005
REF*ST*09674
REF*DP*043
DTM*999*20071004
RMR*IK*967420071005*PI*192.85*192.85*0
REF*PO*0020071006
REF*ST*09674
REF*DP*043
DTM*999*20071005
RMR*IK*967420071006*PI*129.3*129.3*0
REF*PO*0020071007
REF*ST*09674
REF*DP*043
DTM*999*20071006
RMR*IK*967420071007*PI*23.7*23.7*0
REF*PO*0020071008
REF*ST*09674
REF*DP*043
DTM*999*20071007
RMR*IK*967420071008*PI*20.7*20.7*0
REF*PO*0020071009
REF*ST*09674
REF*DP*043
DTM*999*20071008
RMR*IK*967420071009*PI*4.6*4.6*0
REF*PO*0020071010
REF*ST*09674
REF*DP*043
DTM*999*20071009
RMR*IK*967420071010*PI*236.3*236.3*0
REF*PO*0020071011
REF*ST*09674
REF*DP*043
DTM*999*20071010
RMR*IK*971420071004*PI*2.8*2.8*0
REF*PO*0020071005
REF*ST*09714
REF*DP*043
DTM*999*20071004
RMR*IK*971420071005*PI*12.09*12.09*0
REF*PO*0020071006
REF*ST*09714
REF*DP*043
DTM*999*20071005
RMR*IK*971420071006*PI*7.35*7.35*0
REF*PO*0020071007
REF*ST*09714
REF*DP*043
DTM*999*20071006
RMR*IK*971420071007*PI*15.72*15.72*0
REF*PO*0020071008
REF*ST*09714
REF*DP*043
DTM*999*20071007
RMR*IK*971420071008*PI*42.12*42.12*0
REF*PO*0020071009
REF*ST*09714
REF*DP*043
DTM*999*20071008
RMR*IK*971420071009*PI*7.98*7.98*0
REF*PO*0020071010
REF*ST*09714
REF*DP*043
DTM*999*20071009
RMR*IK*972820071006*PI*5.25*5.25*0
REF*PO*0020071007
REF*ST*09728
REF*DP*043
DTM*999*20071006
RMR*IK*973520071005*PI*4.95*4.95*0
REF*PO*0020071006
REF*ST*09735
REF*DP*043
DTM*999*20071005
RMR*IK*973520071006*PI*6.5*6.5*0
REF*PO*0020071007
REF*ST*09735
REF*DP*043
DTM*999*20071006
RMR*IK*973520071010*PI*29.7*29.7*0
REF*PO*0020071011
REF*ST*09735
REF*DP*043
DTM*999*20071010
RMR*IK*975820071004*PI*10.85*10.85*0
REF*PO*0020071005
REF*ST*09758
REF*DP*043
DTM*999*20071004
RMR*IK*975820071005*PI*74.65*74.65*0
REF*PO*0020071006
REF*ST*09758
REF*DP*043
DTM*999*20071005
RMR*IK*975820071006*PI*15.5*15.5*0
REF*PO*0020071007
REF*ST*09758
REF*DP*043
DTM*999*20071006
RMR*IK*975820071007*PI*70*70*0
REF*PO*0020071008
REF*ST*09758
REF*DP*043
DTM*999*20071007
RMR*IK*975820071008*PI*2.8*2.8*0
REF*PO*0020071009
REF*ST*09758
REF*DP*043
DTM*999*20071008
RMR*IK*975820071010*PI*10.6*10.6*0
REF*PO*0020071011
REF*ST*09758
REF*DP*043
DTM*999*20071010
SE*3064*0001
GE*1*1000093
IEA*1*001000093
ISA*00*          *00*          *08*9254291001     *12*6154525825     *071106*0420*U*00400*000000192*0*P*>
GS*PD*9254291001*6154525825*20071106*0420*192*X*004010
ST*852*0001
XQ*H*20071106
N9*AD*T00000040
LIN**IN*002904411*ZZ*43*UP*831664001160*****DG*1*VS*00000
ZA*QS***006*20071105
CTP**UCP*.65
SDQ*EA*ZZ*3103*4*3194*1*4475*4*7066*3*9621*2*9648*2
LIN**IN*002904411*ZZ*43*UP*831664001160*****DG*3*VS*00000
ZA*QS***006*20071105
CTP**UCP*.65
SDQ*EA*ZZ*9620*2
LIN**IN*002904411*ZZ*43*UP*831664001160*****DG*9*VS*00000
ZA*QS***006*20071105
CTP**UCP*.65
SDQ*EA*ZZ*3713*3
CTT*3
SE*17*0001
ST*852*0002
XQ*H*20071106
N9*AD*T00000040
LIN**IN*078857311*ZZ*43*UP*831664001337*****DG*1*VS*00000
ZA*QS***006*20071105
CTP**UCP*1.4
SDQ*EA*ZZ*9571*2
CTT*1
SE*9*0002
ST*852*0003
XQ*H*20071106
N9*AD*T00000040
LIN**IN*079180612*ZZ*43*UP*831664001368*****DG*1*VS*00000
ZA*QS***006*20071105
CTP**UCP*4.25
SDQ*EA*ZZ*9625*1
LIN**IN*079180612*ZZ*43*UP*831664001368*****DG*8*VS*00000
ZA*QS***006*20071105
CTP**UCP*4.25
SDQ*EA*ZZ*3996*6
LIN**IN*079180612*ZZ*43*UP*831664001368*****DG*9*VS*00000
ZA*QS***006*20071105
CTP**UCP*4.25
SDQ*EA*ZZ*3713*1
CTT*3
SE*17*0003
ST*852*0004
XQ*H*20071106
N9*AD*T00000040
LIN**IN*097096111*ZZ*43*UP*831664000330*****DG*1*VS*00000
ZA*QS***006*20071105
CTP**UCP*1.95
SDQ*EA*ZZ*4719*2*7066*1
CTT*1
SE*9*0004
ST*852*0005
XQ*H*20071106
N9*AD*T00000040
LIN**IN*097096411*ZZ*43*UP*831664000453*****DG*1*VS*00000
ZA*QS***006*20071105
CTP**UCP*3
SDQ*EA*ZZ*7558*1
CTT*1
SE*9*0005
ST*852*0006
XQ*H*20071106
N9*AD*T00000040
LIN**IN*097097711*ZZ*43*UP*831664000521*****DG*1*VS*00000
ZA*QS***006*20071105
CTP**UCP*1.75
SDQ*EA*ZZ*3103*3*4198*1
LIN**IN*097097711*ZZ*43*UP*831664000521*****DG*5*VS*00000
ZA*QS***006*20071105
CTP**UCP*1.75
SDQ*EA*ZZ*7718*1
CTT*2
SE*13*0006
ST*852*0007
XQ*H*20071106
N9*AD*T00000040
LIN**IN*097097811*ZZ*43*UP*831664000538*****DG*1*VS*00000
ZA*QS***006*20071105
CTP**UCP*4.95
SDQ*EA*ZZ*3063*1
CTT*1
SE*9*0007
GE*7*192
IEA*1*000000192
*** SUPERTRACS READY FOR INPUT
