ISA*00*          *00*          *09*006985290EFT   *12*6154525825     *080328*2301*U*00400*001000110*0*P*>
GS*RA*006985290EFT*6154525825*20080328*2301*1000110*X*004010
ST*820*0001
BPR*I*2771.4*C*ACH*CCP*01*021000018*DA*0300955622*9008965873**01*064102601*DA*3000289*20080401*VEN
TRN*3*770283790*9008965873
DTM*097*20080328
N1*PR*KMART CORPORATION*1*008965873
N1*PE*YOUNGS FARMS*92*00069099588
N1*SE*YOUNGS FARMS*92*00069099588
ENT*1
RMR*IK*314320080305*PI*14.4*14.4*0
REF*PO*0020080306
REF*ST*03143
REF*DP*043
DTM*999*20080305
RMR*IK*322320080228*PI*22.2*22.2*0
REF*PO*0020080229
REF*ST*03223
REF*DP*043
DTM*999*20080228
RMR*IK*322320080301*PI*3.6*3.6*0
REF*PO*0020080302
REF*ST*03223
REF*DP*043
DTM*999*20080301
RMR*IK*322320080302*PI*50.3*50.3*0
REF*PO*0020080303
REF*ST*03223
REF*DP*043
DTM*999*20080302
RMR*IK*322320080303*PI*41.64*41.64*0
REF*PO*0020080304
REF*ST*03223
REF*DP*043
DTM*999*20080303
RMR*IK*322320080304*PI*2.95*2.95*0
REF*PO*0020080305
REF*ST*03223
REF*DP*043
DTM*999*20080304
RMR*IK*322320080305*PI*12*12*0
REF*PO*0020080306
REF*ST*03223
REF*DP*043
DTM*999*20080305
RMR*IK*324020080301*PI*7.2*7.2*0
REF*PO*0020080302
REF*ST*03240
REF*DP*043
DTM*999*20080301
RMR*IK*324020080303*PI*7.2*7.2*0
REF*PO*0020080304
REF*ST*03240
REF*DP*043
DTM*999*20080303
RMR*IK*324020080304*PI*6.6*6.6*0
REF*PO*0020080305
REF*ST*03240
REF*DP*043
DTM*999*20080304
RMR*IK*324020080305*PI*2.4*2.4*0
REF*PO*0020080306
REF*ST*03240
REF*DP*043
DTM*999*20080305
RMR*IK*328920080301*PI*6.6*6.6*0
REF*PO*0020080302
REF*ST*03289
REF*DP*043
DTM*999*20080301
RMR*IK*328920080302*PI*6*6*0
REF*PO*0020080303
REF*ST*03289
REF*DP*043
DTM*999*20080302
RMR*IK*328920080303*PI*3.6*3.6*0
REF*PO*0020080304
REF*ST*03289
REF*DP*043
DTM*999*20080303
RMR*IK*334820080305*PI*13.2*13.2*0
REF*PO*0020080306
REF*ST*03348
REF*DP*043
DTM*999*20080305
RMR*IK*335520080303*PI*78.45*78.45*0
REF*PO*0020080304
REF*ST*03355
REF*DP*043
DTM*999*20080303
RMR*IK*335520080304*PI*3.6*3.6*0
REF*PO*0020080305
REF*ST*03355
REF*DP*043
DTM*999*20080304
RMR*IK*335520080305*PI*1.2*1.2*0
REF*PO*0020080306
REF*ST*03355
REF*DP*043
DTM*999*20080305
RMR*IK*340820080305*PI*5.95*5.95*0
REF*PO*0020080306
REF*ST*03408
REF*DP*043
DTM*999*20080305
RMR*IK*342820080228*PI*1.2*1.2*0
REF*PO*0020080229
REF*ST*03428
REF*DP*043
DTM*999*20080228
RMR*IK*342820080301*PI*1.2*1.2*0
REF*PO*0020080302
REF*ST*03428
REF*DP*043
DTM*999*20080301
RMR*IK*342820080302*PI*6.6*6.6*0
REF*PO*0020080303
REF*ST*03428
REF*DP*043
DTM*999*20080302
RMR*IK*363220080228*PI*4.8*4.8*0
REF*PO*0020080229
REF*ST*03632
REF*DP*043
DTM*999*20080228
RMR*IK*363220080229*PI*6.6*6.6*0
REF*PO*0020080301
REF*ST*03632
REF*DP*043
DTM*999*20080229
RMR*IK*363220080301*PI*33.6*33.6*0
REF*PO*0020080302
REF*ST*03632
REF*DP*043
DTM*999*20080301
RMR*IK*363220080302*PI*3.6*3.6*0
REF*PO*0020080303
REF*ST*03632
REF*DP*043
DTM*999*20080302
RMR*IK*363220080303*PI*4.8*4.8*0
REF*PO*0020080304
REF*ST*03632
REF*DP*043
DTM*999*20080303
RMR*IK*363220080305*PI*3.6*3.6*0
REF*PO*0020080306
REF*ST*03632
REF*DP*043
DTM*999*20080305
RMR*IK*364520080229*PI*1.2*1.2*0
REF*PO*0020080301
REF*ST*03645
REF*DP*043
DTM*999*20080229
RMR*IK*364520080301*PI*2.4*2.4*0
REF*PO*0020080302
REF*ST*03645
REF*DP*043
DTM*999*20080301
RMR*IK*364520080303*PI*7.8*7.8*0
REF*PO*0020080304
REF*ST*03645
REF*DP*043
DTM*999*20080303
RMR*IK*366120080229*PI*20.4*20.4*0
REF*PO*0020080301
REF*ST*03661
REF*DP*043
DTM*999*20080229
RMR*IK*366120080301*PI*36.6*36.6*0
REF*PO*0020080302
REF*ST*03661
REF*DP*043
DTM*999*20080301
RMR*IK*366120080302*PI*33*33*0
REF*PO*0020080303
REF*ST*03661
REF*DP*043
DTM*999*20080302
RMR*IK*366120080303*PI*94.16*94.16*0
REF*PO*0020080304
REF*ST*03661
REF*DP*043
DTM*999*20080303
RMR*IK*366120080305*PI*2.4*2.4*0
REF*PO*0020080306
REF*ST*03661
REF*DP*043
DTM*999*20080305
RMR*IK*367520080229*PI*7.2*7.2*0
REF*PO*0020080301
REF*ST*03675
REF*DP*043
DTM*999*20080229
RMR*IK*367520080301*PI*31.2*31.2*0
REF*PO*0020080302
REF*ST*03675
REF*DP*043
DTM*999*20080301
RMR*IK*367520080302*PI*28.75*28.75*0
REF*PO*0020080303
REF*ST*03675
REF*DP*043
DTM*999*20080302
RMR*IK*367520080303*PI*22.8*22.8*0
REF*PO*0020080304
REF*ST*03675
REF*DP*043
DTM*999*20080303
RMR*IK*370120080228*PI*19.15*19.15*0
REF*PO*0020080229
REF*ST*03701
REF*DP*043
DTM*999*20080228
RMR*IK*370120080229*PI*6.55*6.55*0
REF*PO*0020080301
REF*ST*03701
REF*DP*043
DTM*999*20080229
RMR*IK*370120080301*PI*28.35*28.35*0
REF*PO*0020080302
REF*ST*03701
REF*DP*043
DTM*999*20080301
RMR*IK*370120080302*PI*86.61*86.61*0
REF*PO*0020080303
REF*ST*03701
REF*DP*043
DTM*999*20080302
RMR*IK*370120080303*PI*23*23*0
REF*PO*0020080304
REF*ST*03701
REF*DP*043
DTM*999*20080303
RMR*IK*370120080304*PI*26.13*26.13*0
REF*PO*0020080305
REF*ST*03701
REF*DP*043
DTM*999*20080304
RMR*IK*370120080305*PI*28.8*28.8*0
REF*PO*0020080306
REF*ST*03701
REF*DP*043
DTM*999*20080305
RMR*IK*380820080229*PI*33*33*0
REF*PO*0020080301
REF*ST*03808
REF*DP*043
DTM*999*20080229
RMR*IK*380820080302*PI*13.2*13.2*0
REF*PO*0020080303
REF*ST*03808
REF*DP*043
DTM*999*20080302
RMR*IK*380820080326*PI*-16*-16*0
REF*PO*0020080328
REF*ST*03808
REF*DP*043
DTM*999*20080326
RMR*IK*384820080305*PI*3.6*3.6*0
REF*PO*0020080306
REF*ST*03848
REF*DP*043
DTM*999*20080305
RMR*IK*385220080229*PI*3.6*3.6*0
REF*PO*0020080301
REF*ST*03852
REF*DP*043
DTM*999*20080229
RMR*IK*385220080301*PI*6.6*6.6*0
REF*PO*0020080302
REF*ST*03852
REF*DP*043
DTM*999*20080301
RMR*IK*385220080302*PI*27.6*27.6*0
REF*PO*0020080303
REF*ST*03852
REF*DP*043
DTM*999*20080302
RMR*IK*385220080305*PI*4.8*4.8*0
REF*PO*0020080306
REF*ST*03852
REF*DP*043
DTM*999*20080305
RMR*IK*392520080229*PI*1.2*1.2*0
REF*PO*0020080301
REF*ST*03925
REF*DP*043
DTM*999*20080229
RMR*IK*392520080301*PI*7.2*7.2*0
REF*PO*0020080302
REF*ST*03925
REF*DP*043
DTM*999*20080301
RMR*IK*392520080303*PI*6.6*6.6*0
REF*PO*0020080304
REF*ST*03925
REF*DP*043
DTM*999*20080303
RMR*IK*392520080304*PI*28.8*28.8*0
REF*PO*0020080305
REF*ST*03925
REF*DP*043
DTM*999*20080304
RMR*IK*392520080305*PI*10.8*10.8*0
REF*PO*0020080306
REF*ST*03925
REF*DP*043
DTM*999*20080305
RMR*IK*393920080301*PI*10.75*10.75*0
REF*PO*0020080302
REF*ST*03939
REF*DP*043
DTM*999*20080301
RMR*IK*393920080302*PI*8.4*8.4*0
REF*PO*0020080303
REF*ST*03939
REF*DP*043
DTM*999*20080302
RMR*IK*393920080305*PI*7.2*7.2*0
REF*PO*0020080306
REF*ST*03939
REF*DP*043
DTM*999*20080305
RMR*IK*395720080228*PI*12*12*0
REF*PO*0020080229
REF*ST*03957
REF*DP*043
DTM*999*20080228
RMR*IK*395720080229*PI*79*79*0
REF*PO*0020080301
REF*ST*03957
REF*DP*043
DTM*999*20080229
RMR*IK*395720080301*PI*2.4*2.4*0
REF*PO*0020080302
REF*ST*03957
REF*DP*043
DTM*999*20080301
RMR*IK*395720080302*PI*28.2*28.2*0
REF*PO*0020080303
REF*ST*03957
REF*DP*043
DTM*999*20080302
RMR*IK*395720080303*PI*6*6*0
REF*PO*0020080304
REF*ST*03957
REF*DP*043
DTM*999*20080303
RMR*IK*395720080304*PI*28.8*28.8*0
REF*PO*0020080305
REF*ST*03957
REF*DP*043
DTM*999*20080304
RMR*IK*395720080305*PI*12.6*12.6*0
REF*PO*0020080306
REF*ST*03957
REF*DP*043
DTM*999*20080305
RMR*IK*396720080302*PI*19.2*19.2*0
REF*PO*0020080303
REF*ST*03967
REF*DP*043
DTM*999*20080302
RMR*IK*396720080303*PI*6*6*0
REF*PO*0020080304
REF*ST*03967
REF*DP*043
DTM*999*20080303
RMR*IK*397520080301*PI*12.8*12.8*0
REF*PO*0020080302
REF*ST*03975
REF*DP*043
DTM*999*20080301
RMR*IK*397520080302*PI*14.35*14.35*0
REF*PO*0020080303
REF*ST*03975
REF*DP*043
DTM*999*20080302
RMR*IK*397520080303*PI*4.8*4.8*0
REF*PO*0020080304
REF*ST*03975
REF*DP*043
DTM*999*20080303
RMR*IK*397520080304*PI*2.4*2.4*0
REF*PO*0020080305
REF*ST*03975
REF*DP*043
DTM*999*20080304
RMR*IK*397520080305*PI*18.55*18.55*0
REF*PO*0020080306
REF*ST*03975
REF*DP*043
DTM*999*20080305
RMR*IK*399420080302*PI*13.2*13.2*0
REF*PO*0020080303
REF*ST*03994
REF*DP*043
DTM*999*20080302
RMR*IK*399420080303*PI*10.8*10.8*0
REF*PO*0020080304
REF*ST*03994
REF*DP*043
DTM*999*20080303
RMR*IK*399420080304*PI*4.8*4.8*0
REF*PO*0020080305
REF*ST*03994
REF*DP*043
DTM*999*20080304
RMR*IK*399620080301*PI*11.4*11.4*0
REF*PO*0020080302
REF*ST*03996
REF*DP*043
DTM*999*20080301
RMR*IK*399620080303*PI*32.4*32.4*0
REF*PO*0020080304
REF*ST*03996
REF*DP*043
DTM*999*20080303
RMR*IK*399620080304*PI*4.8*4.8*0
REF*PO*0020080305
REF*ST*03996
REF*DP*043
DTM*999*20080304
RMR*IK*399620080321*PI*-17.35*-17.35*0
REF*PO*0020080323
REF*ST*03996
REF*DP*043
DTM*999*20080321
RMR*IK*401620080302*PI*7.2*7.2*0
REF*PO*0020080303
REF*ST*04016
REF*DP*043
DTM*999*20080302
RMR*IK*401620080303*PI*1.2*1.2*0
REF*PO*0020080304
REF*ST*04016
REF*DP*043
DTM*999*20080303
RMR*IK*401620080305*PI*1.2*1.2*0
REF*PO*0020080306
REF*ST*04016
REF*DP*043
DTM*999*20080305
RMR*IK*412220080228*PI*6.6*6.6*0
REF*PO*0020080229
REF*ST*04122
REF*DP*043
DTM*999*20080228
RMR*IK*412220080301*PI*9.55*9.55*0
REF*PO*0020080302
REF*ST*04122
REF*DP*043
DTM*999*20080301
RMR*IK*412220080302*PI*3.6*3.6*0
REF*PO*0020080303
REF*ST*04122
REF*DP*043
DTM*999*20080302
RMR*IK*412220080303*PI*4.8*4.8*0
REF*PO*0020080304
REF*ST*04122
REF*DP*043
DTM*999*20080303
RMR*IK*412220080304*PI*4.8*4.8*0
REF*PO*0020080305
REF*ST*04122
REF*DP*043
DTM*999*20080304
RMR*IK*418920080228*PI*7.2*7.2*0
REF*PO*0020080229
REF*ST*04189
REF*DP*043
DTM*999*20080228
RMR*IK*418920080229*PI*58.08*58.08*0
REF*PO*0020080301
REF*ST*04189
REF*DP*043
DTM*999*20080229
RMR*IK*418920080301*PI*49.8*49.8*0
REF*PO*0020080302
REF*ST*04189
REF*DP*043
DTM*999*20080301
RMR*IK*418920080302*PI*7.2*7.2*0
REF*PO*0020080303
REF*ST*04189
REF*DP*043
DTM*999*20080302
RMR*IK*418920080303*PI*37.03*37.03*0
REF*PO*0020080304
REF*ST*04189
REF*DP*043
DTM*999*20080303
RMR*IK*418920080304*PI*76*76*0
REF*PO*0020080305
REF*ST*04189
REF*DP*043
DTM*999*20080304
RMR*IK*418920080305*PI*34.08*34.08*0
REF*PO*0020080306
REF*ST*04189
REF*DP*043
DTM*999*20080305
RMR*IK*419820080228*PI*21.31*21.31*0
REF*PO*0020080229
REF*ST*04198
REF*DP*043
DTM*999*20080228
RMR*IK*419820080229*PI*35.4*35.4*0
REF*PO*0020080301
REF*ST*04198
REF*DP*043
DTM*999*20080229
RMR*IK*419820080301*PI*4.8*4.8*0
REF*PO*0020080302
REF*ST*04198
REF*DP*043
DTM*999*20080301
RMR*IK*419820080302*PI*19.8*19.8*0
REF*PO*0020080303
REF*ST*04198
REF*DP*043
DTM*999*20080302
RMR*IK*419820080303*PI*12*12*0
REF*PO*0020080304
REF*ST*04198
REF*DP*043
DTM*999*20080303
RMR*IK*419820080304*PI*4.08*4.08*0
REF*PO*0020080305
REF*ST*04198
REF*DP*043
DTM*999*20080304
RMR*IK*420220080229*PI*13.2*13.2*0
REF*PO*0020080301
REF*ST*04202
REF*DP*043
DTM*999*20080229
RMR*IK*420220080301*PI*27*27*0
REF*PO*0020080302
REF*ST*04202
REF*DP*043
DTM*999*20080301
RMR*IK*420220080302*PI*46.8*46.8*0
REF*PO*0020080303
REF*ST*04202
REF*DP*043
DTM*999*20080302
RMR*IK*420220080303*PI*45*45*0
REF*PO*0020080304
REF*ST*04202
REF*DP*043
DTM*999*20080303
RMR*IK*420220080304*PI*16.8*16.8*0
REF*PO*0020080305
REF*ST*04202
REF*DP*043
DTM*999*20080304
RMR*IK*424420080305*PI*4.8*4.8*0
REF*PO*0020080306
REF*ST*04244
REF*DP*043
DTM*999*20080305
RMR*IK*472320080229*PI*9.6*9.6*0
REF*PO*0020080301
REF*ST*04723
REF*DP*043
DTM*999*20080229
RMR*IK*472320080301*PI*11.4*11.4*0
REF*PO*0020080302
REF*ST*04723
REF*DP*043
DTM*999*20080301
RMR*IK*472320080303*PI*11.4*11.4*0
REF*PO*0020080304
REF*ST*04723
REF*DP*043
DTM*999*20080303
RMR*IK*472320080304*PI*16.2*16.2*0
REF*PO*0020080305
REF*ST*04723
REF*DP*043
DTM*999*20080304
RMR*IK*472320080305*PI*10.8*10.8*0
REF*PO*0020080306
REF*ST*04723
REF*DP*043
DTM*999*20080305
RMR*IK*475720080302*PI*25.2*25.2*0
REF*PO*0020080303
REF*ST*04757
REF*DP*043
DTM*999*20080302
RMR*IK*475720080305*PI*2.4*2.4*0
REF*PO*0020080306
REF*ST*04757
REF*DP*043
DTM*999*20080305
RMR*IK*476020080228*PI*13.2*13.2*0
REF*PO*0020080229
REF*ST*04760
REF*DP*043
DTM*999*20080228
RMR*IK*476020080229*PI*6*6*0
REF*PO*0020080301
REF*ST*04760
REF*DP*043
DTM*999*20080229
RMR*IK*476020080301*PI*21.6*21.6*0
REF*PO*0020080302
REF*ST*04760
REF*DP*043
DTM*999*20080301
RMR*IK*476020080302*PI*27.6*27.6*0
REF*PO*0020080303
REF*ST*04760
REF*DP*043
DTM*999*20080302
RMR*IK*476020080303*PI*15.6*15.6*0
REF*PO*0020080304
REF*ST*04760
REF*DP*043
DTM*999*20080303
RMR*IK*497020080305*PI*14.4*14.4*0
REF*PO*0020080306
REF*ST*04970
REF*DP*043
DTM*999*20080305
RMR*IK*507020080301*PI*14.16*14.16*0
REF*PO*0020080303
REF*ST*05070
REF*DP*043
DTM*999*20080301
RMR*IK*507020080303*PI*13.2*13.2*0
REF*PO*0020080305
REF*ST*05070
REF*DP*043
DTM*999*20080303
RMR*IK*507020080304*PI*7.1*7.1*0
REF*PO*0020080306
REF*ST*05070
REF*DP*043
DTM*999*20080304
RMR*IK*507020080305*PI*3.84*3.84*0
REF*PO*0020080307
REF*ST*05070
REF*DP*043
DTM*999*20080305
RMR*IK*507720080229*PI*14.4*14.4*0
REF*PO*0020080302
REF*ST*05077
REF*DP*043
DTM*999*20080229
RMR*IK*705920080301*PI*2.4*2.4*0
REF*PO*0020080302
REF*ST*07059
REF*DP*043
DTM*999*20080301
RMR*IK*705920080302*PI*1.2*1.2*0
REF*PO*0020080303
REF*ST*07059
REF*DP*043
DTM*999*20080302
RMR*IK*705920080303*PI*6.6*6.6*0
REF*PO*0020080304
REF*ST*07059
REF*DP*043
DTM*999*20080303
RMR*IK*705920080304*PI*5.95*5.95*0
REF*PO*0020080305
REF*ST*07059
REF*DP*043
DTM*999*20080304
RMR*IK*720820080228*PI*1.2*1.2*0
REF*PO*0020080229
REF*ST*07208
REF*DP*043
DTM*999*20080228
RMR*IK*720820080229*PI*15.6*15.6*0
REF*PO*0020080301
REF*ST*07208
REF*DP*043
DTM*999*20080229
RMR*IK*720820080301*PI*39*39*0
REF*PO*0020080302
REF*ST*07208
REF*DP*043
DTM*999*20080301
RMR*IK*720820080302*PI*26.4*26.4*0
REF*PO*0020080303
REF*ST*07208
REF*DP*043
DTM*999*20080302
RMR*IK*720820080303*PI*34.8*34.8*0
REF*PO*0020080304
REF*ST*07208
REF*DP*043
DTM*999*20080303
RMR*IK*720820080304*PI*1.2*1.2*0
REF*PO*0020080305
REF*ST*07208
REF*DP*043
DTM*999*20080304
RMR*IK*720820080305*PI*3.6*3.6*0
REF*PO*0020080306
REF*ST*07208
REF*DP*043
DTM*999*20080305
RMR*IK*727420080301*PI*4.8*4.8*0
REF*PO*0020080302
REF*ST*07274
REF*DP*043
DTM*999*20080301
RMR*IK*727420080303*PI*1.2*1.2*0
REF*PO*0020080304
REF*ST*07274
REF*DP*043
DTM*999*20080303
RMR*IK*727420080304*PI*2.4*2.4*0
REF*PO*0020080305
REF*ST*07274
REF*DP*043
DTM*999*20080304
RMR*IK*727420080305*PI*7.8*7.8*0
REF*PO*0020080306
REF*ST*07274
REF*DP*043
DTM*999*20080305
RMR*IK*727820080228*PI*6.6*6.6*0
REF*PO*0020080229
REF*ST*07278
REF*DP*043
DTM*999*20080228
RMR*IK*727820080229*PI*15.6*15.6*0
REF*PO*0020080301
REF*ST*07278
REF*DP*043
DTM*999*20080229
RMR*IK*727820080302*PI*14.4*14.4*0
REF*PO*0020080303
REF*ST*07278
REF*DP*043
DTM*999*20080302
RMR*IK*727820080304*PI*2.4*2.4*0
REF*PO*0020080305
REF*ST*07278
REF*DP*043
DTM*999*20080304
RMR*IK*735820080325*PI*-1.2*-1.2*0
REF*PO*0020080327
REF*ST*07358
REF*DP*043
DTM*999*20080325
RMR*IK*738820080229*PI*9*9*0
REF*PO*0020080301
REF*ST*07388
REF*DP*043
DTM*999*20080229
RMR*IK*738820080301*PI*16.8*16.8*0
REF*PO*0020080302
REF*ST*07388
REF*DP*043
DTM*999*20080301
RMR*IK*738820080302*PI*21.6*21.6*0
REF*PO*0020080303
REF*ST*07388
REF*DP*043
DTM*999*20080302
RMR*IK*738820080305*PI*13.8*13.8*0
REF*PO*0020080306
REF*ST*07388
REF*DP*043
DTM*999*20080305
RMR*IK*746020080305*PI*1.2*1.2*0
REF*PO*0020080306
REF*ST*07460
REF*DP*043
DTM*999*20080305
RMR*IK*755820080228*PI*13.2*13.2*0
REF*PO*0020080229
REF*ST*07558
REF*DP*043
DTM*999*20080228
RMR*IK*755820080229*PI*2.4*2.4*0
REF*PO*0020080301
REF*ST*07558
REF*DP*043
DTM*999*20080229
RMR*IK*755820080301*PI*4.8*4.8*0
REF*PO*0020080302
REF*ST*07558
REF*DP*043
DTM*999*20080301
RMR*IK*755820080302*PI*23.6*23.6*0
REF*PO*0020080303
REF*ST*07558
REF*DP*043
DTM*999*20080302
RMR*IK*755820080303*PI*10.8*10.8*0
REF*PO*0020080304
REF*ST*07558
REF*DP*043
DTM*999*20080303
RMR*IK*755820080304*PI*23.4*23.4*0
REF*PO*0020080305
REF*ST*07558
REF*DP*043
DTM*999*20080304
RMR*IK*755820080305*PI*8.4*8.4*0
REF*PO*0020080306
REF*ST*07558
REF*DP*043
DTM*999*20080305
RMR*IK*771820080305*PI*6.6*6.6*0
REF*PO*0020080306
REF*ST*07718
REF*DP*043
DTM*999*20080305
RMR*IK*775420080228*PI*6.6*6.6*0
REF*PO*0020080229
REF*ST*07754
REF*DP*043
DTM*999*20080228
RMR*IK*775420080301*PI*26.4*26.4*0
REF*PO*0020080302
REF*ST*07754
REF*DP*043
DTM*999*20080301
RMR*IK*775420080302*PI*2.4*2.4*0
REF*PO*0020080303
REF*ST*07754
REF*DP*043
DTM*999*20080302
RMR*IK*775420080303*PI*2.4*2.4*0
REF*PO*0020080304
REF*ST*07754
REF*DP*043
DTM*999*20080303
RMR*IK*921720080229*PI*1.2*1.2*0
REF*PO*0020080301
REF*ST*09217
REF*DP*043
DTM*999*20080229
RMR*IK*921720080302*PI*16.75*16.75*0
REF*PO*0020080303
REF*ST*09217
REF*DP*043
DTM*999*20080302
RMR*IK*921720080303*PI*15*15*0
REF*PO*0020080304
REF*ST*09217
REF*DP*043
DTM*999*20080303
RMR*IK*921720080304*PI*4.8*4.8*0
REF*PO*0020080305
REF*ST*09217
REF*DP*043
DTM*999*20080304
RMR*IK*921720080305*PI*2.4*2.4*0
REF*PO*0020080306
REF*ST*09217
REF*DP*043
DTM*999*20080305
RMR*IK*932020080228*PI*2.4*2.4*0
REF*PO*0020080229
REF*ST*09320
REF*DP*043
DTM*999*20080228
RMR*IK*954920080229*PI*6.6*6.6*0
REF*PO*0020080301
REF*ST*09549
REF*DP*043
DTM*999*20080229
RMR*IK*954920080301*PI*4.8*4.8*0
REF*PO*0020080302
REF*ST*09549
REF*DP*043
DTM*999*20080301
RMR*IK*954920080302*PI*26.4*26.4*0
REF*PO*0020080303
REF*ST*09549
REF*DP*043
DTM*999*20080302
RMR*IK*954920080303*PI*6.6*6.6*0
REF*PO*0020080304
REF*ST*09549
REF*DP*043
DTM*999*20080303
RMR*IK*954920080305*PI*8.4*8.4*0
REF*PO*0020080306
REF*ST*09549
REF*DP*043
DTM*999*20080305
RMR*IK*956320080228*PI*6.6*6.6*0
REF*PO*0020080229
REF*ST*09563
REF*DP*043
DTM*999*20080228
RMR*IK*956320080229*PI*19.8*19.8*0
REF*PO*0020080301
REF*ST*09563
REF*DP*043
DTM*999*20080229
RMR*IK*962020080305*PI*1.2*1.2*0
REF*PO*0020080306
REF*ST*09620
REF*DP*043
DTM*999*20080305
RMR*IK*962920080305*PI*8.4*8.4*0
REF*PO*0020080306
REF*ST*09629
REF*DP*043
DTM*999*20080305
RMR*IK*964820080305*PI*11.95*11.95*0
REF*PO*0020080306
REF*ST*09648
REF*DP*043
DTM*999*20080305
RMR*IK*971420080229*PI*12*12*0
REF*PO*0020080301
REF*ST*09714
REF*DP*043
DTM*999*20080229
RMR*IK*971420080301*PI*5.35*5.35*0
REF*PO*0020080302
REF*ST*09714
REF*DP*043
DTM*999*20080301
RMR*IK*971420080302*PI*51.69*51.69*0
REF*PO*0020080303
REF*ST*09714
REF*DP*043
DTM*999*20080302
RMR*IK*971420080303*PI*15.19*15.19*0
REF*PO*0020080304
REF*ST*09714
REF*DP*043
DTM*999*20080303
RMR*IK*971420080304*PI*9.6*9.6*0
REF*PO*0020080305
REF*ST*09714
REF*DP*043
DTM*999*20080304
RMR*IK*971420080305*PI*25.4*25.4*0
REF*PO*0020080306
REF*ST*09714
REF*DP*043
DTM*999*20080305
SE*949*0001
GE*1*1000110
IEA*1*001000110
ISA*00*          *00*          *08*9254291001     *12*6154525825     *080401*0420*U*00400*000000300*0*P*>
GS*PD*9254291001*6154525825*20080401*0420*300*X*004010
ST*852*0001
XQ*H*20080401
N9*AD*T00000040
LIN**IN*002904411*ZZ*43*UP*831664001160*****DG*1*VS*00000
ZA*QS***006*20080331
CTP**UCP*1.2
SDQ*EA*ZZ*3022*10*3063*1*3143*2*3147*4*3253*4*3645*1*3660*6*3672*2*3703*4*3715*4
SDQ*EA*ZZ*3773*3*3848*11*3852*2*3886*12*3941*7*3996*3*4033*8*4093*1*4137*1*4202*1
SDQ*EA*ZZ*4475*8*4717*2*7255*6*7353*1*7382*3*7607*2*7622*2*7754*3*9620*1*9633*1
SDQ*EA*ZZ*9639*2*9648*2
CTT*1
SE*12*0001
ST*852*0002
XQ*H*20080401
N9*AD*T00000040
LIN**IN*002916611*ZZ*43*UP*831664001184*****DG*1*VS*00000
ZA*QS***006*20080331
CTP**UCP*3.4
SDQ*EA*ZZ*3646*2*3703*3*7066*2*9758*1
CTT*1
SE*9*0002
ST*852*0003
XQ*H*20080401
N9*AD*T00000040
LIN**IN*025393811*ZZ*43*UP*831664001238*****DG*1*VS*00000
ZA*QS***006*20080330
CTP**UCP*9.25
SDQ*EA*ZZ*5014*1
ZA*QS***006*20080331
CTP**UCP*9.25
SDQ*EA*ZZ*4016*1*7208*-2
CTT*1
SE*12*0003
ST*852*0004
XQ*H*20080401
N9*AD*T00000040
LIN**IN*025395211*ZZ*43*UP*831664001252*****DG*1*VS*00000
ZA*QS***006*20080331
CTP**UCP*8
SDQ*EA*ZZ*3083*2*3143*1*3348*1*3355*1*3359*1*3646*7*3701*2*3703*3*3713*1*3715*2
SDQ*EA*ZZ*3808*1*3848*2*3978*4*4033*1*4103*3*4198*2*4244*5*4866*1*7066*4*7132*1
SDQ*EA*ZZ*7274*1*7351*1*7362*2*7558*2*7607*2*7629*1*9217*3*9547*2*9571*2*9620*2
SDQ*EA*ZZ*9621*1*9639*1*9648*4
LIN**IN*025395211*ZZ*43*UP*831664001252*****DG*8*VS*00000
ZA*QS***006*20080331
CTP**UCP*8
SDQ*EA*ZZ*3941*1
CTT*2
SE*16*0004
ST*852*0005
XQ*H*20080401
N9*AD*T00000040
LIN**IN*025397611*ZZ*43*UP*831664001245*****DG*1*VS*00000
ZA*QS***006*20080330
CTP**UCP*5.95
SDQ*EA*ZZ*5070*1
ZA*QS***006*20080331
CTP**UCP*5.95
SDQ*EA*ZZ*4970*1*9547*2
LIN**IN*025397611*ZZ*43*UP*831664001245*****DG*3*VS*00000
ZA*QS***006*20080331
CTP**UCP*5.95
SDQ*EA*ZZ*3143*1*3223*4*3348*1*3646*1*3672*1*3701*1*3703*4*4093*2*4308*1*4312*2
SDQ*EA*ZZ*4866*2*7066*1*7076*1*7154*1*7208*1*7274*2*7351*2*7629*2*9563*1*9625*1
SDQ*EA*ZZ*9674*1
CTT*2
SE*18*0005
ST*852*0006
XQ*H*20080401
N9*AD*T00000040
LIN**IN*025412011*ZZ*43*UP*831664001276*****DG*1*VS*00000
ZA*QS***006*20080330
CTP**UCP*2.45
SDQ*EA*ZZ*5070*3*5077*3
ZA*QS***006*20080331
CTP**UCP*2.45
SDQ*EA*ZZ*3143*7*3661*5*3672*4*4122*5*4202*2*7208*3*7274*2*7461*6*7558*2*7607*3
LIN**IN*025412011*ZZ*43*UP*831664001276*****DG*8*VS*00000
ZA*QS***006*20080331
CTP**UCP*2.45
SDQ*EA*ZZ*7719*1
CTT*2
SE*16*0006
ST*852*0007
XQ*H*20080401
N9*AD*T00000040
LIN**IN*039868311*ZZ*43*UP*831664001405*****DG*1*VS*00000
ZA*QS***006*20080331
CTP**UCP*2.95
SDQ*EA*ZZ*3359*2*3672*1*3703*5*3773*1*3822*3*3939*1*3966*1*4093*2*4103*1*4122*4
SDQ*EA*ZZ*4308*1*4312*1*4717*3*4760*1*4817*1*7045*1*7066*2*7069*5*7132*1*7278*2
SDQ*EA*ZZ*7610*1*7637*1*9571*3*9620*2*9648*3
LIN**IN*039868311*ZZ*43*UP*831664001405*****DG*5*VS*00000
ZA*QS***006*20080331
CTP**UCP*2.95
SDQ*EA*ZZ*9620*1
CTT*2
SE*15*0007
ST*852*0008
XQ*H*20080401
N9*AD*T00000040
LIN**IN*048848711*ZZ*43*UP*831664001153*****DG*1*VS*00000
ZA*QS***006*20080331
CTP**UCP*3.4
SDQ*EA*ZZ*3672*1
CTT*1
SE*9*0008
ST*852*0009
XQ*H*20080401
N9*AD*T00000040
LIN**IN*053241411*ZZ*43*UP*831664001313*****DG*1*VS*00000
ZA*QS***006*20080331
CTP**UCP*1.44
SDQ*EA*ZZ*3084*4*3143*14*3223*2*3289*2*3646*3*3672*2*3703*13*3975*3*4016*9*4093*17
SDQ*EA*ZZ*4137*1*4202*3*4244*10*4308*2*4312*2*4883*2*4970*1*7066*4*7208*20*7358*8
SDQ*EA*ZZ*7719*3*7754*1*9217*1*9571*1*9620*6*9621*2*9648*19*9758*2
CTT*1
SE*11*0009
ST*852*0010
XQ*H*20080401
N9*AD*T00000040
LIN**IN*079180612*ZZ*43*UP*831664001368*****DG*1*VS*00000
ZA*QS***006*20080331
CTP**UCP*4.25
SDQ*EA*ZZ*7132*1
CTT*1
SE*9*0010
ST*852*0011
XQ*H*20080401
N9*AD*T00000040
LIN**IN*096901411*ZZ*43*UP*831664001139*****DG*1*VS*00000
ZA*QS***006*20080331
CTP**UCP*2.95
SDQ*EA*ZZ*3703*3
CTT*1
SE*9*0011
ST*852*0012
XQ*H*20080401
N9*AD*T00000040
LIN**IN*096901811*ZZ*43*UP*831664001122*****DG*1*VS*00000
ZA*QS***006*20080331
CTP**UCP*4.85
SDQ*EA*ZZ*3084*1*3223*2*3348*1*7208*1*9648*8
CTT*1
SE*9*0012
ST*852*0013
XQ*H*20080401
N9*AD*T00000040
LIN**IN*097065711*ZZ*43*UP*831664000842*****DG*1*VS*00000
ZA*QS***006*20080330
CTP**UCP*6.6
SDQ*EA*ZZ*5014*1*5077*1
ZA*QS***006*20080331
CTP**UCP*6.6
SDQ*EA*ZZ*3022*2*3084*1*3223*2*3348*1*3355*1*3408*1*3661*4*3672*1*3685*1*3703*17
SDQ*EA*ZZ*3822*2*3836*4*3848*4*3886*2*3941*2*4016*1*4093*1*4189*3*4198*1*4202*2
SDQ*EA*ZZ*4244*4*4308*3*4475*10*4717*2*4739*2*4898*2*7076*1*7255*1*7353*2*7358*2
SDQ*EA*ZZ*7461*3*7607*1*7610*2*7718*6*9571*1*9620*1*9621*2*9625*4*9648*2*9674*2
SDQ*EA*ZZ*9714*2
LIN**IN*097065711*ZZ*43*UP*831664000842*****DG*8*VS*00000
ZA*QS***006*20080331
CTP**UCP*6.6
SDQ*EA*ZZ*3359*7
CTT*2
SE*20*0013
ST*852*0014
XQ*H*20080401
N9*AD*T00000040
LIN**IN*097095611*ZZ*43*UP*831664000019*****DG*1*VS*00000
ZA*QS***006*20080330
CTP**UCP*1.2
SDQ*EA*ZZ*5014*6*5023*4*5066*34*5070*35
LIN**IN*097095611*ZZ*43*UP*831664000019*****DG*3*VS*00000
ZA*QS***006*20080330
CTP**UCP*1.2
SDQ*EA*ZZ*5077*53
LIN**IN*097095611*ZZ*43*UP*831664000019*****DG*1*VS*00000
ZA*QS***006*20080331
CTP**UCP*1.2
SDQ*EA*ZZ*3022*3*3063*10*3083*3*3084*15*3143*14*3194*13*3223*25*3240*32*3289*18*3348*5
SDQ*EA*ZZ*3355*25*3359*73*3408*2*3644*14*3645*8*3646*20*3660*7*3661*17*3672*50*3701*3
SDQ*EA*ZZ*3703*13*3713*4*3715*16*3773*7*3822*2*3836*3*3848*9*3852*9*3876*5*3925*6
SDQ*EA*ZZ*3939*1*3941*15*3957*3*3966*1*3967*6*3975*18*3978*19*3996*9*4016*36*4033*8
SDQ*EA*ZZ*4071*2*4093*25*4103*73*4112*1*4122*6*4137*3*4189*77*4198*29*4202*55*4244*19
SDQ*EA*ZZ*4308*26*4312*21*4475*16*4717*15*4719*12*4723*1*4739*20*4760*3*4817*33*4866*10
SDQ*EA*ZZ*4883*13*4898*16*4970*12*7043*9*7045*3*7059*8*7060*13*7066*39*7069*55*7076*13
SDQ*EA*ZZ*7132*11*7146*2*7154*3*7208*23*7255*10*7274*37*7278*2*7351*3*7354*30*7358*30
SDQ*EA*ZZ*7362*2*7388*12*7407*6*7437*6*7460*9*7461*1*7558*17*7610*12*7622*2*7629*1
SDQ*EA*ZZ*7637*5*7718*10*7719*45*7754*4*9129*2*9217*33*9320*2*9513*3*9547*7*9563*2
SDQ*EA*ZZ*9571*12*9620*4*9621*3*9625*19*9629*25*9633*22*9639*2*9648*56*9657*23*9674*9
SDQ*EA*ZZ*9714*20*9735*3*9758*27
CTT*3
SE*28*0014
ST*852*0015
XQ*H*20080401
N9*AD*T00000040
LIN**IN*097095711*ZZ*43*UP*831664000255*****DG*1*VS*00000
ZA*QS***006*20080331
CTP**UCP*.92
SDQ*EA*ZZ*3143*16*3223*9*3355*5*3632*6*3701*11*3925*2*3975*3*3978*1*4189*3*4198*9
SDQ*EA*ZZ*4723*9*4760*1*4866*3*7059*1*7066*2*7208*6*7388*2*7719*1*9648*5*9714*4
CTT*1
SE*10*0015
ST*852*0016
XQ*H*20080401
N9*AD*T00000040
LIN**IN*097095811*ZZ*43*UP*831664000699*****DG*1*VS*00000
ZA*QS***006*20080330
CTP**UCP*.92
SDQ*EA*ZZ*5066*6*5070*4
ZA*QS***006*20080331
CTP**UCP*.92
SDQ*EA*ZZ*3143*7*3289*4*3355*1*3675*2*3703*3*3975*12*4244*1*4719*6*7069*4*7208*2
SDQ*EA*ZZ*7607*5*7637*1*7718*1*7719*8*9621*1*9625*8*9648*12*9714*2
CTT*1
SE*13*0016
ST*852*0017
XQ*H*20080401
N9*AD*T00000040
LIN**IN*097095911*ZZ*43*UP*831664000675*****DG*1*VS*00000
ZA*QS***006*20080331
CTP**UCP*2
SDQ*EA*ZZ*3022*1*3063*2*3084*8*3194*2*3646*2*3701*3*3967*1*4033*1*4093*1*4202*4
SDQ*EA*ZZ*4312*4*4739*2*7208*2*7274*2*7461*2*7719*1*9571*2*9620*1*9629*2
CTT*1
SE*10*0017
ST*852*0018
XQ*H*20080401
N9*AD*T00000040
LIN**IN*097096011*ZZ*43*UP*831664000682*****DG*1*VS*00000
ZA*QS***006*20080331
CTP**UCP*1.4
SDQ*EA*ZZ*3675*2*4189*1*7208*4*7388*1
CTT*1
SE*9*0018
ST*852*0019
XQ*H*20080401
N9*AD*T00000040
LIN**IN*097096111*ZZ*43*UP*831664000330*****DG*1*VS*00000
ZA*QS***006*20080330
CTP**UCP*2
SDQ*EA*ZZ*5014*1*5070*5
ZA*QS***006*20080331
CTP**UCP*2
SDQ*EA*ZZ*3223*2*3661*6*3701*1*3703*14*3978*2*4016*6*4122*3*4198*7*4202*8*7066*4
SDQ*EA*ZZ*7146*1*7208*3*7274*3*7637*4*7719*1*7754*2*9648*3*9714*1
CTT*1
SE*13*0019
ST*852*0020
XQ*H*20080401
N9*AD*T00000040
LIN**IN*097096211*ZZ*43*UP*831664000941*****DG*1*VS*00000
ZA*QS***006*20080330
CTP**UCP*2.45
SDQ*EA*ZZ*5014*8
ZA*QS***006*20080331
CTP**UCP*2.45
SDQ*EA*ZZ*3194*1*3223*1*3701*2*3941*1*4093*1*4202*2*4244*1*4308*1*4817*2*7066*1
SDQ*EA*ZZ*7208*2*7358*1*7719*1*9621*1*9714*1*9758*1
CTT*1
SE*13*0020
ST*852*0021
XQ*H*20080401
N9*AD*T00000040
LIN**IN*097096311*ZZ*43*UP*831664000743*****DG*1*VS*00000
ZA*QS***006*20080330
CTP**UCP*2.95
SDQ*EA*ZZ*5014*1*5070*3*5077*2
ZA*QS***006*20080331
CTP**UCP*2.95
SDQ*EA*ZZ*3084*1*3143*4*3147*2*3194*1*3408*3*3632*4*3646*2*3661*1*3672*7*3703*4
SDQ*EA*ZZ*3713*1*3773*1*3876*1*3966*1*3975*1*3978*1*4016*1*4033*2*4071*1*4202*2
SDQ*EA*ZZ*4475*1*4719*3*4739*1*7045*1*7069*3*7274*3*7407*1*7461*12*7558*10*7637*9
SDQ*EA*ZZ*7719*5*9620*1*9633*1*9648*2*9758*2
CTT*1
SE*15*0021
ST*852*0022
XQ*H*20080401
N9*AD*T00000040
LIN**IN*097096411*ZZ*43*UP*831664000453*****DG*1*VS*00000
ZA*QS***006*20080330
CTP**UCP*4.8
SDQ*EA*ZZ*5070*5*5077*6
ZA*QS***006*20080331
CTP**UCP*4.8
SDQ*EA*ZZ*3063*3*3083*2*3084*2*3143*6*3223*2*3355*1*3644*2*3645*1*3646*2*3661*2
SDQ*EA*ZZ*3672*18*3685*1*3701*1*3703*2*3939*1*3975*1*3996*1*4033*3*4071*1*4093*7
SDQ*EA*ZZ*4103*6*4189*3*4198*1*4308*3*4312*2*4777*1*4817*4*4866*3*4898*1*7045*1
SDQ*EA*ZZ*7059*1*7060*1*7066*5*7076*3*7274*1*7276*1*7388*2*7460*2*7558*2*7629*3
SDQ*EA*ZZ*7754*2*9217*3*9571*1*9621*2*9622*2*9625*5*9629*2*9633*3*9648*1*9657*2
SDQ*EA*ZZ*9674*2*9714*5*9728*1
LIN**IN*097096411*ZZ*43*UP*831664000453*****DG*3*VS*00000
ZA*QS***006*20080331
CTP**UCP*4.8
SDQ*EA*ZZ*4883*3
LIN**IN*097096411*ZZ*43*UP*831664000453*****DG*4*VS*00000
ZA*QS***006*20080331
CTP**UCP*4.8
SDQ*EA*ZZ*9217*1
LIN**IN*097096411*ZZ*43*UP*831664000453*****DG*8*VS*00000
ZA*QS***006*20080331
CTP**UCP*4.8
SDQ*EA*ZZ*3359*2
CTT*4
SE*29*0022
ST*852*0023
XQ*H*20080401
N9*AD*T00000040
LIN**IN*097096511*ZZ*43*UP*831664000460*****DG*1*VS*00000
ZA*QS***006*20080330
CTP**UCP*5.95
SDQ*EA*ZZ*5014*4*5023*1*5077*2
ZA*QS***006*20080331
CTP**UCP*5.95
SDQ*EA*ZZ*3773*1*4883*1*4970*2
LIN**IN*097096511*ZZ*43*UP*831664000460*****DG*3*VS*00000
ZA*QS***006*20080331
CTP**UCP*5.95
SDQ*EA*ZZ*3083*1*3084*3*3143*2*3223*1*3240*1*3348*1*3355*3*3408*2*3644*1*3646*1
SDQ*EA*ZZ*3672*2*3675*1*3701*6*3703*3*3848*2*3939*2*3957*1*3975*3*3978*1*4093*4
SDQ*EA*ZZ*4103*1*4189*5*4244*4*4308*1*4475*3*4719*2*4760*1*4817*-3*4898*3*7063*1
SDQ*EA*ZZ*7066*2*7132*2*7208*2*7358*2*7607*2*7719*3*9217*3*9571*2*9621*1*9633*2
SDQ*EA*ZZ*9674*2*9714*1*9735*1*9758*2
CTT*2
SE*20*0023
ST*852*0024
XQ*H*20080401
N9*AD*T00000040
LIN**IN*097096711*ZZ*43*UP*831664000484*****DG*1*VS*00000
ZA*QS***006*20080331
CTP**UCP*8
SDQ*EA*ZZ*3632*1*3646*3*3661*1*3672*6*3703*3*3773*3*3925*1*3978*1*4093*4*4122*1
SDQ*EA*ZZ*4817*1*7069*2*7558*1*7607*1*7719*1*9621*2*9633*3*9639*1*9714*1
CTT*1
SE*10*0024
ST*852*0025
XQ*H*20080401
N9*AD*T00000040
LIN**IN*097097611*ZZ*43*UP*831664000514*****DG*1*VS*00000
ZA*QS***006*20080331
CTP**UCP*1.4
SDQ*EA*ZZ*3022*1
CTT*1
SE*9*0025
GE*25*300
IEA*1*000000300
*** SUPERTRACS READY FOR INPUT
