ISA*00*          *00*          *09*006985290EFT   *12*6154525825     *061208*2238*U*00400*001000051*0*P*>
GS*RA*006985290EFT*6154525825*20061208*2238*1000051*X*004010
ST*820*0001
BPR*I*3574.75*C*ACH*CCP*01*021000018*DA*0300955622*9008965873**01*064102601*DA*3000289*20061212*VEN
TRN*3*770203437*9008965873
DTM*097*20061208
N1*PR*KMART CORPORATION*1*008965873
N1*PE*YOUNGS FARMS*92*00069099588
N1*SE*YOUNGS FARMS*92*00069099588
ENT*1
RMR*IK*306320061110*PI*8.8*8.8*0
REF*PO*0020061111
REF*ST*03063
REF*DP*043
DTM*999*20061110
RMR*IK*306320061113*PI*5.9*5.9*0
REF*PO*0020061114
REF*ST*03063
REF*DP*043
DTM*999*20061113
RMR*IK*306320061114*PI*26.55*26.55*0
REF*PO*0020061115
REF*ST*03063
REF*DP*043
DTM*999*20061114
RMR*IK*306320061115*PI*2.95*2.95*0
REF*PO*0020061116
REF*ST*03063
REF*DP*043
DTM*999*20061115
RMR*IK*308220061203*PI*-2.95*-2.95*0
REF*PO*0020061205
REF*ST*03082
REF*DP*043
DTM*999*20061203
RMR*IK*308320061109*PI*3.3*3.3*0
REF*PO*0020061110
REF*ST*03083
REF*DP*043
DTM*999*20061109
RMR*IK*308320061111*PI*3.3*3.3*0
REF*PO*0020061112
REF*ST*03083
REF*DP*043
DTM*999*20061111
RMR*IK*308320061112*PI*13.2*13.2*0
REF*PO*0020061113
REF*ST*03083
REF*DP*043
DTM*999*20061112
RMR*IK*308420061109*PI*7.7*7.7*0
REF*PO*0020061110
REF*ST*03084
REF*DP*043
DTM*999*20061109
RMR*IK*308420061110*PI*27.65*27.65*0
REF*PO*0020061111
REF*ST*03084
REF*DP*043
DTM*999*20061110
RMR*IK*308420061111*PI*2.2*2.2*0
REF*PO*0020061112
REF*ST*03084
REF*DP*043
DTM*999*20061111
RMR*IK*308420061112*PI*3.3*3.3*0
REF*PO*0020061113
REF*ST*03084
REF*DP*043
DTM*999*20061112
RMR*IK*308420061113*PI*18.8*18.8*0
REF*PO*0020061114
REF*ST*03084
REF*DP*043
DTM*999*20061113
RMR*IK*308420061114*PI*11.75*11.75*0
REF*PO*0020061115
REF*ST*03084
REF*DP*043
DTM*999*20061114
RMR*IK*308420061115*PI*19.9*19.9*0
REF*PO*0020061116
REF*ST*03084
REF*DP*043
DTM*999*20061115
RMR*IK*310320061109*PI*29.25*29.25*0
REF*PO*0020061110
REF*ST*03103
REF*DP*043
DTM*999*20061109
RMR*IK*310320061110*PI*3.5*3.5*0
REF*PO*0020061111
REF*ST*03103
REF*DP*043
DTM*999*20061110
RMR*IK*310320061113*PI*6.75*6.75*0
REF*PO*0020061114
REF*ST*03103
REF*DP*043
DTM*999*20061113
RMR*IK*314320061109*PI*2.2*2.2*0
REF*PO*0020061110
REF*ST*03143
REF*DP*043
DTM*999*20061109
RMR*IK*314320061110*PI*3.7*3.7*0
REF*PO*0020061111
REF*ST*03143
REF*DP*043
DTM*999*20061110
RMR*IK*314320061111*PI*8.5*8.5*0
REF*PO*0020061112
REF*ST*03143
REF*DP*043
DTM*999*20061111
RMR*IK*314320061112*PI*65.25*65.25*0
REF*PO*0020061113
REF*ST*03143
REF*DP*043
DTM*999*20061112
RMR*IK*314320061113*PI*24.4*24.4*0
REF*PO*0020061114
REF*ST*03143
REF*DP*043
DTM*999*20061113
RMR*IK*314320061114*PI*31.65*31.65*0
REF*PO*0020061115
REF*ST*03143
REF*DP*043
DTM*999*20061114
RMR*IK*314320061115*PI*48.25*48.25*0
REF*PO*0020061116
REF*ST*03143
REF*DP*043
DTM*999*20061115
RMR*IK*322320061115*PI*8.85*8.85*0
REF*PO*0020061116
REF*ST*03223
REF*DP*043
DTM*999*20061115
RMR*IK*334820061109*PI*6.5*6.5*0
REF*PO*0020061110
REF*ST*03348
REF*DP*043
DTM*999*20061109
RMR*IK*334820061110*PI*7.9*7.9*0
REF*PO*0020061111
REF*ST*03348
REF*DP*043
DTM*999*20061110
RMR*IK*334820061111*PI*3.25*3.25*0
REF*PO*0020061112
REF*ST*03348
REF*DP*043
DTM*999*20061111
RMR*IK*334820061112*PI*5.7*5.7*0
REF*PO*0020061113
REF*ST*03348
REF*DP*043
DTM*999*20061112
RMR*IK*334820061113*PI*14.55*14.55*0
REF*PO*0020061114
REF*ST*03348
REF*DP*043
DTM*999*20061113
RMR*IK*334820061115*PI*2*2*0
REF*PO*0020061116
REF*ST*03348
REF*DP*043
DTM*999*20061115
RMR*IK*340820061109*PI*1.1*1.1*0
REF*PO*0020061110
REF*ST*03408
REF*DP*043
DTM*999*20061109
RMR*IK*340820061111*PI*16.5*16.5*0
REF*PO*0020061112
REF*ST*03408
REF*DP*043
DTM*999*20061111
RMR*IK*340820061112*PI*3.5*3.5*0
REF*PO*0020061113
REF*ST*03408
REF*DP*043
DTM*999*20061112
RMR*IK*340820061113*PI*3.3*3.3*0
REF*PO*0020061114
REF*ST*03408
REF*DP*043
DTM*999*20061113
RMR*IK*360220061111*PI*4.4*4.4*0
REF*PO*0020061112
REF*ST*03602
REF*DP*043
DTM*999*20061111
RMR*IK*364420061109*PI*2.2*2.2*0
REF*PO*0020061110
REF*ST*03644
REF*DP*043
DTM*999*20061109
RMR*IK*364420061110*PI*6.6*6.6*0
REF*PO*0020061111
REF*ST*03644
REF*DP*043
DTM*999*20061110
RMR*IK*364420061111*PI*2.2*2.2*0
REF*PO*0020061112
REF*ST*03644
REF*DP*043
DTM*999*20061111
RMR*IK*364620061109*PI*40.7*40.7*0
REF*PO*0020061110
REF*ST*03646
REF*DP*043
DTM*999*20061109
RMR*IK*364620061110*PI*57.7*57.7*0
REF*PO*0020061111
REF*ST*03646
REF*DP*043
DTM*999*20061110
RMR*IK*364620061112*PI*12*12*0
REF*PO*0020061113
REF*ST*03646
REF*DP*043
DTM*999*20061112
RMR*IK*364620061113*PI*6.6*6.6*0
REF*PO*0020061114
REF*ST*03646
REF*DP*043
DTM*999*20061113
RMR*IK*364620061114*PI*24.2*24.2*0
REF*PO*0020061115
REF*ST*03646
REF*DP*043
DTM*999*20061114
RMR*IK*364620061115*PI*9.8*9.8*0
REF*PO*0020061116
REF*ST*03646
REF*DP*043
DTM*999*20061115
RMR*IK*366020061114*PI*35.4*35.4*0
REF*PO*0020061115
REF*ST*03660
REF*DP*043
DTM*999*20061114
RMR*IK*366020061115*PI*11.8*11.8*0
REF*PO*0020061116
REF*ST*03660
REF*DP*043
DTM*999*20061115
RMR*IK*368520061109*PI*6.6*6.6*0
REF*PO*0020061110
REF*ST*03685
REF*DP*043
DTM*999*20061109
RMR*IK*368520061110*PI*7.7*7.7*0
REF*PO*0020061111
REF*ST*03685
REF*DP*043
DTM*999*20061110
RMR*IK*368520061114*PI*11.8*11.8*0
REF*PO*0020061115
REF*ST*03685
REF*DP*043
DTM*999*20061114
RMR*IK*368520061115*PI*14.75*14.75*0
REF*PO*0020061116
REF*ST*03685
REF*DP*043
DTM*999*20061115
RMR*IK*370120061109*PI*6.6*6.6*0
REF*PO*0020061110
REF*ST*03701
REF*DP*043
DTM*999*20061109
RMR*IK*370120061110*PI*5.5*5.5*0
REF*PO*0020061111
REF*ST*03701
REF*DP*043
DTM*999*20061110
RMR*IK*370120061111*PI*7.7*7.7*0
REF*PO*0020061112
REF*ST*03701
REF*DP*043
DTM*999*20061111
RMR*IK*370120061112*PI*16.5*16.5*0
REF*PO*0020061113
REF*ST*03701
REF*DP*043
DTM*999*20061112
RMR*IK*370120061113*PI*1.1*1.1*0
REF*PO*0020061114
REF*ST*03701
REF*DP*043
DTM*999*20061113
RMR*IK*370120061114*PI*9.9*9.9*0
REF*PO*0020061115
REF*ST*03701
REF*DP*043
DTM*999*20061114
RMR*IK*370320061109*PI*28.6*28.6*0
REF*PO*0020061110
REF*ST*03703
REF*DP*043
DTM*999*20061109
RMR*IK*370320061110*PI*42.7*42.7*0
REF*PO*0020061111
REF*ST*03703
REF*DP*043
DTM*999*20061110
RMR*IK*370320061111*PI*16.7*16.7*0
REF*PO*0020061112
REF*ST*03703
REF*DP*043
DTM*999*20061111
RMR*IK*370320061112*PI*38.8*38.8*0
REF*PO*0020061113
REF*ST*03703
REF*DP*043
DTM*999*20061112
RMR*IK*370320061113*PI*17.7*17.7*0
REF*PO*0020061114
REF*ST*03703
REF*DP*043
DTM*999*20061113
RMR*IK*370320061114*PI*2.2*2.2*0
REF*PO*0020061115
REF*ST*03703
REF*DP*043
DTM*999*20061114
RMR*IK*370320061115*PI*8.1*8.1*0
REF*PO*0020061116
REF*ST*03703
REF*DP*043
DTM*999*20061115
RMR*IK*371320061112*PI*1.1*1.1*0
REF*PO*0020061113
REF*ST*03713
REF*DP*043
DTM*999*20061112
RMR*IK*371320061114*PI*11.8*11.8*0
REF*PO*0020061115
REF*ST*03713
REF*DP*043
DTM*999*20061114
RMR*IK*371320061115*PI*11.8*11.8*0
REF*PO*0020061116
REF*ST*03713
REF*DP*043
DTM*999*20061115
RMR*IK*383620061109*PI*6.58*6.58*0
REF*PO*0020061110
REF*ST*03836
REF*DP*043
DTM*999*20061109
RMR*IK*383620061111*PI*29.34*29.34*0
REF*PO*0020061112
REF*ST*03836
REF*DP*043
DTM*999*20061111
RMR*IK*383620061114*PI*3.3*3.3*0
REF*PO*0020061115
REF*ST*03836
REF*DP*043
DTM*999*20061114
RMR*IK*383620061115*PI*5.48*5.48*0
REF*PO*0020061116
REF*ST*03836
REF*DP*043
DTM*999*20061115
RMR*IK*384820061109*PI*6.8*6.8*0
REF*PO*0020061110
REF*ST*03848
REF*DP*043
DTM*999*20061109
RMR*IK*384820061110*PI*6.55*6.55*0
REF*PO*0020061111
REF*ST*03848
REF*DP*043
DTM*999*20061110
RMR*IK*384820061111*PI*8.3*8.3*0
REF*PO*0020061112
REF*ST*03848
REF*DP*043
DTM*999*20061111
RMR*IK*384820061112*PI*.65*.65*0
REF*PO*0020061113
REF*ST*03848
REF*DP*043
DTM*999*20061112
RMR*IK*384820061113*PI*9.55*9.55*0
REF*PO*0020061114
REF*ST*03848
REF*DP*043
DTM*999*20061113
RMR*IK*384820061114*PI*3.5*3.5*0
REF*PO*0020061115
REF*ST*03848
REF*DP*043
DTM*999*20061114
RMR*IK*384820061115*PI*.65*.65*0
REF*PO*0020061116
REF*ST*03848
REF*DP*043
DTM*999*20061115
RMR*IK*390520061109*PI*6.6*6.6*0
REF*PO*0020061110
REF*ST*03905
REF*DP*043
DTM*999*20061109
RMR*IK*390520061110*PI*6.6*6.6*0
REF*PO*0020061111
REF*ST*03905
REF*DP*043
DTM*999*20061110
RMR*IK*390520061111*PI*3.5*3.5*0
REF*PO*0020061112
REF*ST*03905
REF*DP*043
DTM*999*20061111
RMR*IK*390520061112*PI*4.4*4.4*0
REF*PO*0020061113
REF*ST*03905
REF*DP*043
DTM*999*20061112
RMR*IK*392920061113*PI*26.55*26.55*0
REF*PO*0020061114
REF*ST*03929
REF*DP*043
DTM*999*20061113
RMR*IK*392920061114*PI*26.55*26.55*0
REF*PO*0020061115
REF*ST*03929
REF*DP*043
DTM*999*20061114
RMR*IK*392920061115*PI*8.85*8.85*0
REF*PO*0020061116
REF*ST*03929
REF*DP*043
DTM*999*20061115
RMR*IK*393120061206*PI*-2.95*-2.95*0
REF*PO*0020061208
REF*ST*03931
REF*DP*043
DTM*999*20061206
RMR*IK*393920061109*PI*3.5*3.5*0
REF*PO*0020061110
REF*ST*03939
REF*DP*043
DTM*999*20061109
RMR*IK*393920061110*PI*16.05*16.05*0
REF*PO*0020061111
REF*ST*03939
REF*DP*043
DTM*999*20061110
RMR*IK*393920061113*PI*3.9*3.9*0
REF*PO*0020061114
REF*ST*03939
REF*DP*043
DTM*999*20061113
RMR*IK*393920061114*PI*2.6*2.6*0
REF*PO*0020061115
REF*ST*03939
REF*DP*043
DTM*999*20061114
RMR*IK*394120061109*PI*11.1*11.1*0
REF*PO*0020061110
REF*ST*03941
REF*DP*043
DTM*999*20061109
RMR*IK*394120061110*PI*7.3*7.3*0
REF*PO*0020061111
REF*ST*03941
REF*DP*043
DTM*999*20061110
RMR*IK*394120061111*PI*2*2*0
REF*PO*0020061112
REF*ST*03941
REF*DP*043
DTM*999*20061111
RMR*IK*394120061112*PI*.65*.65*0
REF*PO*0020061113
REF*ST*03941
REF*DP*043
DTM*999*20061112
RMR*IK*397520061114*PI*29.5*29.5*0
REF*PO*0020061115
REF*ST*03975
REF*DP*043
DTM*999*20061114
RMR*IK*397520061115*PI*23.6*23.6*0
REF*PO*0020061116
REF*ST*03975
REF*DP*043
DTM*999*20061115
RMR*IK*397820061109*PI*2.2*2.2*0
REF*PO*0020061110
REF*ST*03978
REF*DP*043
DTM*999*20061109
RMR*IK*397820061110*PI*43.15*43.15*0
REF*PO*0020061111
REF*ST*03978
REF*DP*043
DTM*999*20061110
RMR*IK*397820061111*PI*36.9*36.9*0
REF*PO*0020061112
REF*ST*03978
REF*DP*043
DTM*999*20061111
RMR*IK*397820061112*PI*42*42*0
REF*PO*0020061113
REF*ST*03978
REF*DP*043
DTM*999*20061112
RMR*IK*397820061114*PI*11.96*11.96*0
REF*PO*0020061115
REF*ST*03978
REF*DP*043
DTM*999*20061114
RMR*IK*397820061115*PI*16.65*16.65*0
REF*PO*0020061116
REF*ST*03978
REF*DP*043
DTM*999*20061115
RMR*IK*399620061109*PI*21.7*21.7*0
REF*PO*0020061110
REF*ST*03996
REF*DP*043
DTM*999*20061109
RMR*IK*399620061110*PI*4*4*0
REF*PO*0020061111
REF*ST*03996
REF*DP*043
DTM*999*20061110
RMR*IK*399620061113*PI*12.73*12.73*0
REF*PO*0020061114
REF*ST*03996
REF*DP*043
DTM*999*20061113
RMR*IK*399620061115*PI*2.95*2.95*0
REF*PO*0020061116
REF*ST*03996
REF*DP*043
DTM*999*20061115
RMR*IK*407120061110*PI*15.75*15.75*0
REF*PO*0020061111
REF*ST*04071
REF*DP*043
DTM*999*20061110
RMR*IK*407120061111*PI*.75*.75*0
REF*PO*0020061112
REF*ST*04071
REF*DP*043
DTM*999*20061111
RMR*IK*407120061113*PI*6.6*6.6*0
REF*PO*0020061114
REF*ST*04071
REF*DP*043
DTM*999*20061113
RMR*IK*407120061114*PI*8.8*8.8*0
REF*PO*0020061115
REF*ST*04071
REF*DP*043
DTM*999*20061114
RMR*IK*407120061115*PI*29.5*29.5*0
REF*PO*0020061116
REF*ST*04071
REF*DP*043
DTM*999*20061115
RMR*IK*407220061115*PI*2.95*2.95*0
REF*PO*0020061116
REF*ST*04072
REF*DP*043
DTM*999*20061115
RMR*IK*409320061109*PI*37.1*37.1*0
REF*PO*0020061110
REF*ST*04093
REF*DP*043
DTM*999*20061109
RMR*IK*409320061110*PI*20.9*20.9*0
REF*PO*0020061111
REF*ST*04093
REF*DP*043
DTM*999*20061110
RMR*IK*409320061111*PI*10.3*10.3*0
REF*PO*0020061112
REF*ST*04093
REF*DP*043
DTM*999*20061111
RMR*IK*409320061112*PI*8.2*8.2*0
REF*PO*0020061113
REF*ST*04093
REF*DP*043
DTM*999*20061112
RMR*IK*409320061113*PI*6.6*6.6*0
REF*PO*0020061114
REF*ST*04093
REF*DP*043
DTM*999*20061113
RMR*IK*409320061114*PI*9*9*0
REF*PO*0020061115
REF*ST*04093
REF*DP*043
DTM*999*20061114
RMR*IK*410320061109*PI*17.32*17.32*0
REF*PO*0020061110
REF*ST*04103
REF*DP*043
DTM*999*20061109
RMR*IK*410320061110*PI*15.4*15.4*0
REF*PO*0020061111
REF*ST*04103
REF*DP*043
DTM*999*20061110
RMR*IK*410320061111*PI*19.44*19.44*0
REF*PO*0020061112
REF*ST*04103
REF*DP*043
DTM*999*20061111
RMR*IK*410320061112*PI*6.04*6.04*0
REF*PO*0020061113
REF*ST*04103
REF*DP*043
DTM*999*20061112
RMR*IK*410320061113*PI*20.06*20.06*0
REF*PO*0020061114
REF*ST*04103
REF*DP*043
DTM*999*20061113
RMR*IK*410320061115*PI*2.95*2.95*0
REF*PO*0020061116
REF*ST*04103
REF*DP*043
DTM*999*20061115
RMR*IK*412220061109*PI*1.1*1.1*0
REF*PO*0020061110
REF*ST*04122
REF*DP*043
DTM*999*20061109
RMR*IK*412220061110*PI*5.8*5.8*0
REF*PO*0020061111
REF*ST*04122
REF*DP*043
DTM*999*20061110
RMR*IK*412220061111*PI*6.25*6.25*0
REF*PO*0020061112
REF*ST*04122
REF*DP*043
DTM*999*20061111
RMR*IK*412220061112*PI*6.6*6.6*0
REF*PO*0020061113
REF*ST*04122
REF*DP*043
DTM*999*20061112
RMR*IK*412220061114*PI*7.75*7.75*0
REF*PO*0020061115
REF*ST*04122
REF*DP*043
DTM*999*20061114
RMR*IK*421320061113*PI*11.8*11.8*0
REF*PO*0020061114
REF*ST*04213
REF*DP*043
DTM*999*20061113
RMR*IK*421320061114*PI*5.9*5.9*0
REF*PO*0020061115
REF*ST*04213
REF*DP*043
DTM*999*20061114
RMR*IK*421320061115*PI*11.8*11.8*0
REF*PO*0020061116
REF*ST*04213
REF*DP*043
DTM*999*20061115
RMR*IK*424420061109*PI*7.9*7.9*0
REF*PO*0020061110
REF*ST*04244
REF*DP*043
DTM*999*20061109
RMR*IK*424420061110*PI*3.5*3.5*0
REF*PO*0020061111
REF*ST*04244
REF*DP*043
DTM*999*20061110
RMR*IK*430820061109*PI*3.25*3.25*0
REF*PO*0020061110
REF*ST*04308
REF*DP*043
DTM*999*20061109
RMR*IK*430820061110*PI*.75*.75*0
REF*PO*0020061111
REF*ST*04308
REF*DP*043
DTM*999*20061110
RMR*IK*430820061111*PI*1.75*1.75*0
REF*PO*0020061112
REF*ST*04308
REF*DP*043
DTM*999*20061111
RMR*IK*430820061113*PI*3.5*3.5*0
REF*PO*0020061114
REF*ST*04308
REF*DP*043
DTM*999*20061113
RMR*IK*431220061113*PI*41.3*41.3*0
REF*PO*0020061114
REF*ST*04312
REF*DP*043
DTM*999*20061113
RMR*IK*431220061114*PI*67.85*67.85*0
REF*PO*0020061115
REF*ST*04312
REF*DP*043
DTM*999*20061114
RMR*IK*431220061115*PI*38.35*38.35*0
REF*PO*0020061116
REF*ST*04312
REF*DP*043
DTM*999*20061115
RMR*IK*447520061113*PI*14.75*14.75*0
REF*PO*0020061114
REF*ST*04475
REF*DP*043
DTM*999*20061113
RMR*IK*447520061114*PI*5.9*5.9*0
REF*PO*0020061115
REF*ST*04475
REF*DP*043
DTM*999*20061114
RMR*IK*447520061115*PI*29.5*29.5*0
REF*PO*0020061116
REF*ST*04475
REF*DP*043
DTM*999*20061115
RMR*IK*448920061110*PI*15.4*15.4*0
REF*PO*0020061111
REF*ST*04489
REF*DP*043
DTM*999*20061110
RMR*IK*448920061111*PI*7.7*7.7*0
REF*PO*0020061112
REF*ST*04489
REF*DP*043
DTM*999*20061111
RMR*IK*448920061112*PI*6.6*6.6*0
REF*PO*0020061113
REF*ST*04489
REF*DP*043
DTM*999*20061112
RMR*IK*448920061113*PI*2.2*2.2*0
REF*PO*0020061114
REF*ST*04489
REF*DP*043
DTM*999*20061113
RMR*IK*448920061114*PI*6.6*6.6*0
REF*PO*0020061115
REF*ST*04489
REF*DP*043
DTM*999*20061114
RMR*IK*448920061115*PI*19.8*19.8*0
REF*PO*0020061116
REF*ST*04489
REF*DP*043
DTM*999*20061115
RMR*IK*471720061109*PI*1.1*1.1*0
REF*PO*0020061110
REF*ST*04717
REF*DP*043
DTM*999*20061109
RMR*IK*471720061110*PI*16.6*16.6*0
REF*PO*0020061111
REF*ST*04717
REF*DP*043
DTM*999*20061110
RMR*IK*471920061109*PI*5.76*5.76*0
REF*PO*0020061110
REF*ST*04719
REF*DP*043
DTM*999*20061109
RMR*IK*471920061110*PI*21.59*21.59*0
REF*PO*0020061111
REF*ST*04719
REF*DP*043
DTM*999*20061110
RMR*IK*471920061111*PI*3.28*3.28*0
REF*PO*0020061112
REF*ST*04719
REF*DP*043
DTM*999*20061111
RMR*IK*471920061112*PI*1.1*1.1*0
REF*PO*0020061113
REF*ST*04719
REF*DP*043
DTM*999*20061112
RMR*IK*471920061113*PI*20.6*20.6*0
REF*PO*0020061114
REF*ST*04719
REF*DP*043
DTM*999*20061113
RMR*IK*471920061114*PI*39.65*39.65*0
REF*PO*0020061115
REF*ST*04719
REF*DP*043
DTM*999*20061114
RMR*IK*471920061115*PI*19.65*19.65*0
REF*PO*0020061116
REF*ST*04719
REF*DP*043
DTM*999*20061115
RMR*IK*472320061109*PI*1.75*1.75*0
REF*PO*0020061110
REF*ST*04723
REF*DP*043
DTM*999*20061109
RMR*IK*472320061115*PI*8.85*8.85*0
REF*PO*0020061116
REF*ST*04723
REF*DP*043
DTM*999*20061115
RMR*IK*473920061109*PI*3.3*3.3*0
REF*PO*0020061110
REF*ST*04739
REF*DP*043
DTM*999*20061109
RMR*IK*473920061110*PI*9*9*0
REF*PO*0020061111
REF*ST*04739
REF*DP*043
DTM*999*20061110
RMR*IK*473920061112*PI*2.2*2.2*0
REF*PO*0020061113
REF*ST*04739
REF*DP*043
DTM*999*20061112
RMR*IK*473920061114*PI*7.7*7.7*0
REF*PO*0020061115
REF*ST*04739
REF*DP*043
DTM*999*20061114
RMR*IK*475320061109*PI*7*7*0
REF*PO*0020061110
REF*ST*04753
REF*DP*043
DTM*999*20061109
RMR*IK*475320061113*PI*1.75*1.75*0
REF*PO*0020061114
REF*ST*04753
REF*DP*043
DTM*999*20061113
RMR*IK*476920061114*PI*20.65*20.65*0
REF*PO*0020061115
REF*ST*04769
REF*DP*043
DTM*999*20061114
RMR*IK*476920061115*PI*2.95*2.95*0
REF*PO*0020061116
REF*ST*04769
REF*DP*043
DTM*999*20061115
RMR*IK*483520061114*PI*5.9*5.9*0
REF*PO*0020061115
REF*ST*04835
REF*DP*043
DTM*999*20061114
RMR*IK*483520061115*PI*14.75*14.75*0
REF*PO*0020061116
REF*ST*04835
REF*DP*043
DTM*999*20061115
RMR*IK*488320061109*PI*26.4*26.4*0
REF*PO*0020061110
REF*ST*04883
REF*DP*043
DTM*999*20061109
RMR*IK*488320061110*PI*5.25*5.25*0
REF*PO*0020061111
REF*ST*04883
REF*DP*043
DTM*999*20061110
RMR*IK*488320061114*PI*14.75*14.75*0
REF*PO*0020061115
REF*ST*04883
REF*DP*043
DTM*999*20061114
RMR*IK*488320061115*PI*5.9*5.9*0
REF*PO*0020061116
REF*ST*04883
REF*DP*043
DTM*999*20061115
RMR*IK*489820061109*PI*1.1*1.1*0
REF*PO*0020061110
REF*ST*04898
REF*DP*043
DTM*999*20061109
RMR*IK*489820061110*PI*3.3*3.3*0
REF*PO*0020061111
REF*ST*04898
REF*DP*043
DTM*999*20061110
RMR*IK*489820061111*PI*3.3*3.3*0
REF*PO*0020061112
REF*ST*04898
REF*DP*043
DTM*999*20061111
RMR*IK*497020061109*PI*12.15*12.15*0
REF*PO*0020061110
REF*ST*04970
REF*DP*043
DTM*999*20061109
RMR*IK*497020061110*PI*5.3*5.3*0
REF*PO*0020061111
REF*ST*04970
REF*DP*043
DTM*999*20061110
RMR*IK*497020061112*PI*3.3*3.3*0
REF*PO*0020061113
REF*ST*04970
REF*DP*043
DTM*999*20061112
RMR*IK*497020061113*PI*1.95*1.95*0
REF*PO*0020061114
REF*ST*04970
REF*DP*043
DTM*999*20061113
RMR*IK*497020061114*PI*2.95*2.95*0
REF*PO*0020061115
REF*ST*04970
REF*DP*043
DTM*999*20061114
RMR*IK*497020061115*PI*14.75*14.75*0
REF*PO*0020061116
REF*ST*04970
REF*DP*043
DTM*999*20061115
RMR*IK*502320061111*PI*1.75*1.75*0
REF*PO*0020061113
REF*ST*05023
REF*DP*043
DTM*999*20061111
RMR*IK*502320061112*PI*1.75*1.75*0
REF*PO*0020061114
REF*ST*05023
REF*DP*043
DTM*999*20061112
RMR*IK*502320061113*PI*1.75*1.75*0
REF*PO*0020061115
REF*ST*05023
REF*DP*043
DTM*999*20061113
RMR*IK*502320061115*PI*5*5*0
REF*PO*0020061117
REF*ST*05023
REF*DP*043
DTM*999*20061115
RMR*IK*507020061109*PI*6.15*6.15*0
REF*PO*0020061111
REF*ST*05070
REF*DP*043
DTM*999*20061109
RMR*IK*507020061110*PI*25.9*25.9*0
REF*PO*0020061112
REF*ST*05070
REF*DP*043
DTM*999*20061110
RMR*IK*507020061111*PI*2.2*2.2*0
REF*PO*0020061113
REF*ST*05070
REF*DP*043
DTM*999*20061111
RMR*IK*507020061112*PI*7*7*0
REF*PO*0020061114
REF*ST*05070
REF*DP*043
DTM*999*20061112
RMR*IK*507020061113*PI*24.4*24.4*0
REF*PO*0020061115
REF*ST*05070
REF*DP*043
DTM*999*20061113
RMR*IK*507020061114*PI*20.65*20.65*0
REF*PO*0020061116
REF*ST*05070
REF*DP*043
DTM*999*20061114
RMR*IK*507020061115*PI*8.85*8.85*0
REF*PO*0020061117
REF*ST*05070
REF*DP*043
DTM*999*20061115
RMR*IK*507720061110*PI*4.4*4.4*0
REF*PO*0020061112
REF*ST*05077
REF*DP*043
DTM*999*20061110
RMR*IK*507720061111*PI*17.6*17.6*0
REF*PO*0020061113
REF*ST*05077
REF*DP*043
DTM*999*20061111
RMR*IK*507720061115*PI*14.75*14.75*0
REF*PO*0020061117
REF*ST*05077
REF*DP*043
DTM*999*20061115
RMR*IK*704520061109*PI*26.15*26.15*0
REF*PO*0020061110
REF*ST*07045
REF*DP*043
DTM*999*20061109
RMR*IK*704520061110*PI*3.9*3.9*0
REF*PO*0020061111
REF*ST*07045
REF*DP*043
DTM*999*20061110
RMR*IK*704520061111*PI*1.1*1.1*0
REF*PO*0020061112
REF*ST*07045
REF*DP*043
DTM*999*20061111
RMR*IK*706620061109*PI*8.95*8.95*0
REF*PO*0020061110
REF*ST*07066
REF*DP*043
DTM*999*20061109
RMR*IK*706620061110*PI*56.61*56.61*0
REF*PO*0020061111
REF*ST*07066
REF*DP*043
DTM*999*20061110
RMR*IK*706620061112*PI*14.63*14.63*0
REF*PO*0020061113
REF*ST*07066
REF*DP*043
DTM*999*20061112
RMR*IK*706620061113*PI*6.32*6.32*0
REF*PO*0020061114
REF*ST*07066
REF*DP*043
DTM*999*20061113
RMR*IK*706620061114*PI*1.64*1.64*0
REF*PO*0020061115
REF*ST*07066
REF*DP*043
DTM*999*20061114
RMR*IK*707620061115*PI*20.65*20.65*0
REF*PO*0020061116
REF*ST*07076
REF*DP*043
DTM*999*20061115
RMR*IK*713220061109*PI*2.95*2.95*0
REF*PO*0020061110
REF*ST*07132
REF*DP*043
DTM*999*20061109
RMR*IK*713220061110*PI*36.25*36.25*0
REF*PO*0020061111
REF*ST*07132
REF*DP*043
DTM*999*20061110
RMR*IK*713220061111*PI*5.15*5.15*0
REF*PO*0020061112
REF*ST*07132
REF*DP*043
DTM*999*20061111
RMR*IK*713220061112*PI*22.45*22.45*0
REF*PO*0020061113
REF*ST*07132
REF*DP*043
DTM*999*20061112
RMR*IK*713220061114*PI*2.2*2.2*0
REF*PO*0020061115
REF*ST*07132
REF*DP*043
DTM*999*20061114
RMR*IK*714620061115*PI*11.8*11.8*0
REF*PO*0020061116
REF*ST*07146
REF*DP*043
DTM*999*20061115
RMR*IK*718420061109*PI*1.64*1.64*0
REF*PO*0020061110
REF*ST*07184
REF*DP*043
DTM*999*20061109
RMR*IK*718420061110*PI*49.22*49.22*0
REF*PO*0020061111
REF*ST*07184
REF*DP*043
DTM*999*20061110
RMR*IK*718420061111*PI*1.92*1.92*0
REF*PO*0020061112
REF*ST*07184
REF*DP*043
DTM*999*20061111
RMR*IK*718420061112*PI*7.7*7.7*0
REF*PO*0020061113
REF*ST*07184
REF*DP*043
DTM*999*20061112
RMR*IK*718420061113*PI*2.74*2.74*0
REF*PO*0020061114
REF*ST*07184
REF*DP*043
DTM*999*20061113
RMR*IK*718420061114*PI*1.92*1.92*0
REF*PO*0020061115
REF*ST*07184
REF*DP*043
DTM*999*20061114
RMR*IK*718420061203*PI*-7.9*-7.9*0
REF*PO*0020061205
REF*ST*07184
REF*DP*043
DTM*999*20061203
RMR*IK*725520061109*PI*8.7*8.7*0
REF*PO*0020061110
REF*ST*07255
REF*DP*043
DTM*999*20061109
RMR*IK*725520061110*PI*1.3*1.3*0
REF*PO*0020061111
REF*ST*07255
REF*DP*043
DTM*999*20061110
RMR*IK*725520061111*PI*4.55*4.55*0
REF*PO*0020061112
REF*ST*07255
REF*DP*043
DTM*999*20061111
RMR*IK*725520061112*PI*3.25*3.25*0
REF*PO*0020061113
REF*ST*07255
REF*DP*043
DTM*999*20061112
RMR*IK*725520061113*PI*6.5*6.5*0
REF*PO*0020061114
REF*ST*07255
REF*DP*043
DTM*999*20061113
RMR*IK*725520061114*PI*3.3*3.3*0
REF*PO*0020061115
REF*ST*07255
REF*DP*043
DTM*999*20061114
RMR*IK*725520061115*PI*20*20*0
REF*PO*0020061116
REF*ST*07255
REF*DP*043
DTM*999*20061115
RMR*IK*735820061109*PI*28.5*28.5*0
REF*PO*0020061110
REF*ST*07358
REF*DP*043
DTM*999*20061109
RMR*IK*735820061110*PI*23.9*23.9*0
REF*PO*0020061111
REF*ST*07358
REF*DP*043
DTM*999*20061110
RMR*IK*735820061111*PI*4.4*4.4*0
REF*PO*0020061112
REF*ST*07358
REF*DP*043
DTM*999*20061111
RMR*IK*735820061112*PI*9.45*9.45*0
REF*PO*0020061113
REF*ST*07358
REF*DP*043
DTM*999*20061112
RMR*IK*735820061113*PI*2.2*2.2*0
REF*PO*0020061114
REF*ST*07358
REF*DP*043
DTM*999*20061113
RMR*IK*736020061110*PI*7.7*7.7*0
REF*PO*0020061111
REF*ST*07360
REF*DP*043
DTM*999*20061110
RMR*IK*736020061111*PI*3.3*3.3*0
REF*PO*0020061112
REF*ST*07360
REF*DP*043
DTM*999*20061111
RMR*IK*736020061112*PI*3.3*3.3*0
REF*PO*0020061113
REF*ST*07360
REF*DP*043
DTM*999*20061112
RMR*IK*736020061113*PI*3.3*3.3*0
REF*PO*0020061114
REF*ST*07360
REF*DP*043
DTM*999*20061113
RMR*IK*736020061114*PI*2.2*2.2*0
REF*PO*0020061115
REF*ST*07360
REF*DP*043
DTM*999*20061114
RMR*IK*736220061114*PI*17.7*17.7*0
REF*PO*0020061115
REF*ST*07362
REF*DP*043
DTM*999*20061114
RMR*IK*736220061115*PI*29.5*29.5*0
REF*PO*0020061116
REF*ST*07362
REF*DP*043
DTM*999*20061115
RMR*IK*743720061109*PI*6.6*6.6*0
REF*PO*0020061110
REF*ST*07437
REF*DP*043
DTM*999*20061109
RMR*IK*743720061110*PI*20*20*0
REF*PO*0020061111
REF*ST*07437
REF*DP*043
DTM*999*20061110
RMR*IK*743720061111*PI*10.5*10.5*0
REF*PO*0020061112
REF*ST*07437
REF*DP*043
DTM*999*20061111
RMR*IK*743720061114*PI*.75*.75*0
REF*PO*0020061115
REF*ST*07437
REF*DP*043
DTM*999*20061114
RMR*IK*746120061109*PI*10.1*10.1*0
REF*PO*0020061110
REF*ST*07461
REF*DP*043
DTM*999*20061109
RMR*IK*746120061110*PI*22.2*22.2*0
REF*PO*0020061111
REF*ST*07461
REF*DP*043
DTM*999*20061110
RMR*IK*746120061111*PI*14.3*14.3*0
REF*PO*0020061112
REF*ST*07461
REF*DP*043
DTM*999*20061111
RMR*IK*746120061112*PI*2.2*2.2*0
REF*PO*0020061113
REF*ST*07461
REF*DP*043
DTM*999*20061112
RMR*IK*755820061109*PI*2.85*2.85*0
REF*PO*0020061110
REF*ST*07558
REF*DP*043
DTM*999*20061109
RMR*IK*755820061111*PI*14*14*0
REF*PO*0020061112
REF*ST*07558
REF*DP*043
DTM*999*20061111
RMR*IK*755820061112*PI*11.75*11.75*0
REF*PO*0020061113
REF*ST*07558
REF*DP*043
DTM*999*20061112
RMR*IK*761020061109*PI*12*12*0
REF*PO*0020061110
REF*ST*07610
REF*DP*043
DTM*999*20061109
RMR*IK*761020061110*PI*29.8*29.8*0
REF*PO*0020061111
REF*ST*07610
REF*DP*043
DTM*999*20061110
RMR*IK*761020061111*PI*11.4*11.4*0
REF*PO*0020061112
REF*ST*07610
REF*DP*043
DTM*999*20061111
RMR*IK*761020061112*PI*1.75*1.75*0
REF*PO*0020061113
REF*ST*07610
REF*DP*043
DTM*999*20061112
RMR*IK*761020061113*PI*18.5*18.5*0
REF*PO*0020061114
REF*ST*07610
REF*DP*043
DTM*999*20061113
RMR*IK*761020061114*PI*22.4*22.4*0
REF*PO*0020061115
REF*ST*07610
REF*DP*043
DTM*999*20061114
RMR*IK*761020061115*PI*1.75*1.75*0
REF*PO*0020061116
REF*ST*07610
REF*DP*043
DTM*999*20061115
RMR*IK*762920061113*PI*2.95*2.95*0
REF*PO*0020061114
REF*ST*07629
REF*DP*043
DTM*999*20061113
RMR*IK*762920061114*PI*20.65*20.65*0
REF*PO*0020061115
REF*ST*07629
REF*DP*043
DTM*999*20061114
RMR*IK*762920061115*PI*14.75*14.75*0
REF*PO*0020061116
REF*ST*07629
REF*DP*043
DTM*999*20061115
RMR*IK*763720061113*PI*2.85*2.85*0
REF*PO*0020061114
REF*ST*07637
REF*DP*043
DTM*999*20061113
RMR*IK*921720061112*PI*4.2*4.2*0
REF*PO*0020061113
REF*ST*09217
REF*DP*043
DTM*999*20061112
RMR*IK*921720061115*PI*4*4*0
REF*PO*0020061116
REF*ST*09217
REF*DP*043
DTM*999*20061115
RMR*IK*956020061114*PI*11.8*11.8*0
REF*PO*0020061115
REF*ST*09560
REF*DP*043
DTM*999*20061114
RMR*IK*962020061109*PI*11.9*11.9*0
REF*PO*0020061110
REF*ST*09620
REF*DP*043
DTM*999*20061109
RMR*IK*962020061110*PI*35.55*35.55*0
REF*PO*0020061111
REF*ST*09620
REF*DP*043
DTM*999*20061110
RMR*IK*962020061111*PI*6.75*6.75*0
REF*PO*0020061112
REF*ST*09620
REF*DP*043
DTM*999*20061111
RMR*IK*962020061112*PI*9.46*9.46*0
REF*PO*0020061113
REF*ST*09620
REF*DP*043
DTM*999*20061112
RMR*IK*962020061113*PI*2.95*2.95*0
REF*PO*0020061114
REF*ST*09620
REF*DP*043
DTM*999*20061113
RMR*IK*962020061114*PI*8.85*8.85*0
REF*PO*0020061115
REF*ST*09620
REF*DP*043
DTM*999*20061114
RMR*IK*962020061115*PI*5.9*5.9*0
REF*PO*0020061116
REF*ST*09620
REF*DP*043
DTM*999*20061115
RMR*IK*962120061109*PI*2.2*2.2*0
REF*PO*0020061110
REF*ST*09621
REF*DP*043
DTM*999*20061109
RMR*IK*962120061110*PI*4.4*4.4*0
REF*PO*0020061111
REF*ST*09621
REF*DP*043
DTM*999*20061110
RMR*IK*962120061111*PI*6.6*6.6*0
REF*PO*0020061112
REF*ST*09621
REF*DP*043
DTM*999*20061111
RMR*IK*962120061112*PI*1.1*1.1*0
REF*PO*0020061113
REF*ST*09621
REF*DP*043
DTM*999*20061112
RMR*IK*962120061114*PI*5.5*5.5*0
REF*PO*0020061115
REF*ST*09621
REF*DP*043
DTM*999*20061114
RMR*IK*962120061115*PI*32.45*32.45*0
REF*PO*0020061116
REF*ST*09621
REF*DP*043
DTM*999*20061115
RMR*IK*962120061205*PI*-2.95*-2.95*0
REF*PO*0020061207
REF*ST*09621
REF*DP*043
DTM*999*20061205
RMR*IK*962520061114*PI*2.95*2.95*0
REF*PO*0020061115
REF*ST*09625
REF*DP*043
DTM*999*20061114
RMR*IK*962520061115*PI*2.95*2.95*0
REF*PO*0020061116
REF*ST*09625
REF*DP*043
DTM*999*20061115
RMR*IK*962920061109*PI*3.28*3.28*0
REF*PO*0020061110
REF*ST*09629
REF*DP*043
DTM*999*20061109
RMR*IK*962920061110*PI*8.2*8.2*0
REF*PO*0020061111
REF*ST*09629
REF*DP*043
DTM*999*20061110
RMR*IK*963320061109*PI*6.6*6.6*0
REF*PO*0020061110
REF*ST*09633
REF*DP*043
DTM*999*20061109
RMR*IK*963320061114*PI*23.6*23.6*0
REF*PO*0020061115
REF*ST*09633
REF*DP*043
DTM*999*20061114
RMR*IK*963320061115*PI*2.95*2.95*0
REF*PO*0020061116
REF*ST*09633
REF*DP*043
DTM*999*20061115
RMR*IK*963920061114*PI*2.95*2.95*0
REF*PO*0020061115
REF*ST*09639
REF*DP*043
DTM*999*20061114
RMR*IK*963920061115*PI*17.7*17.7*0
REF*PO*0020061116
REF*ST*09639
REF*DP*043
DTM*999*20061115
RMR*IK*964820061109*PI*19.7*19.7*0
REF*PO*0020061110
REF*ST*09648
REF*DP*043
DTM*999*20061109
RMR*IK*964820061110*PI*7.2*7.2*0
REF*PO*0020061111
REF*ST*09648
REF*DP*043
DTM*999*20061110
RMR*IK*964820061111*PI*14.5*14.5*0
REF*PO*0020061112
REF*ST*09648
REF*DP*043
DTM*999*20061111
RMR*IK*964820061112*PI*30.35*30.35*0
REF*PO*0020061113
REF*ST*09648
REF*DP*043
DTM*999*20061112
RMR*IK*964820061113*PI*6.6*6.6*0
REF*PO*0020061114
REF*ST*09648
REF*DP*043
DTM*999*20061113
RMR*IK*964820061114*PI*21*21*0
REF*PO*0020061115
REF*ST*09648
REF*DP*043
DTM*999*20061114
RMR*IK*964820061115*PI*2.85*2.85*0
REF*PO*0020061116
REF*ST*09648
REF*DP*043
DTM*999*20061115
RMR*IK*967420061109*PI*20.45*20.45*0
REF*PO*0020061110
REF*ST*09674
REF*DP*043
DTM*999*20061109
RMR*IK*967420061110*PI*1.95*1.95*0
REF*PO*0020061111
REF*ST*09674
REF*DP*043
DTM*999*20061110
RMR*IK*967420061112*PI*3.3*3.3*0
REF*PO*0020061113
REF*ST*09674
REF*DP*043
DTM*999*20061112
RMR*IK*967420061113*PI*.65*.65*0
REF*PO*0020061114
REF*ST*09674
REF*DP*043
DTM*999*20061113
RMR*IK*967420061114*PI*10.25*10.25*0
REF*PO*0020061115
REF*ST*09674
REF*DP*043
DTM*999*20061114
RMR*IK*971420061109*PI*9.9*9.9*0
REF*PO*0020061110
REF*ST*09714
REF*DP*043
DTM*999*20061109
RMR*IK*971420061110*PI*8.8*8.8*0
REF*PO*0020061111
REF*ST*09714
REF*DP*043
DTM*999*20061110
RMR*IK*971420061111*PI*4.4*4.4*0
REF*PO*0020061112
REF*ST*09714
REF*DP*043
DTM*999*20061111
RMR*IK*971420061112*PI*5.5*5.5*0
REF*PO*0020061113
REF*ST*09714
REF*DP*043
DTM*999*20061112
RMR*IK*971420061114*PI*8.1*8.1*0
REF*PO*0020061115
REF*ST*09714
REF*DP*043
DTM*999*20061114
RMR*IK*971420061115*PI*5.9*5.9*0
REF*PO*0020061116
REF*ST*09714
REF*DP*043
DTM*999*20061115
RMR*IK*971420061202*PI*-2.95*-2.95*0
REF*PO*0020061204
REF*ST*09714
REF*DP*043
DTM*999*20061202
RMR*IK*972820061109*PI*1.5*1.5*0
REF*PO*0020061110
REF*ST*09728
REF*DP*043
DTM*999*20061109
RMR*IK*975820061109*PI*8.95*8.95*0
REF*PO*0020061110
REF*ST*09758
REF*DP*043
DTM*999*20061109
RMR*IK*975820061110*PI*8.2*8.2*0
REF*PO*0020061111
REF*ST*09758
REF*DP*043
DTM*999*20061110
RMR*IK*975820061111*PI*3.95*3.95*0
REF*PO*0020061112
REF*ST*09758
REF*DP*043
DTM*999*20061111
RMR*IK*975820061112*PI*2.2*2.2*0
REF*PO*0020061113
REF*ST*09758
REF*DP*043
DTM*999*20061112
RMR*IK*975820061113*PI*16.35*16.35*0
REF*PO*0020061114
REF*ST*09758
REF*DP*043
DTM*999*20061113
RMR*IK*975820061114*PI*2.2*2.2*0
REF*PO*0020061115
REF*ST*09758
REF*DP*043
DTM*999*20061114
RMR*IK*975820061115*PI*1.64*1.64*0
REF*PO*0020061116
REF*ST*09758
REF*DP*043
DTM*999*20061115
SE*1584*0001
GE*1*1000051
IEA*1*001000051
ISA*00*          *00*          *09*006985290AC    *12*6154525825     *061212*0520*U*00400*001000339*0*P*>
GS*PD*006985290AC*6154525825*20061212*0520*1000339*X*004010
ST*852*0001
XQ*H*20061212
N9*AD*T00000040
LIN**CB*029044112*ZZ*43*UP*831664001160*****DG*1*VS*00000
ZA*QS***006*20061211
CTP**UCP*1.1
SDQ*EA*ZZ*7558*1
CTT*1
SE*9*0001
ST*852*0002
XQ*H*20061212
N9*AD*T00000040
LIN**CB*472799113*ZZ*43*UP*831664001092*****DG*1*VS*00000
ZA*QS***006*20061210
CTP**UCP*6
SDQ*EA*ZZ*5023*1*5077*1
ZA*QS***006*20061211
CTP**UCP*6
SDQ*EA*ZZ*3022*1*3063*6*3082*1*3084*1*3103*1*3143*1*3194*1*3219*3*3223*2*3289*5
SDQ*EA*ZZ*3359*1*3408*1*3644*3*3646*2*3661*1*3675*1*3703*2*3713*1*3715*1*3773*1
SDQ*EA*ZZ*3848*1*3905*1*3929*1*3931*1*3946*1*3966*1*3978*1*4122*1*4312*1*4475*1
SDQ*EA*ZZ*4717*4*4719*2*4760*1*4835*1*4883*1*4898*1*4970*3*7028*10*7063*1*7184*1
SDQ*EA*ZZ*7255*2*7353*8*7360*2*7558*1*7607*2*7718*2*9560*1*9571*1*9625*1*9633*3
SDQ*EA*ZZ*9639*1*9758*1
LIN**CB*472799113*ZZ*43*UP*831664001092*****DG*2*VS*00000
ZA*QS***006*20061211
CTP**UCP*6
SDQ*EA*ZZ*3701*3
LIN**CB*472799113*ZZ*43*UP*831664001092*****DG*5*VS*00000
ZA*QS***006*20061211
CTP**UCP*6
SDQ*EA*ZZ*3063*1*4189*3
CTT*3
SE*25*0002
ST*852*0003
XQ*H*20061212
N9*AD*T00000040
LIN**CB*970952115*ZZ*43*UP*831664000552*****DG*1*VS*00000
ZA*QS***006*20061209
CTP**UCP*2.95
SDQ*EA*ZZ*5066*15
ZA*QS***006*20061210
CTP**UCP*2.95
SDQ*EA*ZZ*5023*10*5070*4*5077*6
ZA*QS***006*20061211
CTP**UCP*2.95
SDQ*EA*ZZ*4213*9*4451*2*4883*13*4970*29
LIN**CB*970952115*ZZ*43*UP*831664000552*****DG*3*VS*00000
ZA*QS***006*20061211
CTP**UCP*2.95
SDQ*EA*ZZ*3022*17*3063*36*3082*20*3083*7*3084*22*3103*4*3143*35*3194*27*3219*31*3223*15
SDQ*EA*ZZ*3289*6*3348*10*3355*9*3359*8*3408*27*3602*2*3644*12*3646*9*3660*4*3661*16
SDQ*EA*ZZ*3672*25*3675*7*3685*11*3701*72*3703*14*3713*7*3715*12*3773*4*3822*14*3836*7
SDQ*EA*ZZ*3848*27*3876*1*3905*9*3929*35*3931*11*3939*16*3941*12*3946*3*3957*23*3966*2
SDQ*EA*ZZ*3967*2*3975*24*3978*13*3991*16*3994*15*3996*5*4033*9*4071*9*4093*5*4103*6
SDQ*EA*ZZ*4122*3*4189*57*4198*14*4244*14*4308*14*4312*19*4451*10*4475*7*4489*29*4717*12
SDQ*EA*ZZ*4719*38*4723*15*4739*4*4753*6*4760*20*4769*7*4817*33*4835*5*4898*4*7028*15
SDQ*EA*ZZ*7045*3*7059*4*7063*6*7064*2*7069*17*7076*5*7132*4*7146*34*7154*7*7184*21
SDQ*EA*ZZ*7255*23*7353*13*7354*11*7358*8*7360*12*7362*4*7388*6*7437*3*7460*7*7461*14
SDQ*EA*ZZ*7558*14*7607*26*7610*6*7613*24*7637*6*7718*5*7719*37*9217*15*9513*6*9560*6
SDQ*EA*ZZ*9571*16*9620*12*9621*13*9622*7*9625*2*9629*10*9633*16*9639*9*9648*2*9674*7
SDQ*EA*ZZ*9714*17*9728*7*9735*3*9758*7
LIN**CB*970952115*ZZ*43*UP*831664000552*****DG*8*VS*00000
ZA*QS***006*20061211
CTP**UCP*2.95
SDQ*EA*ZZ*3083*1*7059*1*7063*2*7461*2
CTT*3
SE*34*0003
ST*852*0004
XQ*H*20061212
N9*AD*T00000040
LIN**CB*970953113*ZZ*43*UP*831664000569*****DG*1*VS*00000
ZA*QS***006*20061210
CTP**UCP*7.2
SDQ*EA*ZZ*5070*2
ZA*QS***006*20061211
CTP**UCP*7.2
SDQ*EA*ZZ*3063*1*3084*2*3143*1*3194*2*3219*2*3408*1*3672*2*3675*1*3703*1*3773*1
SDQ*EA*ZZ*3848*2*3975*1*3991*3*4189*8*4308*1*4489*7*4723*2*4817*5*4970*1*7076*3
SDQ*EA*ZZ*7255*9*7360*1*7388*1*7558*2*7613*2*7719*7*9217*2*9633*1*9648*2*9714*1
LIN**CB*970953113*ZZ*43*UP*831664000569*****DG*2*VS*00000
ZA*QS***006*20061211
CTP**UCP*7.2
SDQ*EA*ZZ*3701*2
LIN**CB*970953113*ZZ*43*UP*831664000569*****DG*5*VS*00000
ZA*QS***006*20061211
CTP**UCP*7.2
SDQ*EA*ZZ*3939*1
LIN**CB*970953113*ZZ*43*UP*831664000569*****DG*8*VS*00000
ZA*QS***006*20061211
CTP**UCP*7.2
SDQ*EA*ZZ*4189*2
CTT*4
SE*26*0004
ST*852*0005
XQ*H*20061212
N9*AD*T00000040
LIN**CB*970954111*ZZ*43*UP*831664000811*****DG*1*VS*00000
ZA*QS***006*20061211
CTP**UCP*7.9
SDQ*EA*ZZ*3083*1*3646*1*3661*1*3703*3*4198*2*4312*1*4723*2*4883*2*7069*1*7184*2
SDQ*EA*ZZ*7629*1*9674*2*9714*1
LIN**CB*970954111*ZZ*43*UP*831664000811*****DG*2*VS*00000
ZA*QS***006*20061211
CTP**UCP*7.9
SDQ*EA*ZZ*3701*4
CTT*2
SE*14*0005
ST*852*0006
XQ*H*20061212
N9*AD*T00000040
LIN**CB*970956116*ZZ*43*UP*831664000019*****DG*1*VS*00000
ZA*QS***006*20061211
CTP**UCP*1.1
SDQ*EA*ZZ*7360*1
CTT*1
SE*9*0006
ST*852*0007
XQ*H*20061212
N9*AD*T00000040
LIN**CB*970978110*ZZ*43*UP*831664000538*****DG*1*VS*00000
ZA*QS***006*20061211
CTP**UCP*5
SDQ*EA*ZZ*9758*1
CTT*1
SE*9*0007
ST*852*0008
XQ*H*20061212
N9*AD*T00000040
LIN**CB*970986113*ZZ*43*UP*831664001023*****DG*1*VS*00000
ZA*QS***006*20061211
CTP**UCP*2.6
SDQ*EA*ZZ*3602*1*3685*13*4103*17*7045*1*7461*2*9648*2
LIN**CB*970986113*ZZ*43*UP*831664001023*****DG*8*VS*00000
ZA*QS***006*20061211
CTP**UCP*2.6
SDQ*EA*ZZ*7063*1
CTT*2
SE*13*0008
GE*8*1000339
IEA*1*001000339
*** SUPERTRACS READY FOR INPUT
