ISA*00*          *00*          *09*006985290EFT   *12*6154525825     *060630*2307*U*00400*001000028*0*P*>
GS*RA*006985290EFT*6154525825*20060630*2307*1000028*X*004010
ST*820*0001
BPR*I*167467.45*C*ACH*CCP*01*021000018*DA*0300955622*9008965873**01*064102601*DA*3000289*20060704*VEN
TRN*3*770180847*9008965873
DTM*097*20060630
N1*PR*KMART CORPORATION*1*008965873
N1*PE*YOUNGS FARMS*92*00069099588
N1*SE*YOUNGS FARMS*92*00069099588
ENT*1
RMR*IK*306320060601*PI*118.45*118.45*0
REF*PO*0020060602
REF*ST*03063
REF*DP*043
DTM*999*20060601
RMR*IK*306320060602*PI*71.7*71.7*0
REF*PO*0020060603
REF*ST*03063
REF*DP*043
DTM*999*20060602
RMR*IK*306320060603*PI*151.05*151.05*0
REF*PO*0020060604
REF*ST*03063
REF*DP*043
DTM*999*20060603
RMR*IK*306320060604*PI*94*94*0
REF*PO*0020060605
REF*ST*03063
REF*DP*043
DTM*999*20060604
RMR*IK*306320060605*PI*79.45*79.45*0
REF*PO*0020060606
REF*ST*03063
REF*DP*043
DTM*999*20060605
RMR*IK*306320060606*PI*72.25*72.25*0
REF*PO*0020060607
REF*ST*03063
REF*DP*043
DTM*999*20060606
RMR*IK*306320060607*PI*26*26*0
REF*PO*0020060608
REF*ST*03063
REF*DP*043
DTM*999*20060607
RMR*IK*308220060601*PI*33.65*33.65*0
REF*PO*0020060602
REF*ST*03082
REF*DP*043
DTM*999*20060601
RMR*IK*308220060602*PI*67.1*67.1*0
REF*PO*0020060603
REF*ST*03082
REF*DP*043
DTM*999*20060602
RMR*IK*308220060603*PI*49.95*49.95*0
REF*PO*0020060604
REF*ST*03082
REF*DP*043
DTM*999*20060603
RMR*IK*308220060604*PI*30.65*30.65*0
REF*PO*0020060605
REF*ST*03082
REF*DP*043
DTM*999*20060604
RMR*IK*308220060605*PI*19.85*19.85*0
REF*PO*0020060606
REF*ST*03082
REF*DP*043
DTM*999*20060605
RMR*IK*308220060606*PI*30.45*30.45*0
REF*PO*0020060607
REF*ST*03082
REF*DP*043
DTM*999*20060606
RMR*IK*308220060607*PI*38.8*38.8*0
REF*PO*0020060608
REF*ST*03082
REF*DP*043
DTM*999*20060607
RMR*IK*308320060601*PI*448.3*448.3*0
REF*PO*0020060602
REF*ST*03083
REF*DP*043
DTM*999*20060601
RMR*IK*308320060602*PI*879.95*879.95*0
REF*PO*0020060603
REF*ST*03083
REF*DP*043
DTM*999*20060602
RMR*IK*308320060603*PI*1501.1*1501.1*0
REF*PO*0020060604
REF*ST*03083
REF*DP*043
DTM*999*20060603
RMR*IK*308320060604*PI*972.5*972.5*0
REF*PO*0020060605
REF*ST*03083
REF*DP*043
DTM*999*20060604
RMR*IK*308320060605*PI*791.15*791.15*0
REF*PO*0020060606
REF*ST*03083
REF*DP*043
DTM*999*20060605
RMR*IK*308320060606*PI*525.65*525.65*0
REF*PO*0020060607
REF*ST*03083
REF*DP*043
DTM*999*20060606
RMR*IK*308320060607*PI*507.2*507.2*0
REF*PO*0020060608
REF*ST*03083
REF*DP*043
DTM*999*20060607
RMR*IK*308420060601*PI*137*137*0
REF*PO*0020060602
REF*ST*03084
REF*DP*043
DTM*999*20060601
RMR*IK*308420060602*PI*286.2*286.2*0
REF*PO*0020060603
REF*ST*03084
REF*DP*043
DTM*999*20060602
RMR*IK*308420060603*PI*315.4*315.4*0
REF*PO*0020060604
REF*ST*03084
REF*DP*043
DTM*999*20060603
RMR*IK*308420060604*PI*167.1*167.1*0
REF*PO*0020060605
REF*ST*03084
REF*DP*043
DTM*999*20060604
RMR*IK*308420060605*PI*172.1*172.1*0
REF*PO*0020060606
REF*ST*03084
REF*DP*043
DTM*999*20060605
RMR*IK*308420060606*PI*246.65*246.65*0
REF*PO*0020060607
REF*ST*03084
REF*DP*043
DTM*999*20060606
RMR*IK*308420060607*PI*83.95*83.95*0
REF*PO*0020060608
REF*ST*03084
REF*DP*043
DTM*999*20060607
RMR*IK*310320060601*PI*116.65*116.65*0
REF*PO*0020060602
REF*ST*03103
REF*DP*043
DTM*999*20060601
RMR*IK*310320060602*PI*162*162*0
REF*PO*0020060603
REF*ST*03103
REF*DP*043
DTM*999*20060602
RMR*IK*310320060603*PI*1236.4*1236.4*0
REF*PO*0020060604
REF*ST*03103
REF*DP*043
DTM*999*20060603
RMR*IK*310320060604*PI*518.65*518.65*0
REF*PO*0020060605
REF*ST*03103
REF*DP*043
DTM*999*20060604
RMR*IK*310320060605*PI*525.4*525.4*0
REF*PO*0020060606
REF*ST*03103
REF*DP*043
DTM*999*20060605
RMR*IK*310320060606*PI*383.85*383.85*0
REF*PO*0020060607
REF*ST*03103
REF*DP*043
DTM*999*20060606
RMR*IK*310320060607*PI*329*329*0
REF*PO*0020060608
REF*ST*03103
REF*DP*043
DTM*999*20060607
RMR*IK*314320060601*PI*461.5*461.5*0
REF*PO*0020060602
REF*ST*03143
REF*DP*043
DTM*999*20060601
RMR*IK*314320060602*PI*523.65*523.65*0
REF*PO*0020060603
REF*ST*03143
REF*DP*043
DTM*999*20060602
RMR*IK*314320060603*PI*434.2*434.2*0
REF*PO*0020060604
REF*ST*03143
REF*DP*043
DTM*999*20060603
RMR*IK*314320060604*PI*355.4*355.4*0
REF*PO*0020060605
REF*ST*03143
REF*DP*043
DTM*999*20060604
RMR*IK*314320060605*PI*470.5*470.5*0
REF*PO*0020060606
REF*ST*03143
REF*DP*043
DTM*999*20060605
RMR*IK*314320060606*PI*245.55*245.55*0
REF*PO*0020060607
REF*ST*03143
REF*DP*043
DTM*999*20060606
RMR*IK*314320060607*PI*192.25*192.25*0
REF*PO*0020060608
REF*ST*03143
REF*DP*043
DTM*999*20060607
RMR*IK*319420060601*PI*34.5*34.5*0
REF*PO*0020060602
REF*ST*03194
REF*DP*043
DTM*999*20060601
RMR*IK*319420060602*PI*69*69*0
REF*PO*0020060603
REF*ST*03194
REF*DP*043
DTM*999*20060602
RMR*IK*319420060603*PI*113.4*113.4*0
REF*PO*0020060604
REF*ST*03194
REF*DP*043
DTM*999*20060603
RMR*IK*319420060604*PI*50.75*50.75*0
REF*PO*0020060605
REF*ST*03194
REF*DP*043
DTM*999*20060604
RMR*IK*319420060605*PI*50.1*50.1*0
REF*PO*0020060606
REF*ST*03194
REF*DP*043
DTM*999*20060605
RMR*IK*319420060606*PI*11.75*11.75*0
REF*PO*0020060607
REF*ST*03194
REF*DP*043
DTM*999*20060606
RMR*IK*319420060607*PI*22.15*22.15*0
REF*PO*0020060608
REF*ST*03194
REF*DP*043
DTM*999*20060607
RMR*IK*321920060601*PI*4*4*0
REF*PO*0020060602
REF*ST*03219
REF*DP*043
DTM*999*20060601
RMR*IK*321920060602*PI*43.55*43.55*0
REF*PO*0020060603
REF*ST*03219
REF*DP*043
DTM*999*20060602
RMR*IK*321920060603*PI*30.65*30.65*0
REF*PO*0020060604
REF*ST*03219
REF*DP*043
DTM*999*20060603
RMR*IK*321920060604*PI*6.25*6.25*0
REF*PO*0020060605
REF*ST*03219
REF*DP*043
DTM*999*20060604
RMR*IK*321920060605*PI*57.2*57.2*0
REF*PO*0020060606
REF*ST*03219
REF*DP*043
DTM*999*20060605
RMR*IK*321920060606*PI*16.15*16.15*0
REF*PO*0020060607
REF*ST*03219
REF*DP*043
DTM*999*20060606
RMR*IK*321920060607*PI*19*19*0
REF*PO*0020060608
REF*ST*03219
REF*DP*043
DTM*999*20060607
RMR*IK*322320060601*PI*15*15*0
REF*PO*0020060602
REF*ST*03223
REF*DP*043
DTM*999*20060601
RMR*IK*322320060602*PI*72.2*72.2*0
REF*PO*0020060603
REF*ST*03223
REF*DP*043
DTM*999*20060602
RMR*IK*322320060603*PI*75.35*75.35*0
REF*PO*0020060604
REF*ST*03223
REF*DP*043
DTM*999*20060603
RMR*IK*322320060604*PI*36.4*36.4*0
REF*PO*0020060605
REF*ST*03223
REF*DP*043
DTM*999*20060604
RMR*IK*322320060605*PI*15.2*15.2*0
REF*PO*0020060606
REF*ST*03223
REF*DP*043
DTM*999*20060605
RMR*IK*322320060606*PI*8.75*8.75*0
REF*PO*0020060607
REF*ST*03223
REF*DP*043
DTM*999*20060606
RMR*IK*322320060607*PI*58.4*58.4*0
REF*PO*0020060608
REF*ST*03223
REF*DP*043
DTM*999*20060607
RMR*IK*328920060601*PI*63.65*63.65*0
REF*PO*0020060602
REF*ST*03289
REF*DP*043
DTM*999*20060601
RMR*IK*328920060602*PI*28.75*28.75*0
REF*PO*0020060603
REF*ST*03289
REF*DP*043
DTM*999*20060602
RMR*IK*328920060603*PI*33.2*33.2*0
REF*PO*0020060604
REF*ST*03289
REF*DP*043
DTM*999*20060603
RMR*IK*328920060604*PI*69.05*69.05*0
REF*PO*0020060605
REF*ST*03289
REF*DP*043
DTM*999*20060604
RMR*IK*328920060605*PI*83.8*83.8*0
REF*PO*0020060606
REF*ST*03289
REF*DP*043
DTM*999*20060605
RMR*IK*328920060606*PI*21.25*21.25*0
REF*PO*0020060607
REF*ST*03289
REF*DP*043
DTM*999*20060606
RMR*IK*328920060607*PI*34.6*34.6*0
REF*PO*0020060608
REF*ST*03289
REF*DP*043
DTM*999*20060607
RMR*IK*334820060601*PI*289.85*289.85*0
REF*PO*0020060602
REF*ST*03348
REF*DP*043
DTM*999*20060601
RMR*IK*334820060602*PI*309.2*309.2*0
REF*PO*0020060603
REF*ST*03348
REF*DP*043
DTM*999*20060602
RMR*IK*334820060603*PI*142.8*142.8*0
REF*PO*0020060604
REF*ST*03348
REF*DP*043
DTM*999*20060603
RMR*IK*334820060604*PI*252.6*252.6*0
REF*PO*0020060605
REF*ST*03348
REF*DP*043
DTM*999*20060604
RMR*IK*334820060605*PI*251.3*251.3*0
REF*PO*0020060606
REF*ST*03348
REF*DP*043
DTM*999*20060605
RMR*IK*334820060606*PI*183.05*183.05*0
REF*PO*0020060607
REF*ST*03348
REF*DP*043
DTM*999*20060606
RMR*IK*334820060607*PI*210.1*210.1*0
REF*PO*0020060608
REF*ST*03348
REF*DP*043
DTM*999*20060607
RMR*IK*335520060601*PI*8*8*0
REF*PO*0020060602
REF*ST*03355
REF*DP*043
DTM*999*20060601
RMR*IK*335520060602*PI*38.05*38.05*0
REF*PO*0020060603
REF*ST*03355
REF*DP*043
DTM*999*20060602
RMR*IK*335520060603*PI*33.25*33.25*0
REF*PO*0020060604
REF*ST*03355
REF*DP*043
DTM*999*20060603
RMR*IK*335520060604*PI*22.65*22.65*0
REF*PO*0020060605
REF*ST*03355
REF*DP*043
DTM*999*20060604
RMR*IK*335520060605*PI*16.25*16.25*0
REF*PO*0020060606
REF*ST*03355
REF*DP*043
DTM*999*20060605
RMR*IK*335520060606*PI*1.25*1.25*0
REF*PO*0020060607
REF*ST*03355
REF*DP*043
DTM*999*20060606
RMR*IK*335520060607*PI*10.5*10.5*0
REF*PO*0020060608
REF*ST*03355
REF*DP*043
DTM*999*20060607
RMR*IK*335920060601*PI*66.6*66.6*0
REF*PO*0020060602
REF*ST*03359
REF*DP*043
DTM*999*20060601
RMR*IK*335920060602*PI*73.35*73.35*0
REF*PO*0020060603
REF*ST*03359
REF*DP*043
DTM*999*20060602
RMR*IK*335920060603*PI*102.95*102.95*0
REF*PO*0020060604
REF*ST*03359
REF*DP*043
DTM*999*20060603
RMR*IK*335920060604*PI*106.85*106.85*0
REF*PO*0020060605
REF*ST*03359
REF*DP*043
DTM*999*20060604
RMR*IK*335920060605*PI*53.5*53.5*0
REF*PO*0020060606
REF*ST*03359
REF*DP*043
DTM*999*20060605
RMR*IK*335920060606*PI*72.45*72.45*0
REF*PO*0020060607
REF*ST*03359
REF*DP*043
DTM*999*20060606
RMR*IK*335920060607*PI*60.6*60.6*0
REF*PO*0020060608
REF*ST*03359
REF*DP*043
DTM*999*20060607
RMR*IK*340820060601*PI*296.45*296.45*0
REF*PO*0020060602
REF*ST*03408
REF*DP*043
DTM*999*20060601
RMR*IK*340820060602*PI*296.45*296.45*0
REF*PO*0020060603
REF*ST*03408
REF*DP*043
DTM*999*20060602
RMR*IK*340820060603*PI*492.25*492.25*0
REF*PO*0020060604
REF*ST*03408
REF*DP*043
DTM*999*20060603
RMR*IK*340820060604*PI*180.3*180.3*0
REF*PO*0020060605
REF*ST*03408
REF*DP*043
DTM*999*20060604
RMR*IK*340820060605*PI*239.9*239.9*0
REF*PO*0020060606
REF*ST*03408
REF*DP*043
DTM*999*20060605
RMR*IK*340820060606*PI*179.1*179.1*0
REF*PO*0020060607
REF*ST*03408
REF*DP*043
DTM*999*20060606
RMR*IK*340820060607*PI*461.25*461.25*0
REF*PO*0020060608
REF*ST*03408
REF*DP*043
DTM*999*20060607
RMR*IK*360220060601*PI*41.7*41.7*0
REF*PO*0020060602
REF*ST*03602
REF*DP*043
DTM*999*20060601
RMR*IK*360220060602*PI*95.05*95.05*0
REF*PO*0020060603
REF*ST*03602
REF*DP*043
DTM*999*20060602
RMR*IK*360220060603*PI*153.6*153.6*0
REF*PO*0020060604
REF*ST*03602
REF*DP*043
DTM*999*20060603
RMR*IK*360220060604*PI*56.55*56.55*0
REF*PO*0020060605
REF*ST*03602
REF*DP*043
DTM*999*20060604
RMR*IK*360220060605*PI*53.65*53.65*0
REF*PO*0020060606
REF*ST*03602
REF*DP*043
DTM*999*20060605
RMR*IK*360220060606*PI*51.6*51.6*0
REF*PO*0020060607
REF*ST*03602
REF*DP*043
DTM*999*20060606
RMR*IK*360220060607*PI*67.45*67.45*0
REF*PO*0020060608
REF*ST*03602
REF*DP*043
DTM*999*20060607
RMR*IK*364420060601*PI*515.95*515.95*0
REF*PO*0020060602
REF*ST*03644
REF*DP*043
DTM*999*20060601
RMR*IK*364420060602*PI*508.75*508.75*0
REF*PO*0020060603
REF*ST*03644
REF*DP*043
DTM*999*20060602
RMR*IK*364420060603*PI*1413.75*1413.75*0
REF*PO*0020060604
REF*ST*03644
REF*DP*043
DTM*999*20060603
RMR*IK*364420060604*PI*1055.9*1055.9*0
REF*PO*0020060605
REF*ST*03644
REF*DP*043
DTM*999*20060604
RMR*IK*364420060605*PI*760.7*760.7*0
REF*PO*0020060606
REF*ST*03644
REF*DP*043
DTM*999*20060605
RMR*IK*364420060606*PI*708.75*708.75*0
REF*PO*0020060607
REF*ST*03644
REF*DP*043
DTM*999*20060606
RMR*IK*364420060607*PI*582*582*0
REF*PO*0020060608
REF*ST*03644
REF*DP*043
DTM*999*20060607
RMR*IK*364620060601*PI*344.25*344.25*0
REF*PO*0020060602
REF*ST*03646
REF*DP*043
DTM*999*20060601
RMR*IK*364620060602*PI*318.55*318.55*0
REF*PO*0020060603
REF*ST*03646
REF*DP*043
DTM*999*20060602
RMR*IK*364620060603*PI*864.5*864.5*0
REF*PO*0020060604
REF*ST*03646
REF*DP*043
DTM*999*20060603
RMR*IK*364620060604*PI*598.25*598.25*0
REF*PO*0020060605
REF*ST*03646
REF*DP*043
DTM*999*20060604
RMR*IK*364620060605*PI*284.4*284.4*0
REF*PO*0020060606
REF*ST*03646
REF*DP*043
DTM*999*20060605
RMR*IK*364620060606*PI*523.1*523.1*0
REF*PO*0020060607
REF*ST*03646
REF*DP*043
DTM*999*20060606
RMR*IK*364620060607*PI*675.1*675.1*0
REF*PO*0020060608
REF*ST*03646
REF*DP*043
DTM*999*20060607
RMR*IK*366020060601*PI*16.7*16.7*0
REF*PO*0020060602
REF*ST*03660
REF*DP*043
DTM*999*20060601
RMR*IK*366020060602*PI*31.05*31.05*0
REF*PO*0020060603
REF*ST*03660
REF*DP*043
DTM*999*20060602
RMR*IK*366020060603*PI*32.5*32.5*0
REF*PO*0020060604
REF*ST*03660
REF*DP*043
DTM*999*20060603
RMR*IK*366020060604*PI*32*32*0
REF*PO*0020060605
REF*ST*03660
REF*DP*043
DTM*999*20060604
RMR*IK*366020060605*PI*25*25*0
REF*PO*0020060606
REF*ST*03660
REF*DP*043
DTM*999*20060605
RMR*IK*366020060606*PI*7.75*7.75*0
REF*PO*0020060607
REF*ST*03660
REF*DP*043
DTM*999*20060606
RMR*IK*366020060607*PI*17.45*17.45*0
REF*PO*0020060608
REF*ST*03660
REF*DP*043
DTM*999*20060607
RMR*IK*366120060601*PI*147.2*147.2*0
REF*PO*0020060602
REF*ST*03661
REF*DP*043
DTM*999*20060601
RMR*IK*366120060602*PI*125.1*125.1*0
REF*PO*0020060603
REF*ST*03661
REF*DP*043
DTM*999*20060602
RMR*IK*366120060603*PI*106.8*106.8*0
REF*PO*0020060604
REF*ST*03661
REF*DP*043
DTM*999*20060603
RMR*IK*366120060604*PI*76.4*76.4*0
REF*PO*0020060605
REF*ST*03661
REF*DP*043
DTM*999*20060604
RMR*IK*366120060605*PI*42.3*42.3*0
REF*PO*0020060606
REF*ST*03661
REF*DP*043
DTM*999*20060605
RMR*IK*366120060606*PI*144.95*144.95*0
REF*PO*0020060607
REF*ST*03661
REF*DP*043
DTM*999*20060606
RMR*IK*366120060607*PI*53.15*53.15*0
REF*PO*0020060608
REF*ST*03661
REF*DP*043
DTM*999*20060607
RMR*IK*367220060601*PI*25.15*25.15*0
REF*PO*0020060602
REF*ST*03672
REF*DP*043
DTM*999*20060601
RMR*IK*367220060602*PI*21.65*21.65*0
REF*PO*0020060603
REF*ST*03672
REF*DP*043
DTM*999*20060602
RMR*IK*367220060603*PI*38.15*38.15*0
REF*PO*0020060604
REF*ST*03672
REF*DP*043
DTM*999*20060603
RMR*IK*367220060604*PI*36.9*36.9*0
REF*PO*0020060605
REF*ST*03672
REF*DP*043
DTM*999*20060604
RMR*IK*367220060605*PI*21.5*21.5*0
REF*PO*0020060606
REF*ST*03672
REF*DP*043
DTM*999*20060605
RMR*IK*367220060606*PI*31.8*31.8*0
REF*PO*0020060607
REF*ST*03672
REF*DP*043
DTM*999*20060606
RMR*IK*367220060607*PI*53.75*53.75*0
REF*PO*0020060608
REF*ST*03672
REF*DP*043
DTM*999*20060607
RMR*IK*367520060601*PI*19.7*19.7*0
REF*PO*0020060602
REF*ST*03675
REF*DP*043
DTM*999*20060601
RMR*IK*367520060602*PI*7*7*0
REF*PO*0020060603
REF*ST*03675
REF*DP*043
DTM*999*20060602
RMR*IK*367520060603*PI*52.6*52.6*0
REF*PO*0020060604
REF*ST*03675
REF*DP*043
DTM*999*20060603
RMR*IK*367520060604*PI*51.75*51.75*0
REF*PO*0020060605
REF*ST*03675
REF*DP*043
DTM*999*20060604
RMR*IK*367520060605*PI*31.5*31.5*0
REF*PO*0020060606
REF*ST*03675
REF*DP*043
DTM*999*20060605
RMR*IK*367520060606*PI*8.75*8.75*0
REF*PO*0020060607
REF*ST*03675
REF*DP*043
DTM*999*20060606
RMR*IK*367520060607*PI*37.55*37.55*0
REF*PO*0020060608
REF*ST*03675
REF*DP*043
DTM*999*20060607
RMR*IK*368520060601*PI*218.95*218.95*0
REF*PO*0020060602
REF*ST*03685
REF*DP*043
DTM*999*20060601
RMR*IK*368520060602*PI*128.5*128.5*0
REF*PO*0020060603
REF*ST*03685
REF*DP*043
DTM*999*20060602
RMR*IK*368520060603*PI*205.25*205.25*0
REF*PO*0020060604
REF*ST*03685
REF*DP*043
DTM*999*20060603
RMR*IK*368520060604*PI*216.5*216.5*0
REF*PO*0020060605
REF*ST*03685
REF*DP*043
DTM*999*20060604
RMR*IK*368520060605*PI*82.85*82.85*0
REF*PO*0020060606
REF*ST*03685
REF*DP*043
DTM*999*20060605
RMR*IK*368520060606*PI*117.55*117.55*0
REF*PO*0020060607
REF*ST*03685
REF*DP*043
DTM*999*20060606
RMR*IK*368520060607*PI*119.5*119.5*0
REF*PO*0020060608
REF*ST*03685
REF*DP*043
DTM*999*20060607
RMR*IK*370120060601*PI*58.85*58.85*0
REF*PO*0020060602
REF*ST*03701
REF*DP*043
DTM*999*20060601
RMR*IK*370120060602*PI*72.05*72.05*0
REF*PO*0020060603
REF*ST*03701
REF*DP*043
DTM*999*20060602
RMR*IK*370120060603*PI*44.3*44.3*0
REF*PO*0020060604
REF*ST*03701
REF*DP*043
DTM*999*20060603
RMR*IK*370120060604*PI*73.85*73.85*0
REF*PO*0020060605
REF*ST*03701
REF*DP*043
DTM*999*20060604
RMR*IK*370120060605*PI*70.8*70.8*0
REF*PO*0020060606
REF*ST*03701
REF*DP*043
DTM*999*20060605
RMR*IK*370120060606*PI*48.25*48.25*0
REF*PO*0020060607
REF*ST*03701
REF*DP*043
DTM*999*20060606
RMR*IK*370120060607*PI*17.85*17.85*0
REF*PO*0020060608
REF*ST*03701
REF*DP*043
DTM*999*20060607
RMR*IK*370320060601*PI*406.65*406.65*0
REF*PO*0020060602
REF*ST*03703
REF*DP*043
DTM*999*20060601
RMR*IK*370320060602*PI*347.75*347.75*0
REF*PO*0020060603
REF*ST*03703
REF*DP*043
DTM*999*20060602
RMR*IK*370320060603*PI*1648.4*1648.4*0
REF*PO*0020060604
REF*ST*03703
REF*DP*043
DTM*999*20060603
RMR*IK*370320060604*PI*1443.85*1443.85*0
REF*PO*0020060605
REF*ST*03703
REF*DP*043
DTM*999*20060604
RMR*IK*370320060605*PI*893.2*893.2*0
REF*PO*0020060606
REF*ST*03703
REF*DP*043
DTM*999*20060605
RMR*IK*370320060606*PI*745.85*745.85*0
REF*PO*0020060607
REF*ST*03703
REF*DP*043
DTM*999*20060606
RMR*IK*370320060607*PI*419.9*419.9*0
REF*PO*0020060608
REF*ST*03703
REF*DP*043
DTM*999*20060607
RMR*IK*371320060601*PI*17.25*17.25*0
REF*PO*0020060602
REF*ST*03713
REF*DP*043
DTM*999*20060601
RMR*IK*371320060602*PI*37.95*37.95*0
REF*PO*0020060603
REF*ST*03713
REF*DP*043
DTM*999*20060602
RMR*IK*371320060603*PI*34.15*34.15*0
REF*PO*0020060604
REF*ST*03713
REF*DP*043
DTM*999*20060603
RMR*IK*371320060604*PI*24.55*24.55*0
REF*PO*0020060605
REF*ST*03713
REF*DP*043
DTM*999*20060604
RMR*IK*371320060605*PI*72.8*72.8*0
REF*PO*0020060606
REF*ST*03713
REF*DP*043
DTM*999*20060605
RMR*IK*371320060606*PI*47.6*47.6*0
REF*PO*0020060607
REF*ST*03713
REF*DP*043
DTM*999*20060606
RMR*IK*371320060607*PI*26.45*26.45*0
REF*PO*0020060608
REF*ST*03713
REF*DP*043
DTM*999*20060607
RMR*IK*371520060601*PI*533.1*533.1*0
REF*PO*0020060602
REF*ST*03715
REF*DP*043
DTM*999*20060601
RMR*IK*371520060602*PI*246.75*246.75*0
REF*PO*0020060603
REF*ST*03715
REF*DP*043
DTM*999*20060602
RMR*IK*371520060603*PI*333.7*333.7*0
REF*PO*0020060604
REF*ST*03715
REF*DP*043
DTM*999*20060603
RMR*IK*371520060604*PI*262.7*262.7*0
REF*PO*0020060605
REF*ST*03715
REF*DP*043
DTM*999*20060604
RMR*IK*371520060605*PI*316.95*316.95*0
REF*PO*0020060606
REF*ST*03715
REF*DP*043
DTM*999*20060605
RMR*IK*371520060606*PI*264*264*0
REF*PO*0020060607
REF*ST*03715
REF*DP*043
DTM*999*20060606
RMR*IK*371520060607*PI*345.4*345.4*0
REF*PO*0020060608
REF*ST*03715
REF*DP*043
DTM*999*20060607
RMR*IK*382220060601*PI*169.9*169.9*0
REF*PO*0020060602
REF*ST*03822
REF*DP*043
DTM*999*20060601
RMR*IK*382220060602*PI*270.05*270.05*0
REF*PO*0020060603
REF*ST*03822
REF*DP*043
DTM*999*20060602
RMR*IK*382220060603*PI*399.25*399.25*0
REF*PO*0020060604
REF*ST*03822
REF*DP*043
DTM*999*20060603
RMR*IK*382220060604*PI*358.9*358.9*0
REF*PO*0020060605
REF*ST*03822
REF*DP*043
DTM*999*20060604
RMR*IK*382220060605*PI*286.35*286.35*0
REF*PO*0020060606
REF*ST*03822
REF*DP*043
DTM*999*20060605
RMR*IK*382220060606*PI*225.55*225.55*0
REF*PO*0020060607
REF*ST*03822
REF*DP*043
DTM*999*20060606
RMR*IK*382220060607*PI*346.65*346.65*0
REF*PO*0020060608
REF*ST*03822
REF*DP*043
DTM*999*20060607
RMR*IK*383620060601*PI*130.95*130.95*0
REF*PO*0020060602
REF*ST*03836
REF*DP*043
DTM*999*20060601
RMR*IK*383620060602*PI*268.25*268.25*0
REF*PO*0020060603
REF*ST*03836
REF*DP*043
DTM*999*20060602
RMR*IK*383620060603*PI*638.05*638.05*0
REF*PO*0020060604
REF*ST*03836
REF*DP*043
DTM*999*20060603
RMR*IK*383620060604*PI*323.75*323.75*0
REF*PO*0020060605
REF*ST*03836
REF*DP*043
DTM*999*20060604
RMR*IK*383620060605*PI*240.4*240.4*0
REF*PO*0020060606
REF*ST*03836
REF*DP*043
DTM*999*20060605
RMR*IK*383620060606*PI*202.75*202.75*0
REF*PO*0020060607
REF*ST*03836
REF*DP*043
DTM*999*20060606
RMR*IK*383620060607*PI*175.1*175.1*0
REF*PO*0020060608
REF*ST*03836
REF*DP*043
DTM*999*20060607
RMR*IK*384820060601*PI*103.45*103.45*0
REF*PO*0020060602
REF*ST*03848
REF*DP*043
DTM*999*20060601
RMR*IK*384820060602*PI*134.9*134.9*0
REF*PO*0020060603
REF*ST*03848
REF*DP*043
DTM*999*20060602
RMR*IK*384820060603*PI*199.15*199.15*0
REF*PO*0020060604
REF*ST*03848
REF*DP*043
DTM*999*20060603
RMR*IK*384820060604*PI*87.5*87.5*0
REF*PO*0020060605
REF*ST*03848
REF*DP*043
DTM*999*20060604
RMR*IK*384820060605*PI*102.5*102.5*0
REF*PO*0020060606
REF*ST*03848
REF*DP*043
DTM*999*20060605
RMR*IK*384820060606*PI*123.85*123.85*0
REF*PO*0020060607
REF*ST*03848
REF*DP*043
DTM*999*20060606
RMR*IK*384820060607*PI*63.2*63.2*0
REF*PO*0020060608
REF*ST*03848
REF*DP*043
DTM*999*20060607
RMR*IK*387620060601*PI*9*9*0
REF*PO*0020060602
REF*ST*03876
REF*DP*043
DTM*999*20060601
RMR*IK*387620060602*PI*59.2*59.2*0
REF*PO*0020060603
REF*ST*03876
REF*DP*043
DTM*999*20060602
RMR*IK*387620060603*PI*108.55*108.55*0
REF*PO*0020060604
REF*ST*03876
REF*DP*043
DTM*999*20060603
RMR*IK*387620060604*PI*99.35*99.35*0
REF*PO*0020060605
REF*ST*03876
REF*DP*043
DTM*999*20060604
RMR*IK*387620060605*PI*89.75*89.75*0
REF*PO*0020060606
REF*ST*03876
REF*DP*043
DTM*999*20060605
RMR*IK*387620060606*PI*65.45*65.45*0
REF*PO*0020060607
REF*ST*03876
REF*DP*043
DTM*999*20060606
RMR*IK*387620060607*PI*89.9*89.9*0
REF*PO*0020060608
REF*ST*03876
REF*DP*043
DTM*999*20060607
RMR*IK*390520060601*PI*5.25*5.25*0
REF*PO*0020060602
REF*ST*03905
REF*DP*043
DTM*999*20060601
RMR*IK*390520060602*PI*5.15*5.15*0
REF*PO*0020060603
REF*ST*03905
REF*DP*043
DTM*999*20060602
RMR*IK*390520060603*PI*41.5*41.5*0
REF*PO*0020060604
REF*ST*03905
REF*DP*043
DTM*999*20060603
RMR*IK*390520060604*PI*41.2*41.2*0
REF*PO*0020060605
REF*ST*03905
REF*DP*043
DTM*999*20060604
RMR*IK*390520060605*PI*16.5*16.5*0
REF*PO*0020060606
REF*ST*03905
REF*DP*043
DTM*999*20060605
RMR*IK*390520060606*PI*8.9*8.9*0
REF*PO*0020060607
REF*ST*03905
REF*DP*043
DTM*999*20060606
RMR*IK*390520060607*PI*12.1*12.1*0
REF*PO*0020060608
REF*ST*03905
REF*DP*043
DTM*999*20060607
RMR*IK*392920060601*PI*15.5*15.5*0
REF*PO*0020060602
REF*ST*03929
REF*DP*043
DTM*999*20060601
RMR*IK*392920060602*PI*20.25*20.25*0
REF*PO*0020060603
REF*ST*03929
REF*DP*043
DTM*999*20060602
RMR*IK*392920060603*PI*54*54*0
REF*PO*0020060604
REF*ST*03929
REF*DP*043
DTM*999*20060603
RMR*IK*392920060604*PI*78.05*78.05*0
REF*PO*0020060605
REF*ST*03929
REF*DP*043
DTM*999*20060604
RMR*IK*392920060605*PI*43.65*43.65*0
REF*PO*0020060606
REF*ST*03929
REF*DP*043
DTM*999*20060605
RMR*IK*392920060606*PI*24.15*24.15*0
REF*PO*0020060607
REF*ST*03929
REF*DP*043
DTM*999*20060606
RMR*IK*392920060607*PI*51.75*51.75*0
REF*PO*0020060608
REF*ST*03929
REF*DP*043
DTM*999*20060607
RMR*IK*393120060601*PI*30.85*30.85*0
REF*PO*0020060602
REF*ST*03931
REF*DP*043
DTM*999*20060601
RMR*IK*393120060602*PI*25.85*25.85*0
REF*PO*0020060603
REF*ST*03931
REF*DP*043
DTM*999*20060602
RMR*IK*393120060603*PI*107.9*107.9*0
REF*PO*0020060604
REF*ST*03931
REF*DP*043
DTM*999*20060603
RMR*IK*393120060604*PI*40.05*40.05*0
REF*PO*0020060605
REF*ST*03931
REF*DP*043
DTM*999*20060604
RMR*IK*393120060605*PI*17.4*17.4*0
REF*PO*0020060606
REF*ST*03931
REF*DP*043
DTM*999*20060605
RMR*IK*393120060606*PI*29.55*29.55*0
REF*PO*0020060607
REF*ST*03931
REF*DP*043
DTM*999*20060606
RMR*IK*393120060607*PI*3*3*0
REF*PO*0020060608
REF*ST*03931
REF*DP*043
DTM*999*20060607
RMR*IK*393920060601*PI*13*13*0
REF*PO*0020060602
REF*ST*03939
REF*DP*043
DTM*999*20060601
RMR*IK*393920060602*PI*10.3*10.3*0
REF*PO*0020060603
REF*ST*03939
REF*DP*043
DTM*999*20060602
RMR*IK*393920060603*PI*30.75*30.75*0
REF*PO*0020060604
REF*ST*03939
REF*DP*043
DTM*999*20060603
RMR*IK*393920060604*PI*26.1*26.1*0
REF*PO*0020060605
REF*ST*03939
REF*DP*043
DTM*999*20060604
RMR*IK*393920060605*PI*63.4*63.4*0
REF*PO*0020060606
REF*ST*03939
REF*DP*043
DTM*999*20060605
RMR*IK*393920060606*PI*9*9*0
REF*PO*0020060607
REF*ST*03939
REF*DP*043
DTM*999*20060606
RMR*IK*393920060607*PI*9.5*9.5*0
REF*PO*0020060608
REF*ST*03939
REF*DP*043
DTM*999*20060607
RMR*IK*394120060601*PI*731.7*731.7*0
REF*PO*0020060602
REF*ST*03941
REF*DP*043
DTM*999*20060601
RMR*IK*394120060602*PI*481.1*481.1*0
REF*PO*0020060603
REF*ST*03941
REF*DP*043
DTM*999*20060602
RMR*IK*394120060603*PI*761.95*761.95*0
REF*PO*0020060604
REF*ST*03941
REF*DP*043
DTM*999*20060603
RMR*IK*394120060604*PI*411.05*411.05*0
REF*PO*0020060605
REF*ST*03941
REF*DP*043
DTM*999*20060604
RMR*IK*394120060605*PI*699.8*699.8*0
REF*PO*0020060606
REF*ST*03941
REF*DP*043
DTM*999*20060605
RMR*IK*394120060606*PI*756.45*756.45*0
REF*PO*0020060607
REF*ST*03941
REF*DP*043
DTM*999*20060606
RMR*IK*394120060607*PI*659.55*659.55*0
REF*PO*0020060608
REF*ST*03941
REF*DP*043
DTM*999*20060607
RMR*IK*394620060603*PI*3*3*0
REF*PO*0020060604
REF*ST*03946
REF*DP*043
DTM*999*20060603
RMR*IK*394620060604*PI*.5*.5*0
REF*PO*0020060605
REF*ST*03946
REF*DP*043
DTM*999*20060604
RMR*IK*394620060605*PI*.5*.5*0
REF*PO*0020060606
REF*ST*03946
REF*DP*043
DTM*999*20060605
RMR*IK*394620060606*PI*1*1*0
REF*PO*0020060607
REF*ST*03946
REF*DP*043
DTM*999*20060606
RMR*IK*395720060601*PI*36.1*36.1*0
REF*PO*0020060602
REF*ST*03957
REF*DP*043
DTM*999*20060601
RMR*IK*395720060602*PI*75.9*75.9*0
REF*PO*0020060603
REF*ST*03957
REF*DP*043
DTM*999*20060602
RMR*IK*395720060603*PI*40.5*40.5*0
REF*PO*0020060604
REF*ST*03957
REF*DP*043
DTM*999*20060603
RMR*IK*395720060604*PI*21.1*21.1*0
REF*PO*0020060605
REF*ST*03957
REF*DP*043
DTM*999*20060604
RMR*IK*395720060605*PI*115.5*115.5*0
REF*PO*0020060606
REF*ST*03957
REF*DP*043
DTM*999*20060605
RMR*IK*395720060606*PI*94.3*94.3*0
REF*PO*0020060607
REF*ST*03957
REF*DP*043
DTM*999*20060606
RMR*IK*395720060607*PI*68.2*68.2*0
REF*PO*0020060608
REF*ST*03957
REF*DP*043
DTM*999*20060607
RMR*IK*396620060601*PI*107.85*107.85*0
REF*PO*0020060602
REF*ST*03966
REF*DP*043
DTM*999*20060601
RMR*IK*396620060602*PI*156.75*156.75*0
REF*PO*0020060603
REF*ST*03966
REF*DP*043
DTM*999*20060602
RMR*IK*396620060603*PI*193.9*193.9*0
REF*PO*0020060604
REF*ST*03966
REF*DP*043
DTM*999*20060603
RMR*IK*396620060604*PI*242.85*242.85*0
REF*PO*0020060605
REF*ST*03966
REF*DP*043
DTM*999*20060604
RMR*IK*396620060605*PI*100.4*100.4*0
REF*PO*0020060606
REF*ST*03966
REF*DP*043
DTM*999*20060605
RMR*IK*396620060606*PI*104.35*104.35*0
REF*PO*0020060607
REF*ST*03966
REF*DP*043
DTM*999*20060606
RMR*IK*396620060607*PI*66.3*66.3*0
REF*PO*0020060608
REF*ST*03966
REF*DP*043
DTM*999*20060607
RMR*IK*396720060605*PI*1.25*1.25*0
REF*PO*0020060606
REF*ST*03967
REF*DP*043
DTM*999*20060605
RMR*IK*396720060606*PI*10*10*0
REF*PO*0020060607
REF*ST*03967
REF*DP*043
DTM*999*20060606
RMR*IK*397520060601*PI*54.75*54.75*0
REF*PO*0020060602
REF*ST*03975
REF*DP*043
DTM*999*20060601
RMR*IK*397520060602*PI*55.45*55.45*0
REF*PO*0020060603
REF*ST*03975
REF*DP*043
DTM*999*20060602
RMR*IK*397520060603*PI*86.25*86.25*0
REF*PO*0020060604
REF*ST*03975
REF*DP*043
DTM*999*20060603
RMR*IK*397520060604*PI*97.55*97.55*0
REF*PO*0020060605
REF*ST*03975
REF*DP*043
DTM*999*20060604
RMR*IK*397520060605*PI*44.1*44.1*0
REF*PO*0020060606
REF*ST*03975
REF*DP*043
DTM*999*20060605
RMR*IK*397520060606*PI*82.8*82.8*0
REF*PO*0020060607
REF*ST*03975
REF*DP*043
DTM*999*20060606
RMR*IK*397520060607*PI*82.95*82.95*0
REF*PO*0020060608
REF*ST*03975
REF*DP*043
DTM*999*20060607
RMR*IK*397820060601*PI*153.6*153.6*0
REF*PO*0020060602
REF*ST*03978
REF*DP*043
DTM*999*20060601
RMR*IK*397820060602*PI*441.55*441.55*0
REF*PO*0020060603
REF*ST*03978
REF*DP*043
DTM*999*20060602
RMR*IK*397820060603*PI*268.95*268.95*0
REF*PO*0020060604
REF*ST*03978
REF*DP*043
DTM*999*20060603
RMR*IK*397820060604*PI*281.15*281.15*0
REF*PO*0020060605
REF*ST*03978
REF*DP*043
DTM*999*20060604
RMR*IK*397820060605*PI*95.7*95.7*0
REF*PO*0020060606
REF*ST*03978
REF*DP*043
DTM*999*20060605
RMR*IK*397820060606*PI*108.95*108.95*0
REF*PO*0020060607
REF*ST*03978
REF*DP*043
DTM*999*20060606
RMR*IK*397820060607*PI*131.75*131.75*0
REF*PO*0020060608
REF*ST*03978
REF*DP*043
DTM*999*20060607
RMR*IK*399120060601*PI*19.35*19.35*0
REF*PO*0020060602
REF*ST*03991
REF*DP*043
DTM*999*20060601
RMR*IK*399120060602*PI*74.05*74.05*0
REF*PO*0020060603
REF*ST*03991
REF*DP*043
DTM*999*20060602
RMR*IK*399120060603*PI*29.4*29.4*0
REF*PO*0020060604
REF*ST*03991
REF*DP*043
DTM*999*20060603
RMR*IK*399120060604*PI*65.4*65.4*0
REF*PO*0020060605
REF*ST*03991
REF*DP*043
DTM*999*20060604
RMR*IK*399120060605*PI*57.2*57.2*0
REF*PO*0020060606
REF*ST*03991
REF*DP*043
DTM*999*20060605
RMR*IK*399120060606*PI*22.95*22.95*0
REF*PO*0020060607
REF*ST*03991
REF*DP*043
DTM*999*20060606
RMR*IK*399120060607*PI*10.5*10.5*0
REF*PO*0020060608
REF*ST*03991
REF*DP*043
DTM*999*20060607
RMR*IK*399420060601*PI*22.5*22.5*0
REF*PO*0020060602
REF*ST*03994
REF*DP*043
DTM*999*20060601
RMR*IK*399420060602*PI*20.65*20.65*0
REF*PO*0020060603
REF*ST*03994
REF*DP*043
DTM*999*20060602
RMR*IK*399420060603*PI*124.5*124.5*0
REF*PO*0020060604
REF*ST*03994
REF*DP*043
DTM*999*20060603
RMR*IK*399420060604*PI*30.25*30.25*0
REF*PO*0020060605
REF*ST*03994
REF*DP*043
DTM*999*20060604
RMR*IK*399420060605*PI*26.5*26.5*0
REF*PO*0020060606
REF*ST*03994
REF*DP*043
DTM*999*20060605
RMR*IK*399420060606*PI*37.25*37.25*0
REF*PO*0020060607
REF*ST*03994
REF*DP*043
DTM*999*20060606
RMR*IK*399420060607*PI*17.5*17.5*0
REF*PO*0020060608
REF*ST*03994
REF*DP*043
DTM*999*20060607
RMR*IK*399620060601*PI*214.65*214.65*0
REF*PO*0020060602
REF*ST*03996
REF*DP*043
DTM*999*20060601
RMR*IK*399620060602*PI*214.4*214.4*0
REF*PO*0020060603
REF*ST*03996
REF*DP*043
DTM*999*20060602
RMR*IK*399620060603*PI*226.6*226.6*0
REF*PO*0020060604
REF*ST*03996
REF*DP*043
DTM*999*20060603
RMR*IK*399620060604*PI*235.1*235.1*0
REF*PO*0020060605
REF*ST*03996
REF*DP*043
DTM*999*20060604
RMR*IK*399620060605*PI*173.15*173.15*0
REF*PO*0020060606
REF*ST*03996
REF*DP*043
DTM*999*20060605
RMR*IK*399620060606*PI*157.9*157.9*0
REF*PO*0020060607
REF*ST*03996
REF*DP*043
DTM*999*20060606
RMR*IK*399620060607*PI*142.45*142.45*0
REF*PO*0020060608
REF*ST*03996
REF*DP*043
DTM*999*20060607
RMR*IK*403320060601*PI*53.5*53.5*0
REF*PO*0020060602
REF*ST*04033
REF*DP*043
DTM*999*20060601
RMR*IK*403320060602*PI*41.25*41.25*0
REF*PO*0020060603
REF*ST*04033
REF*DP*043
DTM*999*20060602
RMR*IK*403320060603*PI*115.65*115.65*0
REF*PO*0020060604
REF*ST*04033
REF*DP*043
DTM*999*20060603
RMR*IK*403320060604*PI*35.15*35.15*0
REF*PO*0020060605
REF*ST*04033
REF*DP*043
DTM*999*20060604
RMR*IK*403320060605*PI*32.1*32.1*0
REF*PO*0020060606
REF*ST*04033
REF*DP*043
DTM*999*20060605
RMR*IK*403320060606*PI*48.35*48.35*0
REF*PO*0020060607
REF*ST*04033
REF*DP*043
DTM*999*20060606
RMR*IK*403320060607*PI*68.75*68.75*0
REF*PO*0020060608
REF*ST*04033
REF*DP*043
DTM*999*20060607
RMR*IK*407120060601*PI*70.5*70.5*0
REF*PO*0020060602
REF*ST*04071
REF*DP*043
DTM*999*20060601
RMR*IK*407120060602*PI*92.35*92.35*0
REF*PO*0020060603
REF*ST*04071
REF*DP*043
DTM*999*20060602
RMR*IK*407120060603*PI*74.6*74.6*0
REF*PO*0020060604
REF*ST*04071
REF*DP*043
DTM*999*20060603
RMR*IK*407120060604*PI*44.5*44.5*0
REF*PO*0020060605
REF*ST*04071
REF*DP*043
DTM*999*20060604
RMR*IK*407120060605*PI*43.4*43.4*0
REF*PO*0020060606
REF*ST*04071
REF*DP*043
DTM*999*20060605
RMR*IK*407120060606*PI*134.8*134.8*0
REF*PO*0020060607
REF*ST*04071
REF*DP*043
DTM*999*20060606
RMR*IK*407120060607*PI*54.75*54.75*0
REF*PO*0020060608
REF*ST*04071
REF*DP*043
DTM*999*20060607
RMR*IK*409320060601*PI*830.8*830.8*0
REF*PO*0020060602
REF*ST*04093
REF*DP*043
DTM*999*20060601
RMR*IK*409320060602*PI*670.45*670.45*0
REF*PO*0020060603
REF*ST*04093
REF*DP*043
DTM*999*20060602
RMR*IK*409320060603*PI*2108.3*2108.3*0
REF*PO*0020060604
REF*ST*04093
REF*DP*043
DTM*999*20060603
RMR*IK*409320060604*PI*1294.9*1294.9*0
REF*PO*0020060605
REF*ST*04093
REF*DP*043
DTM*999*20060604
RMR*IK*409320060605*PI*844.8*844.8*0
REF*PO*0020060606
REF*ST*04093
REF*DP*043
DTM*999*20060605
RMR*IK*409320060606*PI*1071.95*1071.95*0
REF*PO*0020060607
REF*ST*04093
REF*DP*043
DTM*999*20060606
RMR*IK*409320060607*PI*826.65*826.65*0
REF*PO*0020060608
REF*ST*04093
REF*DP*043
DTM*999*20060607
RMR*IK*410320060601*PI*553.6*553.6*0
REF*PO*0020060602
REF*ST*04103
REF*DP*043
DTM*999*20060601
RMR*IK*410320060602*PI*533.7*533.7*0
REF*PO*0020060603
REF*ST*04103
REF*DP*043
DTM*999*20060602
RMR*IK*410320060603*PI*1402*1402*0
REF*PO*0020060604
REF*ST*04103
REF*DP*043
DTM*999*20060603
RMR*IK*410320060604*PI*874.5*874.5*0
REF*PO*0020060605
REF*ST*04103
REF*DP*043
DTM*999*20060604
RMR*IK*410320060605*PI*962.25*962.25*0
REF*PO*0020060606
REF*ST*04103
REF*DP*043
DTM*999*20060605
RMR*IK*410320060606*PI*748*748*0
REF*PO*0020060607
REF*ST*04103
REF*DP*043
DTM*999*20060606
RMR*IK*410320060607*PI*802.7*802.7*0
REF*PO*0020060608
REF*ST*04103
REF*DP*043
DTM*999*20060607
RMR*IK*412220060601*PI*49.6*49.6*0
REF*PO*0020060602
REF*ST*04122
REF*DP*043
DTM*999*20060601
RMR*IK*412220060602*PI*117.45*117.45*0
REF*PO*0020060603
REF*ST*04122
REF*DP*043
DTM*999*20060602
RMR*IK*412220060603*PI*136.6*136.6*0
REF*PO*0020060604
REF*ST*04122
REF*DP*043
DTM*999*20060603
RMR*IK*412220060604*PI*65.55*65.55*0
REF*PO*0020060605
REF*ST*04122
REF*DP*043
DTM*999*20060604
RMR*IK*412220060605*PI*29.65*29.65*0
REF*PO*0020060606
REF*ST*04122
REF*DP*043
DTM*999*20060605
RMR*IK*412220060606*PI*14.6*14.6*0
REF*PO*0020060607
REF*ST*04122
REF*DP*043
DTM*999*20060606
RMR*IK*412220060607*PI*48.4*48.4*0
REF*PO*0020060608
REF*ST*04122
REF*DP*043
DTM*999*20060607
RMR*IK*418920060601*PI*41.55*41.55*0
REF*PO*0020060602
REF*ST*04189
REF*DP*043
DTM*999*20060601
RMR*IK*418920060602*PI*82.35*82.35*0
REF*PO*0020060603
REF*ST*04189
REF*DP*043
DTM*999*20060602
RMR*IK*418920060603*PI*83.8*83.8*0
REF*PO*0020060604
REF*ST*04189
REF*DP*043
DTM*999*20060603
RMR*IK*418920060604*PI*81.35*81.35*0
REF*PO*0020060605
REF*ST*04189
REF*DP*043
DTM*999*20060604
RMR*IK*418920060605*PI*85.5*85.5*0
REF*PO*0020060606
REF*ST*04189
REF*DP*043
DTM*999*20060605
RMR*IK*418920060606*PI*22.5*22.5*0
REF*PO*0020060607
REF*ST*04189
REF*DP*043
DTM*999*20060606
RMR*IK*418920060607*PI*39.4*39.4*0
REF*PO*0020060608
REF*ST*04189
REF*DP*043
DTM*999*20060607
RMR*IK*419820060601*PI*100.95*100.95*0
REF*PO*0020060602
REF*ST*04198
REF*DP*043
DTM*999*20060601
RMR*IK*419820060602*PI*99.2*99.2*0
REF*PO*0020060603
REF*ST*04198
REF*DP*043
DTM*999*20060602
RMR*IK*419820060603*PI*170.8*170.8*0
REF*PO*0020060604
REF*ST*04198
REF*DP*043
DTM*999*20060603
RMR*IK*419820060604*PI*23.7*23.7*0
REF*PO*0020060605
REF*ST*04198
REF*DP*043
DTM*999*20060604
RMR*IK*419820060605*PI*116.75*116.75*0
REF*PO*0020060606
REF*ST*04198
REF*DP*043
DTM*999*20060605
RMR*IK*419820060606*PI*45.45*45.45*0
REF*PO*0020060607
REF*ST*04198
REF*DP*043
DTM*999*20060606
RMR*IK*419820060607*PI*38.2*38.2*0
REF*PO*0020060608
REF*ST*04198
REF*DP*043
DTM*999*20060607
RMR*IK*421320060601*PI*58.7*58.7*0
REF*PO*0020060602
REF*ST*04213
REF*DP*043
DTM*999*20060601
RMR*IK*421320060602*PI*12*12*0
REF*PO*0020060603
REF*ST*04213
REF*DP*043
DTM*999*20060602
RMR*IK*421320060603*PI*31*31*0
REF*PO*0020060604
REF*ST*04213
REF*DP*043
DTM*999*20060603
RMR*IK*421320060604*PI*29.6*29.6*0
REF*PO*0020060605
REF*ST*04213
REF*DP*043
DTM*999*20060604
RMR*IK*421320060605*PI*7.4*7.4*0
REF*PO*0020060606
REF*ST*04213
REF*DP*043
DTM*999*20060605
RMR*IK*421320060606*PI*14.5*14.5*0
REF*PO*0020060607
REF*ST*04213
REF*DP*043
DTM*999*20060606
RMR*IK*421320060607*PI*30.65*30.65*0
REF*PO*0020060608
REF*ST*04213
REF*DP*043
DTM*999*20060607
RMR*IK*424420060601*PI*499.7*499.7*0
REF*PO*0020060602
REF*ST*04244
REF*DP*043
DTM*999*20060601
RMR*IK*424420060602*PI*701.1*701.1*0
REF*PO*0020060603
REF*ST*04244
REF*DP*043
DTM*999*20060602
RMR*IK*424420060603*PI*1253.1*1253.1*0
REF*PO*0020060604
REF*ST*04244
REF*DP*043
DTM*999*20060603
RMR*IK*424420060604*PI*474.75*474.75*0
REF*PO*0020060605
REF*ST*04244
REF*DP*043
DTM*999*20060604
RMR*IK*424420060605*PI*744.9*744.9*0
REF*PO*0020060606
REF*ST*04244
REF*DP*043
DTM*999*20060605
RMR*IK*424420060606*PI*633.55*633.55*0
REF*PO*0020060607
REF*ST*04244
REF*DP*043
DTM*999*20060606
RMR*IK*424420060607*PI*561*561*0
REF*PO*0020060608
REF*ST*04244
REF*DP*043
DTM*999*20060607
RMR*IK*430820060601*PI*26.1*26.1*0
REF*PO*0020060602
REF*ST*04308
REF*DP*043
DTM*999*20060601
RMR*IK*430820060602*PI*21.6*21.6*0
REF*PO*0020060603
REF*ST*04308
REF*DP*043
DTM*999*20060602
RMR*IK*430820060603*PI*263*263*0
REF*PO*0020060604
REF*ST*04308
REF*DP*043
DTM*999*20060603
RMR*IK*430820060604*PI*68.45*68.45*0
REF*PO*0020060605
REF*ST*04308
REF*DP*043
DTM*999*20060604
RMR*IK*430820060605*PI*40.25*40.25*0
REF*PO*0020060606
REF*ST*04308
REF*DP*043
DTM*999*20060605
RMR*IK*430820060606*PI*65.2*65.2*0
REF*PO*0020060607
REF*ST*04308
REF*DP*043
DTM*999*20060606
RMR*IK*430820060607*PI*49.15*49.15*0
REF*PO*0020060608
REF*ST*04308
REF*DP*043
DTM*999*20060607
RMR*IK*431220060601*PI*64.65*64.65*0
REF*PO*0020060602
REF*ST*04312
REF*DP*043
DTM*999*20060601
RMR*IK*431220060602*PI*174.7*174.7*0
REF*PO*0020060603
REF*ST*04312
REF*DP*043
DTM*999*20060602
RMR*IK*431220060603*PI*164.9*164.9*0
REF*PO*0020060604
REF*ST*04312
REF*DP*043
DTM*999*20060603
RMR*IK*431220060604*PI*139.45*139.45*0
REF*PO*0020060605
REF*ST*04312
REF*DP*043
DTM*999*20060604
RMR*IK*431220060605*PI*118.15*118.15*0
REF*PO*0020060606
REF*ST*04312
REF*DP*043
DTM*999*20060605
RMR*IK*431220060606*PI*87.7*87.7*0
REF*PO*0020060607
REF*ST*04312
REF*DP*043
DTM*999*20060606
RMR*IK*431220060607*PI*74.5*74.5*0
REF*PO*0020060608
REF*ST*04312
REF*DP*043
DTM*999*20060607
RMR*IK*431220060623*PI*-.2*-.2*0
REF*PO*0020060624
REF*ST*04312
REF*DP*043
DTM*999*20060623
RMR*IK*445120060601*PI*15*15*0
REF*PO*0020060602
REF*ST*04451
REF*DP*043
DTM*999*20060601
RMR*IK*445120060602*PI*43*43*0
REF*PO*0020060603
REF*ST*04451
REF*DP*043
DTM*999*20060602
RMR*IK*445120060603*PI*9*9*0
REF*PO*0020060604
REF*ST*04451
REF*DP*043
DTM*999*20060603
RMR*IK*445120060604*PI*6*6*0
REF*PO*0020060605
REF*ST*04451
REF*DP*043
DTM*999*20060604
RMR*IK*445120060605*PI*6*6*0
REF*PO*0020060606
REF*ST*04451
REF*DP*043
DTM*999*20060605
RMR*IK*445120060606*PI*12*12*0
REF*PO*0020060607
REF*ST*04451
REF*DP*043
DTM*999*20060606
RMR*IK*445120060607*PI*15*15*0
REF*PO*0020060608
REF*ST*04451
REF*DP*043
DTM*999*20060607
RMR*IK*447520060601*PI*81.9*81.9*0
REF*PO*0020060602
REF*ST*04475
REF*DP*043
DTM*999*20060601
RMR*IK*447520060602*PI*63.15*63.15*0
REF*PO*0020060603
REF*ST*04475
REF*DP*043
DTM*999*20060602
RMR*IK*447520060603*PI*79*79*0
REF*PO*0020060604
REF*ST*04475
REF*DP*043
DTM*999*20060603
RMR*IK*447520060604*PI*54.9*54.9*0
REF*PO*0020060605
REF*ST*04475
REF*DP*043
DTM*999*20060604
RMR*IK*447520060605*PI*144.1*144.1*0
REF*PO*0020060606
REF*ST*04475
REF*DP*043
DTM*999*20060605
RMR*IK*447520060606*PI*196.65*196.65*0
REF*PO*0020060607
REF*ST*04475
REF*DP*043
DTM*999*20060606
RMR*IK*447520060607*PI*90.35*90.35*0
REF*PO*0020060608
REF*ST*04475
REF*DP*043
DTM*999*20060607
RMR*IK*448920060601*PI*7*7*0
REF*PO*0020060602
REF*ST*04489
REF*DP*043
DTM*999*20060601
RMR*IK*448920060602*PI*13*13*0
REF*PO*0020060603
REF*ST*04489
REF*DP*043
DTM*999*20060602
RMR*IK*448920060603*PI*67.95*67.95*0
REF*PO*0020060604
REF*ST*04489
REF*DP*043
DTM*999*20060603
RMR*IK*448920060604*PI*18.75*18.75*0
REF*PO*0020060605
REF*ST*04489
REF*DP*043
DTM*999*20060604
RMR*IK*448920060605*PI*14.25*14.25*0
REF*PO*0020060606
REF*ST*04489
REF*DP*043
DTM*999*20060605
RMR*IK*448920060606*PI*53.5*53.5*0
REF*PO*0020060607
REF*ST*04489
REF*DP*043
DTM*999*20060606
RMR*IK*448920060607*PI*8.65*8.65*0
REF*PO*0020060608
REF*ST*04489
REF*DP*043
DTM*999*20060607
RMR*IK*471720060601*PI*487.75*487.75*0
REF*PO*0020060602
REF*ST*04717
REF*DP*043
DTM*999*20060601
RMR*IK*471720060602*PI*600.45*600.45*0
REF*PO*0020060603
REF*ST*04717
REF*DP*043
DTM*999*20060602
RMR*IK*471720060603*PI*786.75*786.75*0
REF*PO*0020060604
REF*ST*04717
REF*DP*043
DTM*999*20060603
RMR*IK*471720060604*PI*328*328*0
REF*PO*0020060605
REF*ST*04717
REF*DP*043
DTM*999*20060604
RMR*IK*471720060605*PI*442.6*442.6*0
REF*PO*0020060606
REF*ST*04717
REF*DP*043
DTM*999*20060605
RMR*IK*471720060606*PI*551.95*551.95*0
REF*PO*0020060607
REF*ST*04717
REF*DP*043
DTM*999*20060606
RMR*IK*471720060607*PI*470.65*470.65*0
REF*PO*0020060608
REF*ST*04717
REF*DP*043
DTM*999*20060607
RMR*IK*471920060601*PI*494*494*0
REF*PO*0020060602
REF*ST*04719
REF*DP*043
DTM*999*20060601
RMR*IK*471920060602*PI*520.7*520.7*0
REF*PO*0020060603
REF*ST*04719
REF*DP*043
DTM*999*20060602
RMR*IK*471920060603*PI*721.55*721.55*0
REF*PO*0020060604
REF*ST*04719
REF*DP*043
DTM*999*20060603
RMR*IK*471920060604*PI*351.45*351.45*0
REF*PO*0020060605
REF*ST*04719
REF*DP*043
DTM*999*20060604
RMR*IK*471920060605*PI*282.35*282.35*0
REF*PO*0020060606
REF*ST*04719
REF*DP*043
DTM*999*20060605
RMR*IK*471920060606*PI*228.75*228.75*0
REF*PO*0020060607
REF*ST*04719
REF*DP*043
DTM*999*20060606
RMR*IK*471920060607*PI*420.45*420.45*0
REF*PO*0020060608
REF*ST*04719
REF*DP*043
DTM*999*20060607
RMR*IK*472320060601*PI*12.85*12.85*0
REF*PO*0020060602
REF*ST*04723
REF*DP*043
DTM*999*20060601
RMR*IK*472320060602*PI*15*15*0
REF*PO*0020060603
REF*ST*04723
REF*DP*043
DTM*999*20060602
RMR*IK*472320060603*PI*13.1*13.1*0
REF*PO*0020060604
REF*ST*04723
REF*DP*043
DTM*999*20060603
RMR*IK*472320060604*PI*27.25*27.25*0
REF*PO*0020060605
REF*ST*04723
REF*DP*043
DTM*999*20060604
RMR*IK*472320060605*PI*8.95*8.95*0
REF*PO*0020060606
REF*ST*04723
REF*DP*043
DTM*999*20060605
RMR*IK*472320060606*PI*5.8*5.8*0
REF*PO*0020060607
REF*ST*04723
REF*DP*043
DTM*999*20060606
RMR*IK*472320060607*PI*13.15*13.15*0
REF*PO*0020060608
REF*ST*04723
REF*DP*043
DTM*999*20060607
RMR*IK*473920060601*PI*150.15*150.15*0
REF*PO*0020060602
REF*ST*04739
REF*DP*043
DTM*999*20060601
RMR*IK*473920060602*PI*89.6*89.6*0
REF*PO*0020060603
REF*ST*04739
REF*DP*043
DTM*999*20060602
RMR*IK*473920060603*PI*237.85*237.85*0
REF*PO*0020060604
REF*ST*04739
REF*DP*043
DTM*999*20060603
RMR*IK*473920060604*PI*116.25*116.25*0
REF*PO*0020060605
REF*ST*04739
REF*DP*043
DTM*999*20060604
RMR*IK*473920060605*PI*139.9*139.9*0
REF*PO*0020060606
REF*ST*04739
REF*DP*043
DTM*999*20060605
RMR*IK*473920060606*PI*59.2*59.2*0
REF*PO*0020060607
REF*ST*04739
REF*DP*043
DTM*999*20060606
RMR*IK*473920060607*PI*54.05*54.05*0
REF*PO*0020060608
REF*ST*04739
REF*DP*043
DTM*999*20060607
RMR*IK*475320060601*PI*19*19*0
REF*PO*0020060602
REF*ST*04753
REF*DP*043
DTM*999*20060601
RMR*IK*475320060602*PI*58.25*58.25*0
REF*PO*0020060603
REF*ST*04753
REF*DP*043
DTM*999*20060602
RMR*IK*475320060603*PI*252.15*252.15*0
REF*PO*0020060604
REF*ST*04753
REF*DP*043
DTM*999*20060603
RMR*IK*475320060604*PI*126.75*126.75*0
REF*PO*0020060605
REF*ST*04753
REF*DP*043
DTM*999*20060604
RMR*IK*475320060605*PI*70.1*70.1*0
REF*PO*0020060606
REF*ST*04753
REF*DP*043
DTM*999*20060605
RMR*IK*475320060606*PI*85.35*85.35*0
REF*PO*0020060607
REF*ST*04753
REF*DP*043
DTM*999*20060606
RMR*IK*475320060607*PI*41.35*41.35*0
REF*PO*0020060608
REF*ST*04753
REF*DP*043
DTM*999*20060607
RMR*IK*476020060601*PI*36.5*36.5*0
REF*PO*0020060602
REF*ST*04760
REF*DP*043
DTM*999*20060601
RMR*IK*476020060602*PI*65.25*65.25*0
REF*PO*0020060603
REF*ST*04760
REF*DP*043
DTM*999*20060602
RMR*IK*476020060603*PI*96.55*96.55*0
REF*PO*0020060604
REF*ST*04760
REF*DP*043
DTM*999*20060603
RMR*IK*476020060604*PI*62.6*62.6*0
REF*PO*0020060605
REF*ST*04760
REF*DP*043
DTM*999*20060604
RMR*IK*476020060605*PI*30.15*30.15*0
REF*PO*0020060606
REF*ST*04760
REF*DP*043
DTM*999*20060605
RMR*IK*476020060606*PI*12.3*12.3*0
REF*PO*0020060607
REF*ST*04760
REF*DP*043
DTM*999*20060606
RMR*IK*476020060607*PI*18.5*18.5*0
REF*PO*0020060608
REF*ST*04760
REF*DP*043
DTM*999*20060607
RMR*IK*476920060601*PI*100.5*100.5*0
REF*PO*0020060602
REF*ST*04769
REF*DP*043
DTM*999*20060601
RMR*IK*476920060602*PI*200.25*200.25*0
REF*PO*0020060603
REF*ST*04769
REF*DP*043
DTM*999*20060602
RMR*IK*476920060603*PI*258.85*258.85*0
REF*PO*0020060604
REF*ST*04769
REF*DP*043
DTM*999*20060603
RMR*IK*476920060604*PI*219.55*219.55*0
REF*PO*0020060605
REF*ST*04769
REF*DP*043
DTM*999*20060604
RMR*IK*476920060605*PI*253.15*253.15*0
REF*PO*0020060606
REF*ST*04769
REF*DP*043
DTM*999*20060605
RMR*IK*476920060606*PI*206.15*206.15*0
REF*PO*0020060607
REF*ST*04769
REF*DP*043
DTM*999*20060606
RMR*IK*476920060607*PI*166.4*166.4*0
REF*PO*0020060608
REF*ST*04769
REF*DP*043
DTM*999*20060607
RMR*IK*481720060601*PI*59.6*59.6*0
REF*PO*0020060602
REF*ST*04817
REF*DP*043
DTM*999*20060601
RMR*IK*481720060602*PI*117.65*117.65*0
REF*PO*0020060603
REF*ST*04817
REF*DP*043
DTM*999*20060602
RMR*IK*481720060603*PI*325.95*325.95*0
REF*PO*0020060604
REF*ST*04817
REF*DP*043
DTM*999*20060603
RMR*IK*481720060604*PI*294.15*294.15*0
REF*PO*0020060605
REF*ST*04817
REF*DP*043
DTM*999*20060604
RMR*IK*481720060605*PI*301.85*301.85*0
REF*PO*0020060606
REF*ST*04817
REF*DP*043
DTM*999*20060605
RMR*IK*481720060606*PI*289.15*289.15*0
REF*PO*0020060607
REF*ST*04817
REF*DP*043
DTM*999*20060606
RMR*IK*481720060607*PI*234.05*234.05*0
REF*PO*0020060608
REF*ST*04817
REF*DP*043
DTM*999*20060607
RMR*IK*483520060601*PI*61.15*61.15*0
REF*PO*0020060602
REF*ST*04835
REF*DP*043
DTM*999*20060601
RMR*IK*483520060602*PI*42.7*42.7*0
REF*PO*0020060603
REF*ST*04835
REF*DP*043
DTM*999*20060602
RMR*IK*483520060603*PI*31.8*31.8*0
REF*PO*0020060604
REF*ST*04835
REF*DP*043
DTM*999*20060603
RMR*IK*483520060604*PI*34.3*34.3*0
REF*PO*0020060605
REF*ST*04835
REF*DP*043
DTM*999*20060604
RMR*IK*483520060605*PI*48.15*48.15*0
REF*PO*0020060606
REF*ST*04835
REF*DP*043
DTM*999*20060605
RMR*IK*483520060606*PI*60.8*60.8*0
REF*PO*0020060607
REF*ST*04835
REF*DP*043
DTM*999*20060606
RMR*IK*483520060607*PI*39.85*39.85*0
REF*PO*0020060608
REF*ST*04835
REF*DP*043
DTM*999*20060607
RMR*IK*488320060601*PI*11.4*11.4*0
REF*PO*0020060602
REF*ST*04883
REF*DP*043
DTM*999*20060601
RMR*IK*488320060602*PI*40.15*40.15*0
REF*PO*0020060603
REF*ST*04883
REF*DP*043
DTM*999*20060602
RMR*IK*488320060603*PI*23.3*23.3*0
REF*PO*0020060604
REF*ST*04883
REF*DP*043
DTM*999*20060603
RMR*IK*488320060604*PI*4.95*4.95*0
REF*PO*0020060605
REF*ST*04883
REF*DP*043
DTM*999*20060604
RMR*IK*488320060605*PI*15.5*15.5*0
REF*PO*0020060606
REF*ST*04883
REF*DP*043
DTM*999*20060605
RMR*IK*488320060606*PI*17.15*17.15*0
REF*PO*0020060607
REF*ST*04883
REF*DP*043
DTM*999*20060606
RMR*IK*488320060607*PI*11.25*11.25*0
REF*PO*0020060608
REF*ST*04883
REF*DP*043
DTM*999*20060607
RMR*IK*489820060601*PI*10.25*10.25*0
REF*PO*0020060602
REF*ST*04898
REF*DP*043
DTM*999*20060601
RMR*IK*489820060602*PI*46.9*46.9*0
REF*PO*0020060603
REF*ST*04898
REF*DP*043
DTM*999*20060602
RMR*IK*489820060603*PI*143.25*143.25*0
REF*PO*0020060604
REF*ST*04898
REF*DP*043
DTM*999*20060603
RMR*IK*489820060604*PI*114.1*114.1*0
REF*PO*0020060605
REF*ST*04898
REF*DP*043
DTM*999*20060604
RMR*IK*489820060605*PI*85.25*85.25*0
REF*PO*0020060606
REF*ST*04898
REF*DP*043
DTM*999*20060605
RMR*IK*489820060606*PI*235.4*235.4*0
REF*PO*0020060607
REF*ST*04898
REF*DP*043
DTM*999*20060606
RMR*IK*489820060607*PI*103.7*103.7*0
REF*PO*0020060608
REF*ST*04898
REF*DP*043
DTM*999*20060607
RMR*IK*497020060601*PI*142.8*142.8*0
REF*PO*0020060602
REF*ST*04970
REF*DP*043
DTM*999*20060601
RMR*IK*497020060602*PI*309.95*309.95*0
REF*PO*0020060603
REF*ST*04970
REF*DP*043
DTM*999*20060602
RMR*IK*497020060603*PI*399.7*399.7*0
REF*PO*0020060604
REF*ST*04970
REF*DP*043
DTM*999*20060603
RMR*IK*497020060604*PI*353.85*353.85*0
REF*PO*0020060605
REF*ST*04970
REF*DP*043
DTM*999*20060604
RMR*IK*497020060605*PI*364.05*364.05*0
REF*PO*0020060606
REF*ST*04970
REF*DP*043
DTM*999*20060605
RMR*IK*497020060606*PI*328.85*328.85*0
REF*PO*0020060607
REF*ST*04970
REF*DP*043
DTM*999*20060606
RMR*IK*497020060607*PI*624.4*624.4*0
REF*PO*0020060608
REF*ST*04970
REF*DP*043
DTM*999*20060607
RMR*IK*502320060601*PI*93.35*93.35*0
REF*PO*0020060603
REF*ST*05023
REF*DP*043
DTM*999*20060601
RMR*IK*502320060602*PI*63.75*63.75*0
REF*PO*0020060604
REF*ST*05023
REF*DP*043
DTM*999*20060602
RMR*IK*502320060603*PI*149.2*149.2*0
REF*PO*0020060605
REF*ST*05023
REF*DP*043
DTM*999*20060603
RMR*IK*502320060604*PI*129.9*129.9*0
REF*PO*0020060606
REF*ST*05023
REF*DP*043
DTM*999*20060604
RMR*IK*502320060605*PI*98.75*98.75*0
REF*PO*0020060607
REF*ST*05023
REF*DP*043
DTM*999*20060605
RMR*IK*502320060606*PI*211.35*211.35*0
REF*PO*0020060608
REF*ST*05023
REF*DP*043
DTM*999*20060606
RMR*IK*502320060607*PI*83.85*83.85*0
REF*PO*0020060609
REF*ST*05023
REF*DP*043
DTM*999*20060607
RMR*IK*506620060601*PI*2*2*0
REF*PO*0020060603
REF*ST*05066
REF*DP*043
DTM*999*20060601
RMR*IK*506620060603*PI*10.5*10.5*0
REF*PO*0020060605
REF*ST*05066
REF*DP*043
DTM*999*20060603
RMR*IK*506620060604*PI*7.25*7.25*0
REF*PO*0020060606
REF*ST*05066
REF*DP*043
DTM*999*20060604
RMR*IK*506620060605*PI*8.5*8.5*0
REF*PO*0020060607
REF*ST*05066
REF*DP*043
DTM*999*20060605
RMR*IK*506620060606*PI*24*24*0
REF*PO*0020060608
REF*ST*05066
REF*DP*043
DTM*999*20060606
RMR*IK*506620060607*PI*8.3*8.3*0
REF*PO*0020060609
REF*ST*05066
REF*DP*043
DTM*999*20060607
RMR*IK*507020060601*PI*3.25*3.25*0
REF*PO*0020060603
REF*ST*05070
REF*DP*043
DTM*999*20060601
RMR*IK*507020060602*PI*28.1*28.1*0
REF*PO*0020060604
REF*ST*05070
REF*DP*043
DTM*999*20060602
RMR*IK*507020060603*PI*44.4*44.4*0
REF*PO*0020060605
REF*ST*05070
REF*DP*043
DTM*999*20060603
RMR*IK*507020060604*PI*66.15*66.15*0
REF*PO*0020060606
REF*ST*05070
REF*DP*043
DTM*999*20060604
RMR*IK*507020060605*PI*105.3*105.3*0
REF*PO*0020060607
REF*ST*05070
REF*DP*043
DTM*999*20060605
RMR*IK*507020060606*PI*59.3*59.3*0
REF*PO*0020060608
REF*ST*05070
REF*DP*043
DTM*999*20060606
RMR*IK*507020060607*PI*53.7*53.7*0
REF*PO*0020060609
REF*ST*05070
REF*DP*043
DTM*999*20060607
RMR*IK*507720060601*PI*3*3*0
REF*PO*0020060603
REF*ST*05077
REF*DP*043
DTM*999*20060601
RMR*IK*507720060602*PI*11*11*0
REF*PO*0020060604
REF*ST*05077
REF*DP*043
DTM*999*20060602
RMR*IK*507720060603*PI*1.25*1.25*0
REF*PO*0020060605
REF*ST*05077
REF*DP*043
DTM*999*20060603
RMR*IK*507720060604*PI*9*9*0
REF*PO*0020060606
REF*ST*05077
REF*DP*043
DTM*999*20060604
RMR*IK*507720060605*PI*21*21*0
REF*PO*0020060607
REF*ST*05077
REF*DP*043
DTM*999*20060605
RMR*IK*507720060606*PI*3.75*3.75*0
REF*PO*0020060608
REF*ST*05077
REF*DP*043
DTM*999*20060606
RMR*IK*507720060607*PI*12.9*12.9*0
REF*PO*0020060609
REF*ST*05077
REF*DP*043
DTM*999*20060607
RMR*IK*702820060601*PI*6.75*6.75*0
REF*PO*0020060602
REF*ST*07028
REF*DP*043
DTM*999*20060601
RMR*IK*702820060602*PI*19.75*19.75*0
REF*PO*0020060603
REF*ST*07028
REF*DP*043
DTM*999*20060602
RMR*IK*702820060603*PI*39*39*0
REF*PO*0020060604
REF*ST*07028
REF*DP*043
DTM*999*20060603
RMR*IK*702820060604*PI*6.25*6.25*0
REF*PO*0020060605
REF*ST*07028
REF*DP*043
DTM*999*20060604
RMR*IK*702820060605*PI*18.25*18.25*0
REF*PO*0020060606
REF*ST*07028
REF*DP*043
DTM*999*20060605
RMR*IK*702820060606*PI*10.25*10.25*0
REF*PO*0020060607
REF*ST*07028
REF*DP*043
DTM*999*20060606
RMR*IK*702820060607*PI*2.5*2.5*0
REF*PO*0020060608
REF*ST*07028
REF*DP*043
DTM*999*20060607
RMR*IK*704520060601*PI*24.3*24.3*0
REF*PO*0020060602
REF*ST*07045
REF*DP*043
DTM*999*20060601
RMR*IK*704520060602*PI*66.2*66.2*0
REF*PO*0020060603
REF*ST*07045
REF*DP*043
DTM*999*20060602
RMR*IK*704520060603*PI*131.15*131.15*0
REF*PO*0020060604
REF*ST*07045
REF*DP*043
DTM*999*20060603
RMR*IK*704520060604*PI*79*79*0
REF*PO*0020060605
REF*ST*07045
REF*DP*043
DTM*999*20060604
RMR*IK*704520060605*PI*85.35*85.35*0
REF*PO*0020060606
REF*ST*07045
REF*DP*043
DTM*999*20060605
RMR*IK*704520060606*PI*105.25*105.25*0
REF*PO*0020060607
REF*ST*07045
REF*DP*043
DTM*999*20060606
RMR*IK*704520060607*PI*79.9*79.9*0
REF*PO*0020060608
REF*ST*07045
REF*DP*043
DTM*999*20060607
RMR*IK*705920060601*PI*6*6*0
REF*PO*0020060602
REF*ST*07059
REF*DP*043
DTM*999*20060601
RMR*IK*705920060602*PI*8.25*8.25*0
REF*PO*0020060603
REF*ST*07059
REF*DP*043
DTM*999*20060602
RMR*IK*705920060603*PI*9.9*9.9*0
REF*PO*0020060604
REF*ST*07059
REF*DP*043
DTM*999*20060603
RMR*IK*705920060604*PI*19.25*19.25*0
REF*PO*0020060605
REF*ST*07059
REF*DP*043
DTM*999*20060604
RMR*IK*705920060605*PI*4.9*4.9*0
REF*PO*0020060606
REF*ST*07059
REF*DP*043
DTM*999*20060605
RMR*IK*705920060606*PI*11.15*11.15*0
REF*PO*0020060607
REF*ST*07059
REF*DP*043
DTM*999*20060606
RMR*IK*705920060607*PI*5*5*0
REF*PO*0020060608
REF*ST*07059
REF*DP*043
DTM*999*20060607
RMR*IK*706420060601*PI*56*56*0
REF*PO*0020060602
REF*ST*07064
REF*DP*043
DTM*999*20060601
RMR*IK*706420060602*PI*36.4*36.4*0
REF*PO*0020060603
REF*ST*07064
REF*DP*043
DTM*999*20060602
RMR*IK*706420060603*PI*183.05*183.05*0
REF*PO*0020060604
REF*ST*07064
REF*DP*043
DTM*999*20060603
RMR*IK*706420060604*PI*103.65*103.65*0
REF*PO*0020060605
REF*ST*07064
REF*DP*043
DTM*999*20060604
RMR*IK*706420060605*PI*67.75*67.75*0
REF*PO*0020060606
REF*ST*07064
REF*DP*043
DTM*999*20060605
RMR*IK*706420060606*PI*87.95*87.95*0
REF*PO*0020060607
REF*ST*07064
REF*DP*043
DTM*999*20060606
RMR*IK*706420060607*PI*58.25*58.25*0
REF*PO*0020060608
REF*ST*07064
REF*DP*043
DTM*999*20060607
RMR*IK*706620060601*PI*160.6*160.6*0
REF*PO*0020060602
REF*ST*07066
REF*DP*043
DTM*999*20060601
RMR*IK*706620060602*PI*265.8*265.8*0
REF*PO*0020060603
REF*ST*07066
REF*DP*043
DTM*999*20060602
RMR*IK*706620060603*PI*510.6*510.6*0
REF*PO*0020060604
REF*ST*07066
REF*DP*043
DTM*999*20060603
RMR*IK*706620060604*PI*269.1*269.1*0
REF*PO*0020060605
REF*ST*07066
REF*DP*043
DTM*999*20060604
RMR*IK*706620060605*PI*348.3*348.3*0
REF*PO*0020060606
REF*ST*07066
REF*DP*043
DTM*999*20060605
RMR*IK*706620060606*PI*308.35*308.35*0
REF*PO*0020060607
REF*ST*07066
REF*DP*043
DTM*999*20060606
RMR*IK*706620060607*PI*175.55*175.55*0
REF*PO*0020060608
REF*ST*07066
REF*DP*043
DTM*999*20060607
RMR*IK*706920060601*PI*277.45*277.45*0
REF*PO*0020060602
REF*ST*07069
REF*DP*043
DTM*999*20060601
RMR*IK*706920060602*PI*216.85*216.85*0
REF*PO*0020060603
REF*ST*07069
REF*DP*043
DTM*999*20060602
RMR*IK*706920060603*PI*301.85*301.85*0
REF*PO*0020060604
REF*ST*07069
REF*DP*043
DTM*999*20060603
RMR*IK*706920060604*PI*182.5*182.5*0
REF*PO*0020060605
REF*ST*07069
REF*DP*043
DTM*999*20060604
RMR*IK*706920060605*PI*141.75*141.75*0
REF*PO*0020060606
REF*ST*07069
REF*DP*043
DTM*999*20060605
RMR*IK*706920060606*PI*172.7*172.7*0
REF*PO*0020060607
REF*ST*07069
REF*DP*043
DTM*999*20060606
RMR*IK*706920060607*PI*392.45*392.45*0
REF*PO*0020060608
REF*ST*07069
REF*DP*043
DTM*999*20060607
RMR*IK*707620060601*PI*354.9*354.9*0
REF*PO*0020060602
REF*ST*07076
REF*DP*043
DTM*999*20060601
RMR*IK*707620060602*PI*401.2*401.2*0
REF*PO*0020060603
REF*ST*07076
REF*DP*043
DTM*999*20060602
RMR*IK*707620060603*PI*759.25*759.25*0
REF*PO*0020060604
REF*ST*07076
REF*DP*043
DTM*999*20060603
RMR*IK*707620060604*PI*587.1*587.1*0
REF*PO*0020060605
REF*ST*07076
REF*DP*043
DTM*999*20060604
RMR*IK*707620060605*PI*423.85*423.85*0
REF*PO*0020060606
REF*ST*07076
REF*DP*043
DTM*999*20060605
RMR*IK*707620060606*PI*728.85*728.85*0
REF*PO*0020060607
REF*ST*07076
REF*DP*043
DTM*999*20060606
RMR*IK*707620060607*PI*491.85*491.85*0
REF*PO*0020060608
REF*ST*07076
REF*DP*043
DTM*999*20060607
RMR*IK*713220060601*PI*251.95*251.95*0
REF*PO*0020060602
REF*ST*07132
REF*DP*043
DTM*999*20060601
RMR*IK*713220060602*PI*226.1*226.1*0
REF*PO*0020060603
REF*ST*07132
REF*DP*043
DTM*999*20060602
RMR*IK*713220060603*PI*727.8*727.8*0
REF*PO*0020060604
REF*ST*07132
REF*DP*043
DTM*999*20060603
RMR*IK*713220060604*PI*210.2*210.2*0
REF*PO*0020060605
REF*ST*07132
REF*DP*043
DTM*999*20060604
RMR*IK*713220060605*PI*289.6*289.6*0
REF*PO*0020060606
REF*ST*07132
REF*DP*043
DTM*999*20060605
RMR*IK*713220060606*PI*359.55*359.55*0
REF*PO*0020060607
REF*ST*07132
REF*DP*043
DTM*999*20060606
RMR*IK*713220060607*PI*191.15*191.15*0
REF*PO*0020060608
REF*ST*07132
REF*DP*043
DTM*999*20060607
RMR*IK*714620060601*PI*90.8*90.8*0
REF*PO*0020060602
REF*ST*07146
REF*DP*043
DTM*999*20060601
RMR*IK*714620060602*PI*113.75*113.75*0
REF*PO*0020060603
REF*ST*07146
REF*DP*043
DTM*999*20060602
RMR*IK*714620060603*PI*48.9*48.9*0
REF*PO*0020060604
REF*ST*07146
REF*DP*043
DTM*999*20060603
RMR*IK*714620060604*PI*61.85*61.85*0
REF*PO*0020060605
REF*ST*07146
REF*DP*043
DTM*999*20060604
RMR*IK*714620060605*PI*79.2*79.2*0
REF*PO*0020060606
REF*ST*07146
REF*DP*043
DTM*999*20060605
RMR*IK*714620060606*PI*28.05*28.05*0
REF*PO*0020060607
REF*ST*07146
REF*DP*043
DTM*999*20060606
RMR*IK*714620060607*PI*57.15*57.15*0
REF*PO*0020060608
REF*ST*07146
REF*DP*043
DTM*999*20060607
RMR*IK*715420060601*PI*63.95*63.95*0
REF*PO*0020060602
REF*ST*07154
REF*DP*043
DTM*999*20060601
RMR*IK*715420060602*PI*54.25*54.25*0
REF*PO*0020060603
REF*ST*07154
REF*DP*043
DTM*999*20060602
RMR*IK*715420060603*PI*89.15*89.15*0
REF*PO*0020060604
REF*ST*07154
REF*DP*043
DTM*999*20060603
RMR*IK*715420060604*PI*64.65*64.65*0
REF*PO*0020060605
REF*ST*07154
REF*DP*043
DTM*999*20060604
RMR*IK*715420060605*PI*78.05*78.05*0
REF*PO*0020060606
REF*ST*07154
REF*DP*043
DTM*999*20060605
RMR*IK*715420060606*PI*42.3*42.3*0
REF*PO*0020060607
REF*ST*07154
REF*DP*043
DTM*999*20060606
RMR*IK*715420060607*PI*52*52*0
REF*PO*0020060608
REF*ST*07154
REF*DP*043
DTM*999*20060607
RMR*IK*718420060601*PI*533.55*533.55*0
REF*PO*0020060602
REF*ST*07184
REF*DP*043
DTM*999*20060601
RMR*IK*718420060602*PI*694.85*694.85*0
REF*PO*0020060603
REF*ST*07184
REF*DP*043
DTM*999*20060602
RMR*IK*718420060603*PI*992*992*0
REF*PO*0020060604
REF*ST*07184
REF*DP*043
DTM*999*20060603
RMR*IK*718420060604*PI*498.85*498.85*0
REF*PO*0020060605
REF*ST*07184
REF*DP*043
DTM*999*20060604
RMR*IK*718420060605*PI*314.6*314.6*0
REF*PO*0020060606
REF*ST*07184
REF*DP*043
DTM*999*20060605
RMR*IK*718420060606*PI*206.95*206.95*0
REF*PO*0020060607
REF*ST*07184
REF*DP*043
DTM*999*20060606
RMR*IK*718420060607*PI*504.95*504.95*0
REF*PO*0020060608
REF*ST*07184
REF*DP*043
DTM*999*20060607
RMR*IK*725520060601*PI*738.05*738.05*0
REF*PO*0020060602
REF*ST*07255
REF*DP*043
DTM*999*20060601
RMR*IK*725520060602*PI*681.65*681.65*0
REF*PO*0020060603
REF*ST*07255
REF*DP*043
DTM*999*20060602
RMR*IK*725520060603*PI*1112.05*1112.05*0
REF*PO*0020060604
REF*ST*07255
REF*DP*043
DTM*999*20060603
RMR*IK*725520060604*PI*567.1*567.1*0
REF*PO*0020060605
REF*ST*07255
REF*DP*043
DTM*999*20060604
RMR*IK*725520060605*PI*511.35*511.35*0
REF*PO*0020060606
REF*ST*07255
REF*DP*043
DTM*999*20060605
RMR*IK*725520060606*PI*963.75*963.75*0
REF*PO*0020060607
REF*ST*07255
REF*DP*043
DTM*999*20060606
RMR*IK*725520060607*PI*776.4*776.4*0
REF*PO*0020060608
REF*ST*07255
REF*DP*043
DTM*999*20060607
RMR*IK*735420060601*PI*242.75*242.75*0
REF*PO*0020060602
REF*ST*07354
REF*DP*043
DTM*999*20060601
RMR*IK*735420060602*PI*139.15*139.15*0
REF*PO*0020060603
REF*ST*07354
REF*DP*043
DTM*999*20060602
RMR*IK*735420060603*PI*271.35*271.35*0
REF*PO*0020060604
REF*ST*07354
REF*DP*043
DTM*999*20060603
RMR*IK*735420060604*PI*83.85*83.85*0
REF*PO*0020060605
REF*ST*07354
REF*DP*043
DTM*999*20060604
RMR*IK*735420060605*PI*170.95*170.95*0
REF*PO*0020060606
REF*ST*07354
REF*DP*043
DTM*999*20060605
RMR*IK*735420060606*PI*121.1*121.1*0
REF*PO*0020060607
REF*ST*07354
REF*DP*043
DTM*999*20060606
RMR*IK*735420060607*PI*70.65*70.65*0
REF*PO*0020060608
REF*ST*07354
REF*DP*043
DTM*999*20060607
RMR*IK*735820060601*PI*609.9*609.9*0
REF*PO*0020060602
REF*ST*07358
REF*DP*043
DTM*999*20060601
RMR*IK*735820060602*PI*357.65*357.65*0
REF*PO*0020060603
REF*ST*07358
REF*DP*043
DTM*999*20060602
RMR*IK*735820060603*PI*1178.2*1178.2*0
REF*PO*0020060604
REF*ST*07358
REF*DP*043
DTM*999*20060603
RMR*IK*735820060604*PI*748.8*748.8*0
REF*PO*0020060605
REF*ST*07358
REF*DP*043
DTM*999*20060604
RMR*IK*735820060605*PI*923.45*923.45*0
REF*PO*0020060606
REF*ST*07358
REF*DP*043
DTM*999*20060605
RMR*IK*735820060606*PI*629.4*629.4*0
REF*PO*0020060607
REF*ST*07358
REF*DP*043
DTM*999*20060606
RMR*IK*735820060607*PI*671.55*671.55*0
REF*PO*0020060608
REF*ST*07358
REF*DP*043
DTM*999*20060607
RMR*IK*736020060601*PI*9.75*9.75*0
REF*PO*0020060602
REF*ST*07360
REF*DP*043
DTM*999*20060601
RMR*IK*736020060602*PI*37*37*0
REF*PO*0020060603
REF*ST*07360
REF*DP*043
DTM*999*20060602
RMR*IK*736020060603*PI*46.5*46.5*0
REF*PO*0020060604
REF*ST*07360
REF*DP*043
DTM*999*20060603
RMR*IK*736020060604*PI*53.85*53.85*0
REF*PO*0020060605
REF*ST*07360
REF*DP*043
DTM*999*20060604
RMR*IK*736020060605*PI*20.75*20.75*0
REF*PO*0020060606
REF*ST*07360
REF*DP*043
DTM*999*20060605
RMR*IK*736020060606*PI*6.5*6.5*0
REF*PO*0020060607
REF*ST*07360
REF*DP*043
DTM*999*20060606
RMR*IK*736020060607*PI*12.95*12.95*0
REF*PO*0020060608
REF*ST*07360
REF*DP*043
DTM*999*20060607
RMR*IK*736220060601*PI*64.95*64.95*0
REF*PO*0020060602
REF*ST*07362
REF*DP*043
DTM*999*20060601
RMR*IK*736220060602*PI*116.35*116.35*0
REF*PO*0020060603
REF*ST*07362
REF*DP*043
DTM*999*20060602
RMR*IK*736220060603*PI*145*145*0
REF*PO*0020060604
REF*ST*07362
REF*DP*043
DTM*999*20060603
RMR*IK*736220060604*PI*51.55*51.55*0
REF*PO*0020060605
REF*ST*07362
REF*DP*043
DTM*999*20060604
RMR*IK*736220060605*PI*94.9*94.9*0
REF*PO*0020060606
REF*ST*07362
REF*DP*043
DTM*999*20060605
RMR*IK*736220060606*PI*31.8*31.8*0
REF*PO*0020060607
REF*ST*07362
REF*DP*043
DTM*999*20060606
RMR*IK*736220060607*PI*74.4*74.4*0
REF*PO*0020060608
REF*ST*07362
REF*DP*043
DTM*999*20060607
RMR*IK*738820060601*PI*4*4*0
REF*PO*0020060602
REF*ST*07388
REF*DP*043
DTM*999*20060601
RMR*IK*738820060602*PI*29.25*29.25*0
REF*PO*0020060603
REF*ST*07388
REF*DP*043
DTM*999*20060602
RMR*IK*738820060603*PI*19.6*19.6*0
REF*PO*0020060604
REF*ST*07388
REF*DP*043
DTM*999*20060603
RMR*IK*738820060604*PI*11.5*11.5*0
REF*PO*0020060605
REF*ST*07388
REF*DP*043
DTM*999*20060604
RMR*IK*738820060605*PI*41*41*0
REF*PO*0020060606
REF*ST*07388
REF*DP*043
DTM*999*20060605
RMR*IK*738820060606*PI*38*38*0
REF*PO*0020060607
REF*ST*07388
REF*DP*043
DTM*999*20060606
RMR*IK*738820060607*PI*14*14*0
REF*PO*0020060608
REF*ST*07388
REF*DP*043
DTM*999*20060607
RMR*IK*742020060601*PI*3*3*0
REF*PO*0020060602
REF*ST*07420
REF*DP*043
DTM*999*20060601
RMR*IK*742020060602*PI*6*6*0
REF*PO*0020060603
REF*ST*07420
REF*DP*043
DTM*999*20060602
RMR*IK*742020060604*PI*10.5*10.5*0
REF*PO*0020060605
REF*ST*07420
REF*DP*043
DTM*999*20060604
RMR*IK*742020060605*PI*17.5*17.5*0
REF*PO*0020060606
REF*ST*07420
REF*DP*043
DTM*999*20060605
RMR*IK*743720060601*PI*42.25*42.25*0
REF*PO*0020060602
REF*ST*07437
REF*DP*043
DTM*999*20060601
RMR*IK*743720060602*PI*115.25*115.25*0
REF*PO*0020060603
REF*ST*07437
REF*DP*043
DTM*999*20060602
RMR*IK*743720060603*PI*163.7*163.7*0
REF*PO*0020060604
REF*ST*07437
REF*DP*043
DTM*999*20060603
RMR*IK*743720060604*PI*74.25*74.25*0
REF*PO*0020060605
REF*ST*07437
REF*DP*043
DTM*999*20060604
RMR*IK*743720060605*PI*63.75*63.75*0
REF*PO*0020060606
REF*ST*07437
REF*DP*043
DTM*999*20060605
RMR*IK*743720060606*PI*130.85*130.85*0
REF*PO*0020060607
REF*ST*07437
REF*DP*043
DTM*999*20060606
RMR*IK*743720060607*PI*98.3*98.3*0
REF*PO*0020060608
REF*ST*07437
REF*DP*043
DTM*999*20060607
RMR*IK*746020060601*PI*90.2*90.2*0
REF*PO*0020060602
REF*ST*07460
REF*DP*043
DTM*999*20060601
RMR*IK*746020060602*PI*276.3*276.3*0
REF*PO*0020060603
REF*ST*07460
REF*DP*043
DTM*999*20060602
RMR*IK*746020060603*PI*280.65*280.65*0
REF*PO*0020060604
REF*ST*07460
REF*DP*043
DTM*999*20060603
RMR*IK*746020060604*PI*249.8*249.8*0
REF*PO*0020060605
REF*ST*07460
REF*DP*043
DTM*999*20060604
RMR*IK*746020060605*PI*106.85*106.85*0
REF*PO*0020060606
REF*ST*07460
REF*DP*043
DTM*999*20060605
RMR*IK*746020060606*PI*121.15*121.15*0
REF*PO*0020060607
REF*ST*07460
REF*DP*043
DTM*999*20060606
RMR*IK*746020060607*PI*165.65*165.65*0
REF*PO*0020060608
REF*ST*07460
REF*DP*043
DTM*999*20060607
RMR*IK*746120060601*PI*266.35*266.35*0
REF*PO*0020060602
REF*ST*07461
REF*DP*043
DTM*999*20060601
RMR*IK*746120060602*PI*234.8*234.8*0
REF*PO*0020060603
REF*ST*07461
REF*DP*043
DTM*999*20060602
RMR*IK*746120060603*PI*622.05*622.05*0
REF*PO*0020060604
REF*ST*07461
REF*DP*043
DTM*999*20060603
RMR*IK*746120060604*PI*325.4*325.4*0
REF*PO*0020060605
REF*ST*07461
REF*DP*043
DTM*999*20060604
RMR*IK*746120060605*PI*187.85*187.85*0
REF*PO*0020060606
REF*ST*07461
REF*DP*043
DTM*999*20060605
RMR*IK*746120060606*PI*241.1*241.1*0
REF*PO*0020060607
REF*ST*07461
REF*DP*043
DTM*999*20060606
RMR*IK*746120060607*PI*164.45*164.45*0
REF*PO*0020060608
REF*ST*07461
REF*DP*043
DTM*999*20060607
RMR*IK*755520060602*PI*5*5*0
REF*PO*0020060603
REF*ST*07555
REF*DP*043
DTM*999*20060602
RMR*IK*755820060601*PI*38*38*0
REF*PO*0020060602
REF*ST*07558
REF*DP*043
DTM*999*20060601
RMR*IK*755820060602*PI*11.5*11.5*0
REF*PO*0020060603
REF*ST*07558
REF*DP*043
DTM*999*20060602
RMR*IK*755820060603*PI*25.2*25.2*0
REF*PO*0020060604
REF*ST*07558
REF*DP*043
DTM*999*20060603
RMR*IK*755820060604*PI*48*48*0
REF*PO*0020060605
REF*ST*07558
REF*DP*043
DTM*999*20060604
RMR*IK*755820060605*PI*4.4*4.4*0
REF*PO*0020060606
REF*ST*07558
REF*DP*043
DTM*999*20060605
RMR*IK*755820060606*PI*25.25*25.25*0
REF*PO*0020060607
REF*ST*07558
REF*DP*043
DTM*999*20060606
RMR*IK*755820060607*PI*.4*.4*0
REF*PO*0020060608
REF*ST*07558
REF*DP*043
DTM*999*20060607
RMR*IK*760720060601*PI*257.15*257.15*0
REF*PO*0020060602
REF*ST*07607
REF*DP*043
DTM*999*20060601
RMR*IK*760720060602*PI*206.05*206.05*0
REF*PO*0020060603
REF*ST*07607
REF*DP*043
DTM*999*20060602
RMR*IK*760720060603*PI*698.05*698.05*0
REF*PO*0020060604
REF*ST*07607
REF*DP*043
DTM*999*20060603
RMR*IK*760720060604*PI*424.7*424.7*0
REF*PO*0020060605
REF*ST*07607
REF*DP*043
DTM*999*20060604
RMR*IK*760720060605*PI*624.2*624.2*0
REF*PO*0020060606
REF*ST*07607
REF*DP*043
DTM*999*20060605
RMR*IK*760720060606*PI*334.35*334.35*0
REF*PO*0020060607
REF*ST*07607
REF*DP*043
DTM*999*20060606
RMR*IK*760720060607*PI*282.35*282.35*0
REF*PO*0020060608
REF*ST*07607
REF*DP*043
DTM*999*20060607
RMR*IK*761020060601*PI*237.45*237.45*0
REF*PO*0020060602
REF*ST*07610
REF*DP*043
DTM*999*20060601
RMR*IK*761020060602*PI*352.45*352.45*0
REF*PO*0020060603
REF*ST*07610
REF*DP*043
DTM*999*20060602
RMR*IK*761020060603*PI*343.9*343.9*0
REF*PO*0020060604
REF*ST*07610
REF*DP*043
DTM*999*20060603
RMR*IK*761020060604*PI*158.7*158.7*0
REF*PO*0020060605
REF*ST*07610
REF*DP*043
DTM*999*20060604
RMR*IK*761020060605*PI*131.15*131.15*0
REF*PO*0020060606
REF*ST*07610
REF*DP*043
DTM*999*20060605
RMR*IK*761020060606*PI*115.7*115.7*0
REF*PO*0020060607
REF*ST*07610
REF*DP*043
DTM*999*20060606
RMR*IK*761020060607*PI*155.8*155.8*0
REF*PO*0020060608
REF*ST*07610
REF*DP*043
DTM*999*20060607
RMR*IK*761320060601*PI*12.25*12.25*0
REF*PO*0020060602
REF*ST*07613
REF*DP*043
DTM*999*20060601
RMR*IK*761320060602*PI*67.1*67.1*0
REF*PO*0020060603
REF*ST*07613
REF*DP*043
DTM*999*20060602
RMR*IK*761320060603*PI*34.4*34.4*0
REF*PO*0020060604
REF*ST*07613
REF*DP*043
DTM*999*20060603
RMR*IK*761320060604*PI*48.7*48.7*0
REF*PO*0020060605
REF*ST*07613
REF*DP*043
DTM*999*20060604
RMR*IK*761320060605*PI*40.4*40.4*0
REF*PO*0020060606
REF*ST*07613
REF*DP*043
DTM*999*20060605
RMR*IK*761320060606*PI*36.7*36.7*0
REF*PO*0020060607
REF*ST*07613
REF*DP*043
DTM*999*20060606
RMR*IK*761320060607*PI*23.85*23.85*0
REF*PO*0020060608
REF*ST*07613
REF*DP*043
DTM*999*20060607
RMR*IK*762920060601*PI*269.35*269.35*0
REF*PO*0020060602
REF*ST*07629
REF*DP*043
DTM*999*20060601
RMR*IK*762920060602*PI*222.75*222.75*0
REF*PO*0020060603
REF*ST*07629
REF*DP*043
DTM*999*20060602
RMR*IK*762920060603*PI*234.9*234.9*0
REF*PO*0020060604
REF*ST*07629
REF*DP*043
DTM*999*20060603
RMR*IK*762920060604*PI*126.65*126.65*0
REF*PO*0020060605
REF*ST*07629
REF*DP*043
DTM*999*20060604
RMR*IK*762920060605*PI*56.5*56.5*0
REF*PO*0020060606
REF*ST*07629
REF*DP*043
DTM*999*20060605
RMR*IK*762920060606*PI*138.85*138.85*0
REF*PO*0020060607
REF*ST*07629
REF*DP*043
DTM*999*20060606
RMR*IK*762920060607*PI*100.55*100.55*0
REF*PO*0020060608
REF*ST*07629
REF*DP*043
DTM*999*20060607
RMR*IK*763720060601*PI*12.1*12.1*0
REF*PO*0020060602
REF*ST*07637
REF*DP*043
DTM*999*20060601
RMR*IK*763720060602*PI*50.55*50.55*0
REF*PO*0020060603
REF*ST*07637
REF*DP*043
DTM*999*20060602
RMR*IK*763720060603*PI*36.7*36.7*0
REF*PO*0020060604
REF*ST*07637
REF*DP*043
DTM*999*20060603
RMR*IK*763720060604*PI*39.8*39.8*0
REF*PO*0020060605
REF*ST*07637
REF*DP*043
DTM*999*20060604
RMR*IK*763720060605*PI*7*7*0
REF*PO*0020060606
REF*ST*07637
REF*DP*043
DTM*999*20060605
RMR*IK*763720060606*PI*9.4*9.4*0
REF*PO*0020060607
REF*ST*07637
REF*DP*043
DTM*999*20060606
RMR*IK*763720060607*PI*40.55*40.55*0
REF*PO*0020060608
REF*ST*07637
REF*DP*043
DTM*999*20060607
RMR*IK*771820060601*PI*527.6*527.6*0
REF*PO*0020060602
REF*ST*07718
REF*DP*043
DTM*999*20060601
RMR*IK*771820060602*PI*1217.85*1217.85*0
REF*PO*0020060603
REF*ST*07718
REF*DP*043
DTM*999*20060602
RMR*IK*771820060603*PI*1202.5*1202.5*0
REF*PO*0020060604
REF*ST*07718
REF*DP*043
DTM*999*20060603
RMR*IK*771820060604*PI*619.3*619.3*0
REF*PO*0020060605
REF*ST*07718
REF*DP*043
DTM*999*20060604
RMR*IK*771820060605*PI*638*638*0
REF*PO*0020060606
REF*ST*07718
REF*DP*043
DTM*999*20060605
RMR*IK*771820060606*PI*673.2*673.2*0
REF*PO*0020060607
REF*ST*07718
REF*DP*043
DTM*999*20060606
RMR*IK*771820060607*PI*599.75*599.75*0
REF*PO*0020060608
REF*ST*07718
REF*DP*043
DTM*999*20060607
RMR*IK*771920060601*PI*52.7*52.7*0
REF*PO*0020060602
REF*ST*07719
REF*DP*043
DTM*999*20060601
RMR*IK*771920060602*PI*59.4*59.4*0
REF*PO*0020060603
REF*ST*07719
REF*DP*043
DTM*999*20060602
RMR*IK*771920060603*PI*95.55*95.55*0
REF*PO*0020060604
REF*ST*07719
REF*DP*043
DTM*999*20060603
RMR*IK*771920060604*PI*56.5*56.5*0
REF*PO*0020060605
REF*ST*07719
REF*DP*043
DTM*999*20060604
RMR*IK*771920060605*PI*75.05*75.05*0
REF*PO*0020060606
REF*ST*07719
REF*DP*043
DTM*999*20060605
RMR*IK*771920060606*PI*72.4*72.4*0
REF*PO*0020060607
REF*ST*07719
REF*DP*043
DTM*999*20060606
RMR*IK*771920060607*PI*89*89*0
REF*PO*0020060608
REF*ST*07719
REF*DP*043
DTM*999*20060607
RMR*IK*921720060601*PI*53.85*53.85*0
REF*PO*0020060602
REF*ST*09217
REF*DP*043
DTM*999*20060601
RMR*IK*921720060602*PI*56.85*56.85*0
REF*PO*0020060603
REF*ST*09217
REF*DP*043
DTM*999*20060602
RMR*IK*921720060603*PI*178.85*178.85*0
REF*PO*0020060604
REF*ST*09217
REF*DP*043
DTM*999*20060603
RMR*IK*921720060604*PI*116.9*116.9*0
REF*PO*0020060605
REF*ST*09217
REF*DP*043
DTM*999*20060604
RMR*IK*921720060605*PI*173.7*173.7*0
REF*PO*0020060606
REF*ST*09217
REF*DP*043
DTM*999*20060605
RMR*IK*921720060606*PI*49.25*49.25*0
REF*PO*0020060607
REF*ST*09217
REF*DP*043
DTM*999*20060606
RMR*IK*921720060607*PI*135.4*135.4*0
REF*PO*0020060608
REF*ST*09217
REF*DP*043
DTM*999*20060607
RMR*IK*951320060601*PI*185.15*185.15*0
REF*PO*0020060602
REF*ST*09513
REF*DP*043
DTM*999*20060601
RMR*IK*951320060602*PI*256.1*256.1*0
REF*PO*0020060603
REF*ST*09513
REF*DP*043
DTM*999*20060602
RMR*IK*951320060603*PI*329.45*329.45*0
REF*PO*0020060604
REF*ST*09513
REF*DP*043
DTM*999*20060603
RMR*IK*951320060604*PI*162.05*162.05*0
REF*PO*0020060605
REF*ST*09513
REF*DP*043
DTM*999*20060604
RMR*IK*951320060605*PI*99.65*99.65*0
REF*PO*0020060606
REF*ST*09513
REF*DP*043
DTM*999*20060605
RMR*IK*951320060606*PI*12*12*0
REF*PO*0020060607
REF*ST*09513
REF*DP*043
DTM*999*20060606
RMR*IK*951320060607*PI*26*26*0
REF*PO*0020060608
REF*ST*09513
REF*DP*043
DTM*999*20060607
RMR*IK*956020060601*PI*12.75*12.75*0
REF*PO*0020060602
REF*ST*09560
REF*DP*043
DTM*999*20060601
RMR*IK*956020060602*PI*16.75*16.75*0
REF*PO*0020060603
REF*ST*09560
REF*DP*043
DTM*999*20060602
RMR*IK*956020060603*PI*50.75*50.75*0
REF*PO*0020060604
REF*ST*09560
REF*DP*043
DTM*999*20060603
RMR*IK*956020060604*PI*16.3*16.3*0
REF*PO*0020060605
REF*ST*09560
REF*DP*043
DTM*999*20060604
RMR*IK*956020060605*PI*8.3*8.3*0
REF*PO*0020060606
REF*ST*09560
REF*DP*043
DTM*999*20060605
RMR*IK*956020060606*PI*29.25*29.25*0
REF*PO*0020060607
REF*ST*09560
REF*DP*043
DTM*999*20060606
RMR*IK*956020060607*PI*22.75*22.75*0
REF*PO*0020060608
REF*ST*09560
REF*DP*043
DTM*999*20060607
RMR*IK*957120060601*PI*10.75*10.75*0
REF*PO*0020060602
REF*ST*09571
REF*DP*043
DTM*999*20060601
RMR*IK*957120060602*PI*16.65*16.65*0
REF*PO*0020060603
REF*ST*09571
REF*DP*043
DTM*999*20060602
RMR*IK*957120060603*PI*90*90*0
REF*PO*0020060604
REF*ST*09571
REF*DP*043
DTM*999*20060603
RMR*IK*957120060604*PI*16*16*0
REF*PO*0020060605
REF*ST*09571
REF*DP*043
DTM*999*20060604
RMR*IK*957120060605*PI*1*1*0
REF*PO*0020060608
REF*ST*09571
REF*DP*043
DTM*999*20060605
RMR*IK*957120060605*PI*18*18*0
REF*PO*0020060606
REF*ST*09571
REF*DP*043
DTM*999*20060605
RMR*IK*957120060606*PI*34.25*34.25*0
REF*PO*0020060607
REF*ST*09571
REF*DP*043
DTM*999*20060606
RMR*IK*957120060607*PI*23.25*23.25*0
REF*PO*0020060608
REF*ST*09571
REF*DP*043
DTM*999*20060607
RMR*IK*962020060601*PI*11.6*11.6*0
REF*PO*0020060610
REF*ST*09620
REF*DP*043
DTM*999*20060601
RMR*IK*962020060601*PI*106.65*106.65*0
REF*PO*0020060602
REF*ST*09620
REF*DP*043
DTM*999*20060601
RMR*IK*962020060602*PI*99.6*99.6*0
REF*PO*0020060603
REF*ST*09620
REF*DP*043
DTM*999*20060602
RMR*IK*962020060603*PI*167.4*167.4*0
REF*PO*0020060604
REF*ST*09620
REF*DP*043
DTM*999*20060603
RMR*IK*962020060604*PI*182.05*182.05*0
REF*PO*0020060605
REF*ST*09620
REF*DP*043
DTM*999*20060604
RMR*IK*962020060605*PI*186.7*186.7*0
REF*PO*0020060606
REF*ST*09620
REF*DP*043
DTM*999*20060605
RMR*IK*962020060606*PI*110.55*110.55*0
REF*PO*0020060607
REF*ST*09620
REF*DP*043
DTM*999*20060606
RMR*IK*962020060607*PI*53.1*53.1*0
REF*PO*0020060608
REF*ST*09620
REF*DP*043
DTM*999*20060607
RMR*IK*962120060601*PI*624.4*624.4*0
REF*PO*0020060602
REF*ST*09621
REF*DP*043
DTM*999*20060601
RMR*IK*962120060602*PI*516.65*516.65*0
REF*PO*0020060603
REF*ST*09621
REF*DP*043
DTM*999*20060602
RMR*IK*962120060603*PI*1215.05*1215.05*0
REF*PO*0020060604
REF*ST*09621
REF*DP*043
DTM*999*20060603
RMR*IK*962120060604*PI*596.2*596.2*0
REF*PO*0020060605
REF*ST*09621
REF*DP*043
DTM*999*20060604
RMR*IK*962120060605*PI*475.35*475.35*0
REF*PO*0020060606
REF*ST*09621
REF*DP*043
DTM*999*20060605
RMR*IK*962120060606*PI*539.85*539.85*0
REF*PO*0020060607
REF*ST*09621
REF*DP*043
DTM*999*20060606
RMR*IK*962120060607*PI*325.5*325.5*0
REF*PO*0020060608
REF*ST*09621
REF*DP*043
DTM*999*20060607
RMR*IK*962220060601*PI*42.25*42.25*0
REF*PO*0020060602
REF*ST*09622
REF*DP*043
DTM*999*20060601
RMR*IK*962220060602*PI*70.15*70.15*0
REF*PO*0020060603
REF*ST*09622
REF*DP*043
DTM*999*20060602
RMR*IK*962220060603*PI*149.45*149.45*0
REF*PO*0020060604
REF*ST*09622
REF*DP*043
DTM*999*20060603
RMR*IK*962220060604*PI*50.95*50.95*0
REF*PO*0020060605
REF*ST*09622
REF*DP*043
DTM*999*20060604
RMR*IK*962220060605*PI*49.2*49.2*0
REF*PO*0020060606
REF*ST*09622
REF*DP*043
DTM*999*20060605
RMR*IK*962220060606*PI*39.25*39.25*0
REF*PO*0020060607
REF*ST*09622
REF*DP*043
DTM*999*20060606
RMR*IK*962220060607*PI*49.75*49.75*0
REF*PO*0020060608
REF*ST*09622
REF*DP*043
DTM*999*20060607
RMR*IK*962520060601*PI*46.75*46.75*0
REF*PO*0020060602
REF*ST*09625
REF*DP*043
DTM*999*20060601
RMR*IK*962520060602*PI*48.75*48.75*0
REF*PO*0020060603
REF*ST*09625
REF*DP*043
DTM*999*20060602
RMR*IK*962520060603*PI*165.65*165.65*0
REF*PO*0020060604
REF*ST*09625
REF*DP*043
DTM*999*20060603
RMR*IK*962520060604*PI*58.5*58.5*0
REF*PO*0020060605
REF*ST*09625
REF*DP*043
DTM*999*20060604
RMR*IK*962520060605*PI*55.75*55.75*0
REF*PO*0020060606
REF*ST*09625
REF*DP*043
DTM*999*20060605
RMR*IK*962520060606*PI*45.5*45.5*0
REF*PO*0020060607
REF*ST*09625
REF*DP*043
DTM*999*20060606
RMR*IK*962520060607*PI*65.7*65.7*0
REF*PO*0020060608
REF*ST*09625
REF*DP*043
DTM*999*20060607
RMR*IK*962920060601*PI*485.2*485.2*0
REF*PO*0020060602
REF*ST*09629
REF*DP*043
DTM*999*20060601
RMR*IK*962920060602*PI*360.9*360.9*0
REF*PO*0020060603
REF*ST*09629
REF*DP*043
DTM*999*20060602
RMR*IK*962920060603*PI*409.5*409.5*0
REF*PO*0020060604
REF*ST*09629
REF*DP*043
DTM*999*20060603
RMR*IK*962920060604*PI*272.55*272.55*0
REF*PO*0020060605
REF*ST*09629
REF*DP*043
DTM*999*20060604
RMR*IK*962920060605*PI*235.9*235.9*0
REF*PO*0020060606
REF*ST*09629
REF*DP*043
DTM*999*20060605
RMR*IK*962920060606*PI*406.9*406.9*0
REF*PO*0020060607
REF*ST*09629
REF*DP*043
DTM*999*20060606
RMR*IK*962920060607*PI*285.65*285.65*0
REF*PO*0020060608
REF*ST*09629
REF*DP*043
DTM*999*20060607
RMR*IK*963320060601*PI*416.85*416.85*0
REF*PO*0020060602
REF*ST*09633
REF*DP*043
DTM*999*20060601
RMR*IK*963320060602*PI*463.35*463.35*0
REF*PO*0020060603
REF*ST*09633
REF*DP*043
DTM*999*20060602
RMR*IK*963320060603*PI*974.1*974.1*0
REF*PO*0020060604
REF*ST*09633
REF*DP*043
DTM*999*20060603
RMR*IK*963320060604*PI*476.65*476.65*0
REF*PO*0020060605
REF*ST*09633
REF*DP*043
DTM*999*20060604
RMR*IK*963320060605*PI*596.9*596.9*0
REF*PO*0020060606
REF*ST*09633
REF*DP*043
DTM*999*20060605
RMR*IK*963320060606*PI*602.8*602.8*0
REF*PO*0020060607
REF*ST*09633
REF*DP*043
DTM*999*20060606
RMR*IK*963320060607*PI*359.9*359.9*0
REF*PO*0020060608
REF*ST*09633
REF*DP*043
DTM*999*20060607
RMR*IK*963920060601*PI*20.8*20.8*0
REF*PO*0020060602
REF*ST*09639
REF*DP*043
DTM*999*20060601
RMR*IK*963920060602*PI*31.65*31.65*0
REF*PO*0020060603
REF*ST*09639
REF*DP*043
DTM*999*20060602
RMR*IK*963920060603*PI*15.15*15.15*0
REF*PO*0020060604
REF*ST*09639
REF*DP*043
DTM*999*20060603
RMR*IK*963920060604*PI*3.5*3.5*0
REF*PO*0020060605
REF*ST*09639
REF*DP*043
DTM*999*20060604
RMR*IK*963920060605*PI*41.3*41.3*0
REF*PO*0020060606
REF*ST*09639
REF*DP*043
DTM*999*20060605
RMR*IK*963920060606*PI*38.5*38.5*0
REF*PO*0020060607
REF*ST*09639
REF*DP*043
DTM*999*20060606
RMR*IK*963920060607*PI*47*47*0
REF*PO*0020060608
REF*ST*09639
REF*DP*043
DTM*999*20060607
RMR*IK*964820060601*PI*580.75*580.75*0
REF*PO*0020060602
REF*ST*09648
REF*DP*043
DTM*999*20060601
RMR*IK*964820060602*PI*644.4*644.4*0
REF*PO*0020060603
REF*ST*09648
REF*DP*043
DTM*999*20060602
RMR*IK*964820060603*PI*1224.8*1224.8*0
REF*PO*0020060604
REF*ST*09648
REF*DP*043
DTM*999*20060603
RMR*IK*964820060604*PI*498.2*498.2*0
REF*PO*0020060605
REF*ST*09648
REF*DP*043
DTM*999*20060604
RMR*IK*964820060605*PI*769.05*769.05*0
REF*PO*0020060606
REF*ST*09648
REF*DP*043
DTM*999*20060605
RMR*IK*964820060606*PI*353.95*353.95*0
REF*PO*0020060607
REF*ST*09648
REF*DP*043
DTM*999*20060606
RMR*IK*964820060607*PI*516.6*516.6*0
REF*PO*0020060608
REF*ST*09648
REF*DP*043
DTM*999*20060607
RMR*IK*967420060601*PI*532*532*0
REF*PO*0020060602
REF*ST*09674
REF*DP*043
DTM*999*20060601
RMR*IK*967420060602*PI*267.75*267.75*0
REF*PO*0020060603
REF*ST*09674
REF*DP*043
DTM*999*20060602
RMR*IK*967420060603*PI*324.65*324.65*0
REF*PO*0020060604
REF*ST*09674
REF*DP*043
DTM*999*20060603
RMR*IK*967420060604*PI*158.65*158.65*0
REF*PO*0020060605
REF*ST*09674
REF*DP*043
DTM*999*20060604
RMR*IK*967420060605*PI*170.4*170.4*0
REF*PO*0020060606
REF*ST*09674
REF*DP*043
DTM*999*20060605
RMR*IK*967420060606*PI*411.3*411.3*0
REF*PO*0020060607
REF*ST*09674
REF*DP*043
DTM*999*20060606
RMR*IK*967420060607*PI*345.3*345.3*0
REF*PO*0020060608
REF*ST*09674
REF*DP*043
DTM*999*20060607
RMR*IK*971420060601*PI*19.95*19.95*0
REF*PO*0020060602
REF*ST*09714
REF*DP*043
DTM*999*20060601
RMR*IK*971420060602*PI*12.3*12.3*0
REF*PO*0020060603
REF*ST*09714
REF*DP*043
DTM*999*20060602
RMR*IK*971420060603*PI*26.6*26.6*0
REF*PO*0020060604
REF*ST*09714
REF*DP*043
DTM*999*20060603
RMR*IK*971420060604*PI*24.2*24.2*0
REF*PO*0020060605
REF*ST*09714
REF*DP*043
DTM*999*20060604
RMR*IK*971420060605*PI*39.85*39.85*0
REF*PO*0020060606
REF*ST*09714
REF*DP*043
DTM*999*20060605
RMR*IK*971420060606*PI*35.8*35.8*0
REF*PO*0020060607
REF*ST*09714
REF*DP*043
DTM*999*20060606
RMR*IK*971420060607*PI*16.05*16.05*0
REF*PO*0020060608
REF*ST*09714
REF*DP*043
DTM*999*20060607
RMR*IK*972820060601*PI*37.75*37.75*0
REF*PO*0020060602
REF*ST*09728
REF*DP*043
DTM*999*20060601
RMR*IK*972820060602*PI*200.85*200.85*0
REF*PO*0020060603
REF*ST*09728
REF*DP*043
DTM*999*20060602
RMR*IK*972820060603*PI*365.85*365.85*0
REF*PO*0020060604
REF*ST*09728
REF*DP*043
DTM*999*20060603
RMR*IK*972820060604*PI*231.1*231.1*0
REF*PO*0020060605
REF*ST*09728
REF*DP*043
DTM*999*20060604
RMR*IK*972820060605*PI*122.35*122.35*0
REF*PO*0020060606
REF*ST*09728
REF*DP*043
DTM*999*20060605
RMR*IK*972820060606*PI*134.3*134.3*0
REF*PO*0020060607
REF*ST*09728
REF*DP*043
DTM*999*20060606
RMR*IK*972820060607*PI*76.15*76.15*0
REF*PO*0020060608
REF*ST*09728
REF*DP*043
DTM*999*20060607
RMR*IK*973520060601*PI*373.7*373.7*0
REF*PO*0020060602
REF*ST*09735
REF*DP*043
DTM*999*20060601
RMR*IK*973520060602*PI*351.75*351.75*0
REF*PO*0020060603
REF*ST*09735
REF*DP*043
DTM*999*20060602
RMR*IK*973520060603*PI*179.4*179.4*0
REF*PO*0020060604
REF*ST*09735
REF*DP*043
DTM*999*20060603
RMR*IK*973520060604*PI*136.25*136.25*0
REF*PO*0020060605
REF*ST*09735
REF*DP*043
DTM*999*20060604
RMR*IK*973520060605*PI*143.35*143.35*0
REF*PO*0020060606
REF*ST*09735
REF*DP*043
DTM*999*20060605
RMR*IK*973520060606*PI*157.5*157.5*0
REF*PO*0020060607
REF*ST*09735
REF*DP*043
DTM*999*20060606
RMR*IK*973520060607*PI*200.15*200.15*0
REF*PO*0020060608
REF*ST*09735
REF*DP*043
DTM*999*20060607
RMR*IK*975820060601*PI*305.9*305.9*0
REF*PO*0020060602
REF*ST*09758
REF*DP*043
DTM*999*20060601
RMR*IK*975820060602*PI*395.45*395.45*0
REF*PO*0020060603
REF*ST*09758
REF*DP*043
DTM*999*20060602
RMR*IK*975820060603*PI*405.5*405.5*0
REF*PO*0020060604
REF*ST*09758
REF*DP*043
DTM*999*20060603
RMR*IK*975820060604*PI*300.65*300.65*0
REF*PO*0020060605
REF*ST*09758
REF*DP*043
DTM*999*20060604
RMR*IK*975820060605*PI*206.3*206.3*0
REF*PO*0020060606
REF*ST*09758
REF*DP*043
DTM*999*20060605
RMR*IK*975820060606*PI*263.85*263.85*0
REF*PO*0020060607
REF*ST*09758
REF*DP*043
DTM*999*20060606
RMR*IK*975820060607*PI*250.35*250.35*0
REF*PO*0020060608
REF*ST*09758
REF*DP*043
DTM*999*20060607
RMR*IK*975820060627*PI*-9*-9*0
REF*PO*0020060629
REF*ST*09758
REF*DP*043
DTM*999*20060627
SE*4174*0001
GE*1*1000028
IEA*1*001000028
ISA*00*          *00*          *09*006985290AC    *12*6154525825     *060704*0526*U*00400*001000178*0*P*>
GS*PD*006985290AC*6154525825*20060704*0526*1000178*X*004010
ST*852*0001
XQ*H*20060704
N9*AD*T00000040
LIN**CB*488487117*ZZ*43*UP*831664001153*****DG*1*VS*00000
ZA*QS***006*20060702
CTP**UCP*2
SDQ*EA*ZZ*5077*2
ZA*QS***006*20060703
CTP**UCP*2
SDQ*EA*ZZ*3063*1*3408*1*3646*6*3703*1*3715*3*3822*3*3975*1*3978*3*4093*7*4244*5
SDQ*EA*ZZ*4769*1*7045*1*7066*10*7076*2*7184*1*7358*4*7461*4*7558*1*7607*2*9621*2
SDQ*EA*ZZ*9629*2*9633*5*9648*3*9674*1*9714*1*9728*4*9758*2
LIN**CB*488487117*ZZ*43*UP*831664001153*****DG*5*VS*00000
ZA*QS***006*20060703
CTP**UCP*2
SDQ*EA*ZZ*3143*5*3822*2
LIN**CB*488487117*ZZ*43*UP*831664001153*****DG*9*VS*00000
ZA*QS***006*20060703
CTP**UCP*2
SDQ*EA*ZZ*4103*4
CTT*3
SE*22*0001
ST*852*0002
XQ*H*20060704
N9*AD*T00000040
LIN**CB*492922117*ZZ*43*UP*831664001139*****DG*1*VS*00000
ZA*QS***006*20060703
CTP**UCP*1.75
SDQ*EA*ZZ*3644*7*3703*2*3996*1*4244*1*4835*1*7069*1*7076*1*7154*1*7255*4*7358*3
SDQ*EA*ZZ*7461*4*7607*2*7718*1*9621*1*9633*2*9648*1
LIN**CB*492922117*ZZ*43*UP*831664001139*****DG*9*VS*00000
ZA*QS***006*20060703
CTP**UCP*1.75
SDQ*EA*ZZ*4103*3
CTT*2
SE*14*0002
ST*852*0003
XQ*H*20060704
N9*AD*T00000040
LIN**CB*596472118*ZZ*43*UP*831664001191*****DG*1*VS*00000
ZA*QS***006*20060703
CTP**UCP*4.95
SDQ*EA*ZZ*3822*4*3996*2*4093*1*4244*5*4719*2*4739*1*4769*3*7069*2*7255*2*7354*2
SDQ*EA*ZZ*7358*3*7461*2*9621*7*9629*4*9633*2*9648*2
CTT*1
SE*10*0003
ST*852*0004
XQ*H*20060704
N9*AD*T00000040
LIN**CB*596474114*ZZ*43*UP*831664001214*****DG*1*VS*00000
ZA*QS***006*20060703
CTP**UCP*6.4
SDQ*EA*ZZ*3644*1*4103*1*4717*2*4970*6*7076*8*7184*6*7358*7*7607*5*9621*2*9633*1
LIN**CB*596474114*ZZ*43*UP*831664001214*****DG*4*VS*00000
ZA*QS***006*20060703
CTP**UCP*6.4
SDQ*EA*ZZ*9648*1
CTT*2
SE*13*0004
ST*852*0005
XQ*H*20060704
N9*AD*T00000040
LIN**CB*966989113*ZZ*43*UP*831664001115*****DG*1*VS*00000
ZA*QS***006*20060703
CTP**UCP*8.75
SDQ*EA*ZZ*7558*1*9735*2
CTT*1
SE*9*0005
ST*852*0006
XQ*H*20060704
N9*AD*T00000040
LIN**CB*969018118*ZZ*43*UP*831664001122*****DG*1*VS*00000
ZA*QS***006*20060703
CTP**UCP*3
SDQ*EA*ZZ*3644*1*3685*1*3822*2*4717*1*4883*1*7132*2*7718*2*9648*3
LIN**CB*969018118*ZZ*43*UP*831664001122*****DG*2*VS*00000
ZA*QS***006*20060703
CTP**UCP*3
SDQ*EA*ZZ*4970*5
LIN**CB*969018118*ZZ*43*UP*831664001122*****DG*8*VS*00000
ZA*QS***006*20060703
CTP**UCP*3
SDQ*EA*ZZ*3408*1*9674*2
LIN**CB*969018118*ZZ*43*UP*831664001122*****DG*9*VS*00000
ZA*QS***006*20060703
CTP**UCP*3
SDQ*EA*ZZ*4093*6
CTT*4
SE*21*0006
ST*852*0007
XQ*H*20060704
N9*AD*T00000040
LIN**CB*970657110*ZZ*43*UP*831664000842*****DG*1*VS*00000
ZA*QS***006*20060702
CTP**UCP*5
SDQ*EA*ZZ*5023*2
ZA*QS***006*20060703
CTP**UCP*5
SDQ*EA*ZZ*3644*1*3660*1*3715*1*3822*4*3941*3*3996*1*4093*3*4244*1*4898*1*7069*7
SDQ*EA*ZZ*7255*2*7718*4*9648*6*9758*2
LIN**CB*970657110*ZZ*43*UP*831664000842*****DG*5*VS*00000
ZA*QS***006*20060703
CTP**UCP*5
SDQ*EA*ZZ*9621*2*9622*1
CTT*2
SE*17*0007
ST*852*0008
XQ*H*20060704
N9*AD*T00000040
LIN**CB*970956116*ZZ*43*UP*831664000019*****DG*1*VS*00000
ZA*QS***006*20060703
CTP**UCP*.35
SDQ*EA*ZZ*3082*5*3103*1*3143*3*3644*132*3646*18*3715*27*3822*17*3848*6*3876*2*3905*3
SDQ*EA*ZZ*3941*30*3994*2*4093*134*4244*34*4475*8*4717*16*4719*5*4739*2*4753*34*4769*8
SDQ*EA*ZZ*4817*3*4835*6*7045*2*7066*65*7069*21*7076*56*7132*56*7154*7*7184*72*7255*21
SDQ*EA*ZZ*7354*13*7358*48*7437*6*7460*4*7461*36*7558*1*7607*44*7637*14*7718*31*9621*79
SDQ*EA*ZZ*9625*8*9629*10*9633*79*9639*1*9648*73*9674*81*9728*39*9758*34
ZA*QS***006*20060703
CTP**UCP*.5
SDQ*EA*ZZ*4970*64
LIN**CB*970956116*ZZ*43*UP*831664000019*****DG*3*VS*00000
ZA*QS***006*20060703
CTP**UCP*.35
SDQ*EA*ZZ*3661*1*9513*226
LIN**CB*970956116*ZZ*43*UP*831664000019*****DG*4*VS*00000
ZA*QS***006*20060703
CTP**UCP*.35
SDQ*EA*ZZ*3701*4
LIN**CB*970956116*ZZ*43*UP*831664000019*****DG*9*VS*00000
ZA*QS***006*20060703
CTP**UCP*.35
SDQ*EA*ZZ*4103*31
CTT*4
SE*28*0008
ST*852*0009
XQ*H*20060704
N9*AD*T00000040
LIN**CB*970957114*ZZ*43*UP*831664000255*****DG*1*VS*00000
ZA*QS***006*20060703
CTP**UCP*.35
SDQ*EA*ZZ*3063*1*3082*2*3103*1*3143*1*3644*20*3994*1*4093*16*4103*14*4198*4*4244*4
SDQ*EA*ZZ*4717*3*4719*15*4739*3*4769*2*4817*1*7045*1*7066*3*7132*22*7154*1*7255*3
SDQ*EA*ZZ*7358*1*7461*23*7607*12*7610*2*7637*2*7718*2*7719*6*9560*1*9620*7*9621*8
SDQ*EA*ZZ*9648*11*9674*12*9728*3*9758*4
LIN**CB*970957114*ZZ*43*UP*831664000255*****DG*3*VS*00000
ZA*QS***006*20060703
CTP**UCP*.35
SDQ*EA*ZZ*3661*1
CTT*2
SE*16*0009
ST*852*0010
XQ*H*20060704
N9*AD*T00000040
LIN**CB*970958112*ZZ*43*UP*831664000699*****DG*1*VS*00000
ZA*QS***006*20060703
CTP**UCP*.35
SDQ*EA*ZZ*4739*2*4760*4*4769*3*4898*4*7358*9
CTT*1
SE*9*0010
ST*852*0011
XQ*H*20060704
N9*AD*T00000040
LIN**CB*970959110*ZZ*43*UP*831664000675*****DG*1*VS*00000
ZA*QS***006*20060703
CTP**UCP*.95
SDQ*EA*ZZ*3084*1*3103*4*3348*1*3644*2*3646*3*3672*5*3836*2*3905*2*3996*1*4198*1
SDQ*EA*ZZ*4244*2*4719*2*4739*2*4769*2*4817*4*7045*2*7069*1*7132*1*7255*1*7358*6
SDQ*EA*ZZ*7461*3*7610*6*9621*6*9629*2*9633*5*9648*9
LIN**CB*970959110*ZZ*43*UP*831664000675*****DG*3*VS*00000
ZA*QS***006*20060703
CTP**UCP*.95
SDQ*EA*ZZ*3661*2
LIN**CB*970959110*ZZ*43*UP*831664000675*****DG*8*VS*00000
ZA*QS***006*20060703
CTP**UCP*.95
SDQ*EA*ZZ*3103*6
LIN**CB*970959110*ZZ*43*UP*831664000675*****DG*9*VS*00000
ZA*QS***006*20060703
CTP**UCP*.95
SDQ*EA*ZZ*4103*2
CTT*4
SE*23*0011
ST*852*0012
XQ*H*20060704
N9*AD*T00000040
LIN**CB*970960118*ZZ*43*UP*831664000682*****DG*1*VS*00000
ZA*QS***006*20060703
CTP**UCP*.95
SDQ*EA*ZZ*3063*2*3084*1*3103*3*3348*9*3408*6*3644*14*3646*3*3660*2*3703*6*3715*16
SDQ*EA*ZZ*3822*6*3836*5*3931*4*3941*8*4093*26*4244*17*4717*16*4719*1*4739*2*4769*10
SDQ*EA*ZZ*4817*1*7045*4*7066*23*7076*10*7132*3*7154*1*7184*9*7255*2*7354*4*7358*56
SDQ*EA*ZZ*7461*15*7558*3*7610*7*7629*16*7637*5*7718*29*9620*1*9621*11*9633*9*9648*4
SDQ*EA*ZZ*9674*17*9728*17*9758*8
ZA*QS***006*20060703
CTP**UCP*1.25
SDQ*EA*ZZ*4970*7
LIN**CB*970960118*ZZ*43*UP*831664000682*****DG*3*VS*00000
ZA*QS***006*20060703
CTP**UCP*.95
SDQ*EA*ZZ*7607*6*9513*3
LIN**CB*970960118*ZZ*43*UP*831664000682*****DG*4*VS*00000
ZA*QS***006*20060703
CTP**UCP*.95
SDQ*EA*ZZ*4769*1
LIN**CB*970960118*ZZ*43*UP*831664000682*****DG*5*VS*00000
ZA*QS***006*20060703
CTP**UCP*.95
SDQ*EA*ZZ*3348*8*3713*2
LIN**CB*970960118*ZZ*43*UP*831664000682*****DG*8*VS*00000
ZA*QS***006*20060703
CTP**UCP*.95
SDQ*EA*ZZ*7045*1
LIN**CB*970960118*ZZ*43*UP*831664000682*****DG*9*VS*00000
ZA*QS***006*20060703
CTP**UCP*.95
SDQ*EA*ZZ*4103*17
CTT*6
SE*36*0012
ST*852*0013
XQ*H*20060704
N9*AD*T00000040
LIN**CB*970961116*ZZ*43*UP*831664000330*****DG*1*VS*00000
ZA*QS***006*20060703
CTP**UCP*.95
SDQ*EA*ZZ*3063*1*3084*1*3103*3*3644*12*3646*2*3672*2*3715*6*3822*2*3836*5*3905*2
SDQ*EA*ZZ*3941*9*3966*4*3996*5*4093*53*4244*13*4475*7*4717*11*4719*3*4769*7*4817*1
SDQ*EA*ZZ*7045*1*7066*12*7069*1*7076*1*7132*8*7154*1*7184*1*7255*12*7358*32*7460*2
SDQ*EA*ZZ*7461*12*7558*2*7607*9*7610*5*7629*6*7718*20*9621*31*9625*7*9629*7*9633*3
SDQ*EA*ZZ*9648*15*9674*10*9714*3*9728*13*9758*4
ZA*QS***006*20060703
CTP**UCP*1.25
SDQ*EA*ZZ*4970*6
LIN**CB*970961116*ZZ*43*UP*831664000330*****DG*3*VS*00000
ZA*QS***006*20060703
CTP**UCP*.95
SDQ*EA*ZZ*9513*44
LIN**CB*970961116*ZZ*43*UP*831664000330*****DG*9*VS*00000
ZA*QS***006*20060703
CTP**UCP*.95
SDQ*EA*ZZ*4103*31
CTT*3
SE*24*0013
ST*852*0014
XQ*H*20060704
N9*AD*T00000040
LIN**CB*970962114*ZZ*43*UP*831664000941*****DG*1*VS*00000
ZA*QS***006*20060703
CTP**UCP*.95
SDQ*EA*ZZ*3063*1*3082*7*3103*3*3408*13*3644*19*3646*5*3703*5*3715*1*3822*3*3941*23
SDQ*EA*ZZ*3975*2*3994*1*4093*17*4719*1*7064*1*7066*12*7076*5*7132*1*7184*3*7255*1
SDQ*EA*ZZ*7358*13*7461*33*7607*4*7610*6*7629*9*7718*3*9620*1*9621*7*9633*4*9648*3
SDQ*EA*ZZ*9674*5*9728*4*9758*2
ZA*QS***006*20060703
CTP**UCP*1.25
SDQ*EA*ZZ*4970*3
LIN**CB*970962114*ZZ*43*UP*831664000941*****DG*3*VS*00000
ZA*QS***006*20060703
CTP**UCP*.95
SDQ*EA*ZZ*9513*13
LIN**CB*970962114*ZZ*43*UP*831664000941*****DG*9*VS*00000
ZA*QS***006*20060703
CTP**UCP*.95
SDQ*EA*ZZ*4103*12
CTT*3
SE*23*0014
ST*852*0015
XQ*H*20060704
N9*AD*T00000040
LIN**CB*970963112*ZZ*43*UP*831664000743*****DG*1*VS*00000
ZA*QS***006*20060703
CTP**UCP*1.75
SDQ*EA*ZZ*3646*26*4071*2*4312*2*4719*4*7066*1*7076*3*7460*1*9633*2*9648*1*9674*3
CTT*1
SE*9*0015
ST*852*0016
XQ*H*20060704
N9*AD*T00000040
LIN**CB*970964110*ZZ*43*UP*831664000453*****DG*1*VS*00000
ZA*QS***006*20060703
CTP**UCP*3
SDQ*EA*ZZ*3084*5*3103*5*3348*3*3644*8*3822*4*3929*2*3941*7*3996*6*4071*1*4093*31
SDQ*EA*ZZ*4103*10*4198*1*4244*4*4717*5*4719*8*4769*3*4817*1*4898*1*4970*18*7076*6
SDQ*EA*ZZ*7132*1*7184*13*7255*6*7358*12*7461*9*7607*6*7610*1*7637*1*7718*5*9621*6
SDQ*EA*ZZ*9625*1*9629*1*9633*8*9648*8*9728*6*9735*2*9758*5
LIN**CB*970964110*ZZ*43*UP*831664000453*****DG*3*VS*00000
ZA*QS***006*20060703
CTP**UCP*3
SDQ*EA*ZZ*3646*3*9513*14
LIN**CB*970964110*ZZ*43*UP*831664000453*****DG*9*VS*00000
ZA*QS***006*20060703
CTP**UCP*3
SDQ*EA*ZZ*7066*13
CTT*3
SE*20*0016
ST*852*0017
XQ*H*20060704
N9*AD*T00000040
LIN**CB*970965117*ZZ*43*UP*831664000460*****DG*1*VS*00000
ZA*QS***006*20060703
CTP**UCP*3
SDQ*EA*ZZ*3084*3*3103*3*3408*3*3602*1*3644*11*3703*7*3715*3*3822*7*3905*2*3941*4
SDQ*EA*ZZ*3978*2*3994*1*4093*12*4103*2*4244*4*4717*1*4719*2*4769*8*4835*1*4970*10
SDQ*EA*ZZ*7069*2*7076*8*7132*9*7184*1*7255*4*7358*7*7460*2*7461*10*7607*6*7610*2
SDQ*EA*ZZ*7718*3*7719*4*9621*3*9629*2*9633*3*9648*9*9674*3*9728*4*9735*1*9758*3
LIN**CB*970965117*ZZ*43*UP*831664000460*****DG*3*VS*00000
ZA*QS***006*20060703
CTP**UCP*3
SDQ*EA*ZZ*3646*9*9513*1
LIN**CB*970965117*ZZ*43*UP*831664000460*****DG*8*VS*00000
ZA*QS***006*20060703
CTP**UCP*3
SDQ*EA*ZZ*3408*1*7045*1
LIN**CB*970965117*ZZ*43*UP*831664000460*****DG*9*VS*00000
ZA*QS***006*20060703
CTP**UCP*3
SDQ*EA*ZZ*7066*3
CTT*4
SE*24*0017
ST*852*0018
XQ*H*20060704
N9*AD*T00000040
LIN**CB*970966115*ZZ*43*UP*831664000958*****DG*9*VS*00000
ZA*QS***006*20060703
CTP**UCP*6.6
SDQ*EA*ZZ*7358*1
CTT*1
SE*9*0018
ST*852*0019
XQ*H*20060704
N9*AD*T00000040
LIN**CB*970967113*ZZ*43*UP*831664000484*****DG*1*VS*00000
ZA*QS***006*20060703
CTP**UCP*4.95
SDQ*EA*ZZ*3703*1*3822*1*3905*1*3941*1*3975*3*4093*1*4103*1*4244*1*4717*2*4769*7
SDQ*EA*ZZ*4898*2*7069*2*7132*2*7460*1*7607*3*7718*2*9621*1*9633*5
LIN**CB*970967113*ZZ*43*UP*831664000484*****DG*5*VS*00000
ZA*QS***006*20060703
CTP**UCP*4.95
SDQ*EA*ZZ*3713*1
CTT*2
SE*14*0019
ST*852*0020
XQ*H*20060704
N9*AD*T00000040
LIN**CB*970969119*ZZ*43*UP*831664000491*****DG*1*VS*00000
ZA*QS***006*20060703
CTP**UCP*8.6
SDQ*EA*ZZ*3978*1*9633*3*9648*-1
LIN**CB*970969119*ZZ*43*UP*831664000491*****DG*5*VS*00000
ZA*QS***006*20060703
CTP**UCP*8.6
SDQ*EA*ZZ*9648*1
CTT*2
SE*13*0020
ST*852*0021
XQ*H*20060704
N9*AD*T00000040
LIN**CB*970970117*ZZ*43*UP*831664000859*****DG*1*VS*00000
ZA*QS***006*20060703
CTP**UCP*2.45
SDQ*EA*ZZ*3103*6*4719*1*7066*3
CTT*1
SE*9*0021
ST*852*0022
XQ*H*20060704
N9*AD*T00000040
LIN**CB*970971115*ZZ*43*UP*831664000781*****DG*1*VS*00000
ZA*QS***006*20060703
CTP**UCP*1.75
SDQ*EA*ZZ*3084*1*3103*1*3348*2*3644*2*3685*3*3715*2*3941*3*3978*1*4093*11*4244*8
SDQ*EA*ZZ*4717*2*4719*5*4753*2*4769*5*4817*4*7066*9*7069*2*7076*1*7255*1*7354*4
SDQ*EA*ZZ*7358*2*7461*1*9620*2*9621*1*9625*2*9629*1*9633*3*9648*3*9674*9*9758*9
ZA*QS***006*20060703
CTP**UCP*2
SDQ*EA*ZZ*4970*4
LIN**CB*970971115*ZZ*43*UP*831664000781*****DG*5*VS*00000
ZA*QS***006*20060703
CTP**UCP*1.75
SDQ*EA*ZZ*3103*1
LIN**CB*970971115*ZZ*43*UP*831664000781*****DG*8*VS*00000
ZA*QS***006*20060703
CTP**UCP*1.75
SDQ*EA*ZZ*7460*5
CTT*3
SE*22*0022
ST*852*0023
XQ*H*20060704
N9*AD*T00000040
LIN**CB*970972113*ZZ*43*UP*831664000651*****DG*1*VS*00000
ZA*QS***006*20060703
CTP**UCP*1.4
SDQ*EA*ZZ*9758*4
CTT*1
SE*9*0023
ST*852*0024
XQ*H*20060704
N9*AD*T00000040
LIN**CB*970980116*ZZ*43*UP*831664000965*****DG*1*VS*00000
ZA*QS***006*20060703
CTP**UCP*.35
SDQ*EA*ZZ*4103*18
CTT*1
SE*9*0024
ST*852*0025
XQ*H*20060704
N9*AD*T00000040
LIN**CB*970983110*ZZ*43*UP*831664000996*****DG*1*VS*00000
ZA*QS***006*20060703
CTP**UCP*1.35
SDQ*EA*ZZ*3836*69
CTT*1
SE*9*0025
ST*852*0026
XQ*H*20060704
N9*AD*T00000040
LIN**CB*970986113*ZZ*43*UP*831664001023*****DG*1*VS*00000
ZA*QS***006*20060703
CTP**UCP*2.6
SDQ*EA*ZZ*4719*1
CTT*1
SE*9*0026
ST*852*0027
XQ*H*20060704
N9*AD*T00000040
LIN**CB*970987111*ZZ*43*UP*831664001030*****DG*1*VS*00000
ZA*QS***006*20060703
CTP**UCP*3.25
SDQ*EA*ZZ*3644*10
CTT*1
SE*9*0027
GE*27*1000178
IEA*1*001000178
ISA*00*          *00*          *09*006985290AC    *12*6154525825     *060705*0420*U*00400*001000179*0*P*>
GS*PD*006985290AC*6154525825*20060705*0420*1000179*X*004010
ST*852*0001
XQ*H*20060705
N9*AD*T00000040
LIN**CB*488487117*ZZ*43*UP*831664001153*****DG*1*VS*00000
ZA*QS***006*20060704
CTP**UCP*2
SDQ*EA*ZZ*3103*1*3644*1*3713*1*3715*2*3966*4*3978*2*4093*7*7066*1*7076*2*7132*1
SDQ*EA*ZZ*7184*3*7358*5*7437*1*7461*4*7558*5*7607*2*7610*1*9621*1*9629*1*9633*8
SDQ*EA*ZZ*9728*3*9758*1
LIN**CB*488487117*ZZ*43*UP*831664001153*****DG*3*VS*00000
ZA*QS***006*20060704
CTP**UCP*2
SDQ*EA*ZZ*3646*5
LIN**CB*488487117*ZZ*43*UP*831664001153*****DG*5*VS*00000
ZA*QS***006*20060704
CTP**UCP*2
SDQ*EA*ZZ*7069*1
CTT*3
SE*19*0001
ST*852*0002
XQ*H*20060705
N9*AD*T00000040
LIN**CB*492922117*ZZ*43*UP*831664001139*****DG*1*VS*00000
ZA*QS***006*20060704
CTP**UCP*1.75
SDQ*EA*ZZ*3644*4*3646*1*3941*3*4093*1*4244*1*7066*1*7069*10*7076*1*7132*1*7460*2
SDQ*EA*ZZ*7461*3*7610*6*9621*1*9648*2*9674*6
LIN**CB*492922117*ZZ*43*UP*831664001139*****DG*3*VS*00000
ZA*QS***006*20060704
CTP**UCP*1.75
SDQ*EA*ZZ*3646*1
CTT*2
SE*14*0002
ST*852*0003
XQ*H*20060705
N9*AD*T00000040
LIN**CB*596472118*ZZ*43*UP*831664001191*****DG*1*VS*00000
ZA*QS***006*20060704
CTP**UCP*4.95
SDQ*EA*ZZ*3836*1*4093*3*4244*5*4717*1*4719*1*4898*1*7069*2*7076*2*7607*4*9621*3
SDQ*EA*ZZ*9629*1*9633*11*9648*1*9728*4*9758*4
LIN**CB*596472118*ZZ*43*UP*831664001191*****DG*3*VS*00000
ZA*QS***006*20060704
CTP**UCP*4.95
SDQ*EA*ZZ*3646*5
LIN**CB*596472118*ZZ*43*UP*831664001191*****DG*5*VS*00000
ZA*QS***006*20060704
CTP**UCP*4.95
SDQ*EA*ZZ*3644*2*4244*1
CTT*3
SE*18*0003
ST*852*0004
XQ*H*20060705
N9*AD*T00000040
LIN**CB*596474114*ZZ*43*UP*831664001214*****DG*1*VS*00000
ZA*QS***006*20060704
CTP**UCP*6.4
SDQ*EA*ZZ*3644*4*7066*2*7184*8*7607*4*9648*1
CTT*1
SE*9*0004
ST*852*0005
XQ*H*20060705
N9*AD*T00000040
LIN**CB*969018118*ZZ*43*UP*831664001122*****DG*1*VS*00000
ZA*QS***006*20060703
CTP**UCP*3
SDQ*EA*ZZ*3685*1
ZA*QS***006*20060704
CTP**UCP*3
SDQ*EA*ZZ*3644*4*3822*2*7718*6*9758*1
LIN**CB*969018118*ZZ*43*UP*831664001122*****DG*3*VS*00000
ZA*QS***006*20060704
CTP**UCP*3
SDQ*EA*ZZ*3646*14
LIN**CB*969018118*ZZ*43*UP*831664001122*****DG*9*VS*00000
ZA*QS***006*20060704
CTP**UCP*3
SDQ*EA*ZZ*4093*1
CTT*3
SE*20*0005
ST*852*0006
XQ*H*20060705
N9*AD*T00000040
LIN**CB*970657110*ZZ*43*UP*831664000842*****DG*1*VS*00000
ZA*QS***006*20060704
CTP**UCP*5
SDQ*EA*ZZ*3644*1*3713*4*3715*3*3941*2*4071*1*4093*5*4717*2*7069*2*7255*1*7718*1
SDQ*EA*ZZ*9648*2*9758*1
LIN**CB*970657110*ZZ*43*UP*831664000842*****DG*3*VS*00000
ZA*QS***006*20060704
CTP**UCP*5
SDQ*EA*ZZ*3223*4
LIN**CB*970657110*ZZ*43*UP*831664000842*****DG*5*VS*00000
ZA*QS***006*20060704
CTP**UCP*5
SDQ*EA*ZZ*4723*-2
CTT*3
SE*18*0006
ST*852*0007
XQ*H*20060705
N9*AD*T00000040
LIN**CB*970956116*ZZ*43*UP*831664000019*****DG*1*VS*00000
ZA*QS***006*20060704
CTP**UCP*.35
SDQ*EA*ZZ*3063*1*3084*2*3103*2*3143*3*3408*4*3644*94*3646*1*3685*2*3701*1*3715*29
SDQ*EA*ZZ*3822*31*3848*3*3941*19*4093*81*4198*3*4244*76*4312*2*4475*5*4717*4*4719*1
SDQ*EA*ZZ*4769*1*7045*2*7066*13*7069*16*7076*23*7132*43*7154*2*7184*-1*7255*23*7354*6
SDQ*EA*ZZ*7358*43*7437*4*7460*2*7461*7*7558*6*7607*29*7637*2*7718*38*9620*30*9621*24
SDQ*EA*ZZ*9629*24*9633*64*9648*53*9674*29*9728*26*9735*1*9758*29
ZA*QS***006*20060704
CTP**UCP*.5
SDQ*EA*ZZ*4970*50
LIN**CB*970956116*ZZ*43*UP*831664000019*****DG*3*VS*00000
ZA*QS***006*20060704
CTP**UCP*.35
SDQ*EA*ZZ*3646*10*9513*46
LIN**CB*970956116*ZZ*43*UP*831664000019*****DG*5*VS*00000
ZA*QS***006*20060704
CTP**UCP*.35
SDQ*EA*ZZ*4723*-2
LIN**CB*970956116*ZZ*43*UP*831664000019*****DG*9*VS*00000
ZA*QS***006*20060704
CTP**UCP*.35
SDQ*EA*ZZ*4103*22
CTT*4
SE*28*0007
ST*852*0008
XQ*H*20060705
N9*AD*T00000040
LIN**CB*970957114*ZZ*43*UP*831664000255*****DG*1*VS*00000
ZA*QS***006*20060704
CTP**UCP*.35
SDQ*EA*ZZ*3103*3*3359*1*3644*12*3660*2*3672*4*3715*6*3836*4*3941*4*4093*4*4103*5
SDQ*EA*ZZ*4244*2*7066*20*7069*3*7132*2*7184*7*7255*13*7388*10*7460*1*7461*6*7558*1
SDQ*EA*ZZ*7610*4*7718*1*9560*2*9621*6*9648*1*9674*6
CTT*1
SE*11*0008
ST*852*0009
XQ*H*20060705
N9*AD*T00000040
LIN**CB*970958112*ZZ*43*UP*831664000699*****DG*1*VS*00000
ZA*QS***006*20060703
CTP**UCP*.35
SDQ*EA*ZZ*3685*3
ZA*QS***006*20060704
CTP**UCP*.35
SDQ*EA*ZZ*4244*6*4898*2*7184*4*7461*4*9648*4
CTT*1
SE*12*0009
ST*852*0010
XQ*H*20060705
N9*AD*T00000040
LIN**CB*970959110*ZZ*43*UP*831664000675*****DG*1*VS*00000
ZA*QS***006*20060703
CTP**UCP*.95
SDQ*EA*ZZ*3685*1*5070*1
ZA*QS***006*20060704
CTP**UCP*.95
SDQ*EA*ZZ*3082*2*3083*1*3084*3*3359*2*3408*1*3646*1*3715*1*3836*3*3941*3*3996*1
SDQ*EA*ZZ*4719*14*4769*2*7069*4*7184*4*7255*2*7358*20*7437*3*7461*3*7607*5*9620*1
LIN**CB*970959110*ZZ*43*UP*831664000675*****DG*3*VS*00000
ZA*QS***006*20060704
CTP**UCP*.95
SDQ*EA*ZZ*3646*3
LIN**CB*970959110*ZZ*43*UP*831664000675*****DG*9*VS*00000
ZA*QS***006*20060704
CTP**UCP*.95
SDQ*EA*ZZ*4103*2
CTT*3
SE*21*0010
ST*852*0011
XQ*H*20060705
N9*AD*T00000040
LIN**CB*970960118*ZZ*43*UP*831664000682*****DG*1*VS*00000
ZA*QS***006*20060703
CTP**UCP*.95
SDQ*EA*ZZ*3685*4
ZA*QS***006*20060704
CTP**UCP*.95
SDQ*EA*ZZ*3082*7*3289*16*3348*1*3359*3*3408*2*3644*35*3703*2*3715*19*3822*1*3836*4
SDQ*EA*ZZ*3848*1*3941*16*4093*31*4244*23*4717*2*4719*3*7066*34*7069*3*7076*15*7132*3
SDQ*EA*ZZ*7184*24*7255*14*7354*8*7358*9*7437*3*7461*27*7610*4*7629*2*7637*1*7718*10
SDQ*EA*ZZ*9621*10*9625*1*9629*2*9633*5*9674*2*9728*15*9758*2
ZA*QS***006*20060704
CTP**UCP*1.25
SDQ*EA*ZZ*4970*21
LIN**CB*970960118*ZZ*43*UP*831664000682*****DG*3*VS*00000
ZA*QS***006*20060704
CTP**UCP*.95
SDQ*EA*ZZ*3646*1*3661*1*7607*11*9513*107
LIN**CB*970960118*ZZ*43*UP*831664000682*****DG*5*VS*00000
ZA*QS***006*20060704
CTP**UCP*.95
SDQ*EA*ZZ*3084*1*7629*1
LIN**CB*970960118*ZZ*43*UP*831664000682*****DG*9*VS*00000
ZA*QS***006*20060704
CTP**UCP*.95
SDQ*EA*ZZ*4103*18
CTT*4
SE*30*0011
ST*852*0012
XQ*H*20060705
N9*AD*T00000040
LIN**CB*970961116*ZZ*43*UP*831664000330*****DG*1*VS*00000
ZA*QS***006*20060704
CTP**UCP*.95
SDQ*EA*ZZ*3084*3*3359*2*3408*3*3644*3*3646*2*3715*5*3822*1*3836*4*3876*1*3905*4
SDQ*EA*ZZ*3931*1*3941*21*3957*4*3978*1*4093*10*4198*2*4244*33*4717*7*4719*5*4760*1
SDQ*EA*ZZ*4817*6*7059*1*7066*28*7069*3*7076*10*7132*8*7184*5*7255*15*7354*2*7358*5
SDQ*EA*ZZ*7437*1*7461*9*7607*17*7610*8*7629*3*7718*22*9629*6*9633*10*9648*3*9674*8
SDQ*EA*ZZ*9714*1*9728*10*9735*1
ZA*QS***006*20060704
CTP**UCP*1.25
SDQ*EA*ZZ*4970*20
LIN**CB*970961116*ZZ*43*UP*831664000330*****DG*3*VS*00000
ZA*QS***006*20060704
CTP**UCP*.95
SDQ*EA*ZZ*3646*13*9513*1
LIN**CB*970961116*ZZ*43*UP*831664000330*****DG*9*VS*00000
ZA*QS***006*20060704
CTP**UCP*.95
SDQ*EA*ZZ*4103*19
CTT*3
SE*24*0012
ST*852*0013
XQ*H*20060705
N9*AD*T00000040
LIN**CB*970962114*ZZ*43*UP*831664000941*****DG*1*VS*00000
ZA*QS***006*20060703
CTP**UCP*.95
SDQ*EA*ZZ*5066*1
ZA*QS***006*20060704
CTP**UCP*.95
SDQ*EA*ZZ*3408*1*3644*3*3703*1*3822*5*3836*3*3941*15*3996*2*4093*17*4244*9*4308*2
SDQ*EA*ZZ*4475*1*4717*1*4719*1*4769*2*7066*5*7076*6*7132*2*7154*1*7184*4*7255*4
SDQ*EA*ZZ*7354*2*7461*21*7607*15*7718*17*9621*4*9629*2*9633*12*9648*1*9674*2*9728*6
SDQ*EA*ZZ*9758*2
ZA*QS***006*20060704
CTP**UCP*1.25
SDQ*EA*ZZ*4970*7
LIN**CB*970962114*ZZ*43*UP*831664000941*****DG*3*VS*00000
ZA*QS***006*20060704
CTP**UCP*.95
SDQ*EA*ZZ*3646*27*3661*2*9513*14
CTT*2
SE*22*0013
ST*852*0014
XQ*H*20060705
N9*AD*T00000040
LIN**CB*970963112*ZZ*43*UP*831664000743*****DG*1*VS*00000
ZA*QS***006*20060704
CTP**UCP*1.75
SDQ*EA*ZZ*3646*7*3685*1*3996*1*4475*1*7076*3*7460*5*7610*1*9621*2*9648*2*9728*8
LIN**CB*970963112*ZZ*43*UP*831664000743*****DG*3*VS*00000
ZA*QS***006*20060704
CTP**UCP*1.75
SDQ*EA*ZZ*3646*86
CTT*2
SE*13*0014
ST*852*0015
XQ*H*20060705
N9*AD*T00000040
LIN**CB*970964110*ZZ*43*UP*831664000453*****DG*1*VS*00000
ZA*QS***006*20060704
CTP**UCP*3
SDQ*EA*ZZ*3084*1*3289*1*3644*9*3660*3*3675*1*3703*6*3715*5*3941*11*3996*3*4093*21
SDQ*EA*ZZ*4103*7*4122*1*4198*1*4244*3*4717*2*4719*2*4739*2*4970*7*7069*2*7076*8
SDQ*EA*ZZ*7132*3*7184*2*7255*4*7358*1*7461*2*7607*5*7610*1*7718*5*9621*3*9625*1
SDQ*EA*ZZ*9629*2*9633*6*9648*1*9674*5*9728*5*9758*2
LIN**CB*970964110*ZZ*43*UP*831664000453*****DG*3*VS*00000
ZA*QS***006*20060704
CTP**UCP*3
SDQ*EA*ZZ*3646*28*9513*3
LIN**CB*970964110*ZZ*43*UP*831664000453*****DG*9*VS*00000
ZA*QS***006*20060704
CTP**UCP*3
SDQ*EA*ZZ*7066*7
CTT*3
SE*20*0015
ST*852*0016
XQ*H*20060705
N9*AD*T00000040
LIN**CB*970965117*ZZ*43*UP*831664000460*****DG*1*VS*00000
ZA*QS***006*20060704
CTP**UCP*3
SDQ*EA*ZZ*3103*1*3359*3*3408*1*3644*3*3660*1*3675*1*3703*5*3715*1*3822*4*3929*1
SDQ*EA*ZZ*3941*3*4093*8*4103*9*4244*9*4717*2*4970*3*7069*2*7076*3*7132*13*7184*4
SDQ*EA*ZZ*7255*2*7358*3*7461*1*7607*9*7610*1*7718*5*9621*10*9629*5*9633*9*9648*12
SDQ*EA*ZZ*9674*3*9728*3*9758*4
LIN**CB*970965117*ZZ*43*UP*831664000460*****DG*3*VS*00000
ZA*QS***006*20060704
CTP**UCP*3
SDQ*EA*ZZ*3646*29
LIN**CB*970965117*ZZ*43*UP*831664000460*****DG*5*VS*00000
ZA*QS***006*20060704
CTP**UCP*3
SDQ*EA*ZZ*4883*1
LIN**CB*970965117*ZZ*43*UP*831664000460*****DG*9*VS*00000
ZA*QS***006*20060704
CTP**UCP*3
SDQ*EA*ZZ*7066*8
CTT*4
SE*24*0016
ST*852*0017
XQ*H*20060705
N9*AD*T00000040
LIN**CB*970966115*ZZ*43*UP*831664000958*****DG*1*VS*00000
ZA*QS***006*20060704
CTP**UCP*6.6
SDQ*EA*ZZ*4717*1
CTT*1
SE*9*0017
ST*852*0018
XQ*H*20060705
N9*AD*T00000040
LIN**CB*970967113*ZZ*43*UP*831664000484*****DG*1*VS*00000
ZA*QS***006*20060704
CTP**UCP*4.95
SDQ*EA*ZZ*3675*1*3715*1*4093*7*4244*4*4719*2*7132*1*7461*1*7718*2*9633*3*9648*2
SDQ*EA*ZZ*9758*2
LIN**CB*970967113*ZZ*43*UP*831664000484*****DG*5*VS*00000
ZA*QS***006*20060704
CTP**UCP*4.95
SDQ*EA*ZZ*3703*5
CTT*2
SE*14*0018
ST*852*0019
XQ*H*20060705
N9*AD*T00000040
LIN**CB*970969119*ZZ*43*UP*831664000491*****DG*1*VS*00000
ZA*QS***006*20060704
CTP**UCP*8.6
SDQ*EA*ZZ*3644*1
CTT*1
SE*9*0019
ST*852*0020
XQ*H*20060705
N9*AD*T00000040
LIN**CB*970970117*ZZ*43*UP*831664000859*****DG*1*VS*00000
ZA*QS***006*20060704
CTP**UCP*2.45
SDQ*EA*ZZ*3715*4*7076*3
LIN**CB*970970117*ZZ*43*UP*831664000859*****DG*3*VS*00000
ZA*QS***006*20060704
CTP**UCP*2.45
SDQ*EA*ZZ*3646*23
CTT*2
SE*13*0020
ST*852*0021
XQ*H*20060705
N9*AD*T00000040
LIN**CB*970971115*ZZ*43*UP*831664000781*****DG*1*VS*00000
ZA*QS***006*20060704
CTP**UCP*1.75
SDQ*EA*ZZ*3084*3*3408*2*3644*2*3685*3*3715*2*4093*19*4244*14*4312*4*4475*2*4717*1
SDQ*EA*ZZ*4719*1*7132*1*7184*2*7255*3*7460*8*7461*3*7607*6*9625*6*9629*7*9633*2
SDQ*EA*ZZ*9674*1*9728*2*9758*2
ZA*QS***006*20060704
CTP**UCP*2
SDQ*EA*ZZ*4970*7
CTT*1
SE*14*0021
ST*852*0022
XQ*H*20060705
N9*AD*T00000040
LIN**CB*970972113*ZZ*43*UP*831664000651*****DG*1*VS*00000
ZA*QS***006*20060704
CTP**UCP*1.4
SDQ*EA*ZZ*7069*4
CTT*1
SE*9*0022
ST*852*0023
XQ*H*20060705
N9*AD*T00000040
LIN**CB*970980116*ZZ*43*UP*831664000965*****DG*1*VS*00000
ZA*QS***006*20060704
CTP**UCP*.35
SDQ*EA*ZZ*4103*5
CTT*1
SE*9*0023
ST*852*0024
XQ*H*20060705
N9*AD*T00000040
LIN**CB*970983110*ZZ*43*UP*831664000996*****DG*1*VS*00000
ZA*QS***006*20060704
CTP**UCP*1.35
SDQ*EA*ZZ*3103*3*3836*29
CTT*1
SE*9*0024
ST*852*0025
XQ*H*20060705
N9*AD*T00000040
LIN**CB*970987111*ZZ*43*UP*831664001030*****DG*1*VS*00000
ZA*QS***006*20060704
CTP**UCP*3.25
SDQ*EA*ZZ*3644*2*7558*1
CTT*1
SE*9*0025
ST*852*0026
XQ*H*20060705
N9*AD*T00000040
LIN**CB*974552119*ZZ*43*UP*831664001078*****DG*3*VS*00000
ZA*QS***006*20060704
CTP**UCP*4.95
SDQ*EA*ZZ*3646*1
CTT*1
SE*9*0026
GE*26*1000179
IEA*1*001000179
*** SUPERTRACS READY FOR INPUT
