ISA*00*          *00*          *09*006985290EFT   *12*6154525825     *071019*2304*U*00400*001000091*0*P*>
GS*RA*006985290EFT*6154525825*20071019*2304*1000091*X*004010
ST*820*0001
BPR*I*25291.04*C*ACH*CCP*01*021000018*DA*0300955622*9008965873**01*064102601*DA*3000289*20071023*VEN
TRN*3*770246342*9008965873
DTM*097*20071019
N1*PR*KMART CORPORATION*1*008965873
N1*PE*YOUNGS FARMS*92*00069099588
N1*SE*YOUNGS FARMS*92*00069099588
ENT*1
RMR*IK*306320070920*PI*34.2*34.2*0
REF*PO*0020070921
REF*ST*03063
REF*DP*043
DTM*999*20070920
RMR*IK*306320070921*PI*16.8*16.8*0
REF*PO*0020070922
REF*ST*03063
REF*DP*043
DTM*999*20070921
RMR*IK*306320070922*PI*74.2*74.2*0
REF*PO*0020070923
REF*ST*03063
REF*DP*043
DTM*999*20070922
RMR*IK*306320070923*PI*4.9*4.9*0
REF*PO*0020070924
REF*ST*03063
REF*DP*043
DTM*999*20070923
RMR*IK*306320070924*PI*7.7*7.7*0
REF*PO*0020070925
REF*ST*03063
REF*DP*043
DTM*999*20070924
RMR*IK*306320070925*PI*30.25*30.25*0
REF*PO*0020070926
REF*ST*03063
REF*DP*043
DTM*999*20070925
RMR*IK*308020070920*PI*82.45*82.45*0
REF*PO*0020070921
REF*ST*03080
REF*DP*043
DTM*999*20070920
RMR*IK*308020070921*PI*147.6*147.6*0
REF*PO*0020070922
REF*ST*03080
REF*DP*043
DTM*999*20070921
RMR*IK*308020070922*PI*66.15*66.15*0
REF*PO*0020070923
REF*ST*03080
REF*DP*043
DTM*999*20070922
RMR*IK*308020070923*PI*17.35*17.35*0
REF*PO*0020070924
REF*ST*03080
REF*DP*043
DTM*999*20070923
RMR*IK*308020070924*PI*37.75*37.75*0
REF*PO*0020070925
REF*ST*03080
REF*DP*043
DTM*999*20070924
RMR*IK*308020070925*PI*55.8*55.8*0
REF*PO*0020070926
REF*ST*03080
REF*DP*043
DTM*999*20070925
RMR*IK*308020070926*PI*15.35*15.35*0
REF*PO*0020070927
REF*ST*03080
REF*DP*043
DTM*999*20070926
RMR*IK*308220070920*PI*49.15*49.15*0
REF*PO*0020070921
REF*ST*03082
REF*DP*043
DTM*999*20070920
RMR*IK*308220070921*PI*22.85*22.85*0
REF*PO*0020070922
REF*ST*03082
REF*DP*043
DTM*999*20070921
RMR*IK*308220070922*PI*2.45*2.45*0
REF*PO*0020070923
REF*ST*03082
REF*DP*043
DTM*999*20070922
RMR*IK*308220070926*PI*12.3*12.3*0
REF*PO*0020070927
REF*ST*03082
REF*DP*043
DTM*999*20070926
RMR*IK*308320070920*PI*9.8*9.8*0
REF*PO*0020070921
REF*ST*03083
REF*DP*043
DTM*999*20070920
RMR*IK*308320070921*PI*23.25*23.25*0
REF*PO*0020070922
REF*ST*03083
REF*DP*043
DTM*999*20070921
RMR*IK*308320070922*PI*42.9*42.9*0
REF*PO*0020070923
REF*ST*03083
REF*DP*043
DTM*999*20070922
RMR*IK*308320070923*PI*25.05*25.05*0
REF*PO*0020070924
REF*ST*03083
REF*DP*043
DTM*999*20070923
RMR*IK*308320070924*PI*43.35*43.35*0
REF*PO*0020070925
REF*ST*03083
REF*DP*043
DTM*999*20070924
RMR*IK*308320070925*PI*12.25*12.25*0
REF*PO*0020070926
REF*ST*03083
REF*DP*043
DTM*999*20070925
RMR*IK*308320070926*PI*14.25*14.25*0
REF*PO*0020070927
REF*ST*03083
REF*DP*043
DTM*999*20070926
RMR*IK*308420070920*PI*33.85*33.85*0
REF*PO*0020070921
REF*ST*03084
REF*DP*043
DTM*999*20070920
RMR*IK*308420070921*PI*62.85*62.85*0
REF*PO*0020070922
REF*ST*03084
REF*DP*043
DTM*999*20070921
RMR*IK*308420070922*PI*81.8*81.8*0
REF*PO*0020070923
REF*ST*03084
REF*DP*043
DTM*999*20070922
RMR*IK*308420070923*PI*63.3*63.3*0
REF*PO*0020070924
REF*ST*03084
REF*DP*043
DTM*999*20070923
RMR*IK*308420070924*PI*50.6*50.6*0
REF*PO*0020070925
REF*ST*03084
REF*DP*043
DTM*999*20070924
RMR*IK*308420070925*PI*23.4*23.4*0
REF*PO*0020070926
REF*ST*03084
REF*DP*043
DTM*999*20070925
RMR*IK*308420070926*PI*36.3*36.3*0
REF*PO*0020070927
REF*ST*03084
REF*DP*043
DTM*999*20070926
RMR*IK*310320070920*PI*29.25*29.25*0
REF*PO*0020070921
REF*ST*03103
REF*DP*043
DTM*999*20070920
RMR*IK*310320070921*PI*31.4*31.4*0
REF*PO*0020070922
REF*ST*03103
REF*DP*043
DTM*999*20070921
RMR*IK*310320070922*PI*104.4*104.4*0
REF*PO*0020070923
REF*ST*03103
REF*DP*043
DTM*999*20070922
RMR*IK*310320070923*PI*26.1*26.1*0
REF*PO*0020070924
REF*ST*03103
REF*DP*043
DTM*999*20070923
RMR*IK*310320070924*PI*59.6*59.6*0
REF*PO*0020070925
REF*ST*03103
REF*DP*043
DTM*999*20070924
RMR*IK*310320070925*PI*63.45*63.45*0
REF*PO*0020070926
REF*ST*03103
REF*DP*043
DTM*999*20070925
RMR*IK*310320070926*PI*86.2*86.2*0
REF*PO*0020070927
REF*ST*03103
REF*DP*043
DTM*999*20070926
RMR*IK*314320070920*PI*63*63*0
REF*PO*0020070921
REF*ST*03143
REF*DP*043
DTM*999*20070920
RMR*IK*314320070921*PI*53.1*53.1*0
REF*PO*0020070922
REF*ST*03143
REF*DP*043
DTM*999*20070921
RMR*IK*314320070922*PI*76.2*76.2*0
REF*PO*0020070923
REF*ST*03143
REF*DP*043
DTM*999*20070922
RMR*IK*314320070923*PI*41.7*41.7*0
REF*PO*0020070924
REF*ST*03143
REF*DP*043
DTM*999*20070923
RMR*IK*314320070924*PI*11.8*11.8*0
REF*PO*0020070925
REF*ST*03143
REF*DP*043
DTM*999*20070924
RMR*IK*314320070925*PI*41.55*41.55*0
REF*PO*0020070926
REF*ST*03143
REF*DP*043
DTM*999*20070925
RMR*IK*314320070926*PI*34.25*34.25*0
REF*PO*0020070927
REF*ST*03143
REF*DP*043
DTM*999*20070926
RMR*IK*319420070920*PI*4*4*0
REF*PO*0020070921
REF*ST*03194
REF*DP*043
DTM*999*20070920
RMR*IK*319420070921*PI*41.15*41.15*0
REF*PO*0020070922
REF*ST*03194
REF*DP*043
DTM*999*20070921
RMR*IK*319420070922*PI*65.85*65.85*0
REF*PO*0020070923
REF*ST*03194
REF*DP*043
DTM*999*20070922
RMR*IK*319420070923*PI*26.05*26.05*0
REF*PO*0020070924
REF*ST*03194
REF*DP*043
DTM*999*20070923
RMR*IK*319420070924*PI*46.15*46.15*0
REF*PO*0020070925
REF*ST*03194
REF*DP*043
DTM*999*20070924
RMR*IK*319420070925*PI*15.35*15.35*0
REF*PO*0020070926
REF*ST*03194
REF*DP*043
DTM*999*20070925
RMR*IK*319420070926*PI*43.15*43.15*0
REF*PO*0020070927
REF*ST*03194
REF*DP*043
DTM*999*20070926
RMR*IK*322320070920*PI*2.7*2.7*0
REF*PO*0020070921
REF*ST*03223
REF*DP*043
DTM*999*20070920
RMR*IK*322320070924*PI*29*29*0
REF*PO*0020070925
REF*ST*03223
REF*DP*043
DTM*999*20070924
RMR*IK*328920070920*PI*51.9*51.9*0
REF*PO*0020070921
REF*ST*03289
REF*DP*043
DTM*999*20070920
RMR*IK*328920070921*PI*57.9*57.9*0
REF*PO*0020070922
REF*ST*03289
REF*DP*043
DTM*999*20070921
RMR*IK*328920070922*PI*78.6*78.6*0
REF*PO*0020070923
REF*ST*03289
REF*DP*043
DTM*999*20070922
RMR*IK*328920070923*PI*33.95*33.95*0
REF*PO*0020070924
REF*ST*03289
REF*DP*043
DTM*999*20070923
RMR*IK*328920070924*PI*27.2*27.2*0
REF*PO*0020070925
REF*ST*03289
REF*DP*043
DTM*999*20070924
RMR*IK*328920070925*PI*36*36*0
REF*PO*0020070926
REF*ST*03289
REF*DP*043
DTM*999*20070925
RMR*IK*328920070926*PI*23.45*23.45*0
REF*PO*0020070927
REF*ST*03289
REF*DP*043
DTM*999*20070926
RMR*IK*334820070920*PI*19.8*19.8*0
REF*PO*0020070921
REF*ST*03348
REF*DP*043
DTM*999*20070920
RMR*IK*334820070921*PI*79.65*79.65*0
REF*PO*0020070922
REF*ST*03348
REF*DP*043
DTM*999*20070921
RMR*IK*334820070922*PI*69.4*69.4*0
REF*PO*0020070923
REF*ST*03348
REF*DP*043
DTM*999*20070922
RMR*IK*334820070923*PI*40.85*40.85*0
REF*PO*0020070924
REF*ST*03348
REF*DP*043
DTM*999*20070923
RMR*IK*334820070924*PI*54.55*54.55*0
REF*PO*0020070925
REF*ST*03348
REF*DP*043
DTM*999*20070924
RMR*IK*334820070925*PI*32.1*32.1*0
REF*PO*0020070926
REF*ST*03348
REF*DP*043
DTM*999*20070925
RMR*IK*334820070926*PI*21.45*21.45*0
REF*PO*0020070927
REF*ST*03348
REF*DP*043
DTM*999*20070926
RMR*IK*335520070920*PI*9.8*9.8*0
REF*PO*0020070921
REF*ST*03355
REF*DP*043
DTM*999*20070920
RMR*IK*335520070925*PI*9.8*9.8*0
REF*PO*0020070926
REF*ST*03355
REF*DP*043
DTM*999*20070925
RMR*IK*335920070921*PI*2.45*2.45*0
REF*PO*0020070922
REF*ST*03359
REF*DP*043
DTM*999*20070921
RMR*IK*335920070924*PI*7.35*7.35*0
REF*PO*0020070925
REF*ST*03359
REF*DP*043
DTM*999*20070924
RMR*IK*340820070920*PI*25.45*25.45*0
REF*PO*0020070921
REF*ST*03408
REF*DP*043
DTM*999*20070920
RMR*IK*340820070921*PI*29.75*29.75*0
REF*PO*0020070922
REF*ST*03408
REF*DP*043
DTM*999*20070921
RMR*IK*340820070922*PI*21.25*21.25*0
REF*PO*0020070923
REF*ST*03408
REF*DP*043
DTM*999*20070922
RMR*IK*340820070923*PI*6.95*6.95*0
REF*PO*0020070924
REF*ST*03408
REF*DP*043
DTM*999*20070923
RMR*IK*340820070924*PI*12.6*12.6*0
REF*PO*0020070925
REF*ST*03408
REF*DP*043
DTM*999*20070924
RMR*IK*340820070925*PI*12.75*12.75*0
REF*PO*0020070926
REF*ST*03408
REF*DP*043
DTM*999*20070925
RMR*IK*340820070926*PI*22.35*22.35*0
REF*PO*0020070927
REF*ST*03408
REF*DP*043
DTM*999*20070926
RMR*IK*360220070920*PI*5.25*5.25*0
REF*PO*0020070921
REF*ST*03602
REF*DP*043
DTM*999*20070920
RMR*IK*360220070921*PI*16.8*16.8*0
REF*PO*0020070922
REF*ST*03602
REF*DP*043
DTM*999*20070921
RMR*IK*360220070922*PI*25.5*25.5*0
REF*PO*0020070923
REF*ST*03602
REF*DP*043
DTM*999*20070922
RMR*IK*360220070923*PI*11.2*11.2*0
REF*PO*0020070924
REF*ST*03602
REF*DP*043
DTM*999*20070923
RMR*IK*360220070924*PI*2.45*2.45*0
REF*PO*0020070925
REF*ST*03602
REF*DP*043
DTM*999*20070924
RMR*IK*360220070926*PI*4.25*4.25*0
REF*PO*0020070927
REF*ST*03602
REF*DP*043
DTM*999*20070926
RMR*IK*364420070920*PI*32.95*32.95*0
REF*PO*0020070921
REF*ST*03644
REF*DP*043
DTM*999*20070920
RMR*IK*364420070921*PI*8.5*8.5*0
REF*PO*0020070922
REF*ST*03644
REF*DP*043
DTM*999*20070921
RMR*IK*364420070922*PI*42.15*42.15*0
REF*PO*0020070923
REF*ST*03644
REF*DP*043
DTM*999*20070922
RMR*IK*364420070923*PI*25.55*25.55*0
REF*PO*0020070924
REF*ST*03644
REF*DP*043
DTM*999*20070923
RMR*IK*364420070924*PI*25.3*25.3*0
REF*PO*0020070925
REF*ST*03644
REF*DP*043
DTM*999*20070924
RMR*IK*364420070925*PI*12.25*12.25*0
REF*PO*0020070926
REF*ST*03644
REF*DP*043
DTM*999*20070925
RMR*IK*364420070926*PI*14.25*14.25*0
REF*PO*0020070927
REF*ST*03644
REF*DP*043
DTM*999*20070926
RMR*IK*364620070920*PI*181.1*181.1*0
REF*PO*0020070921
REF*ST*03646
REF*DP*043
DTM*999*20070920
RMR*IK*364620070921*PI*152.4*152.4*0
REF*PO*0020070922
REF*ST*03646
REF*DP*043
DTM*999*20070921
RMR*IK*364620070922*PI*215.8*215.8*0
REF*PO*0020070923
REF*ST*03646
REF*DP*043
DTM*999*20070922
RMR*IK*364620070923*PI*124.9*124.9*0
REF*PO*0020070924
REF*ST*03646
REF*DP*043
DTM*999*20070923
RMR*IK*364620070924*PI*140.55*140.55*0
REF*PO*0020070925
REF*ST*03646
REF*DP*043
DTM*999*20070924
RMR*IK*364620070925*PI*115.06*115.06*0
REF*PO*0020070926
REF*ST*03646
REF*DP*043
DTM*999*20070925
RMR*IK*364620070926*PI*162.15*162.15*0
REF*PO*0020070927
REF*ST*03646
REF*DP*043
DTM*999*20070926
RMR*IK*366020070922*PI*4.2*4.2*0
REF*PO*0020070923
REF*ST*03660
REF*DP*043
DTM*999*20070922
RMR*IK*366120070920*PI*42.25*42.25*0
REF*PO*0020070921
REF*ST*03661
REF*DP*043
DTM*999*20070920
RMR*IK*366120070921*PI*2.45*2.45*0
REF*PO*0020070922
REF*ST*03661
REF*DP*043
DTM*999*20070921
RMR*IK*366120070922*PI*12.5*12.5*0
REF*PO*0020070923
REF*ST*03661
REF*DP*043
DTM*999*20070922
RMR*IK*366120070923*PI*33.6*33.6*0
REF*PO*0020070924
REF*ST*03661
REF*DP*043
DTM*999*20070923
RMR*IK*366120070924*PI*16.2*16.2*0
REF*PO*0020070925
REF*ST*03661
REF*DP*043
DTM*999*20070924
RMR*IK*366120070925*PI*2.45*2.45*0
REF*PO*0020070926
REF*ST*03661
REF*DP*043
DTM*999*20070925
RMR*IK*366120070926*PI*18.3*18.3*0
REF*PO*0020070927
REF*ST*03661
REF*DP*043
DTM*999*20070926
RMR*IK*367220070920*PI*43.1*43.1*0
REF*PO*0020070921
REF*ST*03672
REF*DP*043
DTM*999*20070920
RMR*IK*367220070921*PI*130.3*130.3*0
REF*PO*0020070922
REF*ST*03672
REF*DP*043
DTM*999*20070921
RMR*IK*367220070922*PI*33.9*33.9*0
REF*PO*0020070923
REF*ST*03672
REF*DP*043
DTM*999*20070922
RMR*IK*367220070923*PI*59.15*59.15*0
REF*PO*0020070924
REF*ST*03672
REF*DP*043
DTM*999*20070923
RMR*IK*367220070924*PI*14.45*14.45*0
REF*PO*0020070925
REF*ST*03672
REF*DP*043
DTM*999*20070924
RMR*IK*367220070925*PI*9.85*9.85*0
REF*PO*0020070926
REF*ST*03672
REF*DP*043
DTM*999*20070925
RMR*IK*367220070926*PI*40.75*40.75*0
REF*PO*0020070927
REF*ST*03672
REF*DP*043
DTM*999*20070926
RMR*IK*367520070920*PI*63.15*63.15*0
REF*PO*0020070921
REF*ST*03675
REF*DP*043
DTM*999*20070920
RMR*IK*367520070921*PI*43.3*43.3*0
REF*PO*0020070922
REF*ST*03675
REF*DP*043
DTM*999*20070921
RMR*IK*367520070922*PI*55.5*55.5*0
REF*PO*0020070923
REF*ST*03675
REF*DP*043
DTM*999*20070922
RMR*IK*367520070923*PI*31.1*31.1*0
REF*PO*0020070924
REF*ST*03675
REF*DP*043
DTM*999*20070923
RMR*IK*367520070924*PI*9.5*9.5*0
REF*PO*0020070925
REF*ST*03675
REF*DP*043
DTM*999*20070924
RMR*IK*367520070925*PI*42.65*42.65*0
REF*PO*0020070926
REF*ST*03675
REF*DP*043
DTM*999*20070925
RMR*IK*367520070926*PI*26.55*26.55*0
REF*PO*0020070927
REF*ST*03675
REF*DP*043
DTM*999*20070926
RMR*IK*368520070920*PI*45.25*45.25*0
REF*PO*0020070921
REF*ST*03685
REF*DP*043
DTM*999*20070920
RMR*IK*368520070921*PI*74.35*74.35*0
REF*PO*0020070922
REF*ST*03685
REF*DP*043
DTM*999*20070921
RMR*IK*368520070922*PI*66.9*66.9*0
REF*PO*0020070923
REF*ST*03685
REF*DP*043
DTM*999*20070922
RMR*IK*368520070923*PI*57.65*57.65*0
REF*PO*0020070924
REF*ST*03685
REF*DP*043
DTM*999*20070923
RMR*IK*368520070924*PI*18.7*18.7*0
REF*PO*0020070925
REF*ST*03685
REF*DP*043
DTM*999*20070924
RMR*IK*368520070925*PI*12.25*12.25*0
REF*PO*0020070926
REF*ST*03685
REF*DP*043
DTM*999*20070925
RMR*IK*368520070926*PI*37.75*37.75*0
REF*PO*0020070927
REF*ST*03685
REF*DP*043
DTM*999*20070926
RMR*IK*370120070922*PI*9.8*9.8*0
REF*PO*0020070923
REF*ST*03701
REF*DP*043
DTM*999*20070922
RMR*IK*370120070923*PI*2.3*2.3*0
REF*PO*0020070924
REF*ST*03701
REF*DP*043
DTM*999*20070923
RMR*IK*370120070925*PI*7.35*7.35*0
REF*PO*0020070926
REF*ST*03701
REF*DP*043
DTM*999*20070925
RMR*IK*370120070926*PI*49.55*49.55*0
REF*PO*0020070927
REF*ST*03701
REF*DP*043
DTM*999*20070926
RMR*IK*370320070920*PI*163.8*163.8*0
REF*PO*0020070921
REF*ST*03703
REF*DP*043
DTM*999*20070920
RMR*IK*370320070921*PI*235.05*235.05*0
REF*PO*0020070922
REF*ST*03703
REF*DP*043
DTM*999*20070921
RMR*IK*370320070922*PI*173.85*173.85*0
REF*PO*0020070923
REF*ST*03703
REF*DP*043
DTM*999*20070922
RMR*IK*370320070923*PI*113.95*113.95*0
REF*PO*0020070924
REF*ST*03703
REF*DP*043
DTM*999*20070923
RMR*IK*370320070924*PI*121.15*121.15*0
REF*PO*0020070925
REF*ST*03703
REF*DP*043
DTM*999*20070924
RMR*IK*370320070925*PI*209.85*209.85*0
REF*PO*0020070926
REF*ST*03703
REF*DP*043
DTM*999*20070925
RMR*IK*370320070926*PI*234.95*234.95*0
REF*PO*0020070927
REF*ST*03703
REF*DP*043
DTM*999*20070926
RMR*IK*371320070920*PI*24.9*24.9*0
REF*PO*0020070921
REF*ST*03713
REF*DP*043
DTM*999*20070920
RMR*IK*371320070922*PI*7.35*7.35*0
REF*PO*0020070923
REF*ST*03713
REF*DP*043
DTM*999*20070922
RMR*IK*371320070923*PI*22.1*22.1*0
REF*PO*0020070924
REF*ST*03713
REF*DP*043
DTM*999*20070923
RMR*IK*371320070924*PI*13*13*0
REF*PO*0020070925
REF*ST*03713
REF*DP*043
DTM*999*20070924
RMR*IK*371320070925*PI*4.2*4.2*0
REF*PO*0020070926
REF*ST*03713
REF*DP*043
DTM*999*20070925
RMR*IK*371320070926*PI*6.3*6.3*0
REF*PO*0020070927
REF*ST*03713
REF*DP*043
DTM*999*20070926
RMR*IK*371520070920*PI*2.3*2.3*0
REF*PO*0020070921
REF*ST*03715
REF*DP*043
DTM*999*20070920
RMR*IK*371520070921*PI*9.5*9.5*0
REF*PO*0020070922
REF*ST*03715
REF*DP*043
DTM*999*20070921
RMR*IK*371520070922*PI*73.35*73.35*0
REF*PO*0020070923
REF*ST*03715
REF*DP*043
DTM*999*20070922
RMR*IK*371520070923*PI*21.15*21.15*0
REF*PO*0020070924
REF*ST*03715
REF*DP*043
DTM*999*20070923
RMR*IK*371520070924*PI*30.85*30.85*0
REF*PO*0020070925
REF*ST*03715
REF*DP*043
DTM*999*20070924
RMR*IK*371520070925*PI*65.45*65.45*0
REF*PO*0020070926
REF*ST*03715
REF*DP*043
DTM*999*20070925
RMR*IK*371520070926*PI*45.35*45.35*0
REF*PO*0020070927
REF*ST*03715
REF*DP*043
DTM*999*20070926
RMR*IK*382220070920*PI*72*72*0
REF*PO*0020070921
REF*ST*03822
REF*DP*043
DTM*999*20070920
RMR*IK*382220070921*PI*17*17*0
REF*PO*0020070922
REF*ST*03822
REF*DP*043
DTM*999*20070921
RMR*IK*382220070922*PI*42.65*42.65*0
REF*PO*0020070923
REF*ST*03822
REF*DP*043
DTM*999*20070922
RMR*IK*382220070923*PI*23.9*23.9*0
REF*PO*0020070924
REF*ST*03822
REF*DP*043
DTM*999*20070923
RMR*IK*382220070924*PI*28.5*28.5*0
REF*PO*0020070925
REF*ST*03822
REF*DP*043
DTM*999*20070924
RMR*IK*382220070926*PI*23.6*23.6*0
REF*PO*0020070927
REF*ST*03822
REF*DP*043
DTM*999*20070926
RMR*IK*383620070920*PI*48.15*48.15*0
REF*PO*0020070921
REF*ST*03836
REF*DP*043
DTM*999*20070920
RMR*IK*383620070921*PI*83.6*83.6*0
REF*PO*0020070922
REF*ST*03836
REF*DP*043
DTM*999*20070921
RMR*IK*383620070922*PI*61.15*61.15*0
REF*PO*0020070923
REF*ST*03836
REF*DP*043
DTM*999*20070922
RMR*IK*383620070923*PI*37.8*37.8*0
REF*PO*0020070924
REF*ST*03836
REF*DP*043
DTM*999*20070923
RMR*IK*383620070924*PI*58.35*58.35*0
REF*PO*0020070925
REF*ST*03836
REF*DP*043
DTM*999*20070924
RMR*IK*383620070925*PI*53.15*53.15*0
REF*PO*0020070926
REF*ST*03836
REF*DP*043
DTM*999*20070925
RMR*IK*383620070926*PI*49.95*49.95*0
REF*PO*0020070927
REF*ST*03836
REF*DP*043
DTM*999*20070926
RMR*IK*384820070920*PI*15.4*15.4*0
REF*PO*0020070921
REF*ST*03848
REF*DP*043
DTM*999*20070920
RMR*IK*384820070921*PI*25.05*25.05*0
REF*PO*0020070922
REF*ST*03848
REF*DP*043
DTM*999*20070921
RMR*IK*384820070922*PI*9.1*9.1*0
REF*PO*0020070923
REF*ST*03848
REF*DP*043
DTM*999*20070922
RMR*IK*384820070923*PI*20.7*20.7*0
REF*PO*0020070924
REF*ST*03848
REF*DP*043
DTM*999*20070923
RMR*IK*384820070924*PI*28.05*28.05*0
REF*PO*0020070925
REF*ST*03848
REF*DP*043
DTM*999*20070924
RMR*IK*384820070925*PI*14.1*14.1*0
REF*PO*0020070926
REF*ST*03848
REF*DP*043
DTM*999*20070925
RMR*IK*384820070926*PI*16.5*16.5*0
REF*PO*0020070927
REF*ST*03848
REF*DP*043
DTM*999*20070926
RMR*IK*387620070920*PI*55.6*55.6*0
REF*PO*0020070921
REF*ST*03876
REF*DP*043
DTM*999*20070920
RMR*IK*387620070921*PI*88.9*88.9*0
REF*PO*0020070922
REF*ST*03876
REF*DP*043
DTM*999*20070921
RMR*IK*387620070922*PI*33.7*33.7*0
REF*PO*0020070923
REF*ST*03876
REF*DP*043
DTM*999*20070922
RMR*IK*387620070923*PI*27*27*0
REF*PO*0020070924
REF*ST*03876
REF*DP*043
DTM*999*20070923
RMR*IK*387620070924*PI*17.25*17.25*0
REF*PO*0020070925
REF*ST*03876
REF*DP*043
DTM*999*20070924
RMR*IK*387620070925*PI*31.95*31.95*0
REF*PO*0020070926
REF*ST*03876
REF*DP*043
DTM*999*20070925
RMR*IK*387620070926*PI*33.4*33.4*0
REF*PO*0020070927
REF*ST*03876
REF*DP*043
DTM*999*20070926
RMR*IK*390520070922*PI*44*44*0
REF*PO*0020070923
REF*ST*03905
REF*DP*043
DTM*999*20070922
RMR*IK*390520070923*PI*17.4*17.4*0
REF*PO*0020070924
REF*ST*03905
REF*DP*043
DTM*999*20070923
RMR*IK*390520070924*PI*14.7*14.7*0
REF*PO*0020070925
REF*ST*03905
REF*DP*043
DTM*999*20070924
RMR*IK*390520070925*PI*13.4*13.4*0
REF*PO*0020070926
REF*ST*03905
REF*DP*043
DTM*999*20070925
RMR*IK*390520070926*PI*14.9*14.9*0
REF*PO*0020070927
REF*ST*03905
REF*DP*043
DTM*999*20070926
RMR*IK*392920070920*PI*2.45*2.45*0
REF*PO*0020070921
REF*ST*03929
REF*DP*043
DTM*999*20070920
RMR*IK*392920070922*PI*4.45*4.45*0
REF*PO*0020070923
REF*ST*03929
REF*DP*043
DTM*999*20070922
RMR*IK*393120070920*PI*32.1*32.1*0
REF*PO*0020070921
REF*ST*03931
REF*DP*043
DTM*999*20070920
RMR*IK*393120070921*PI*63.1*63.1*0
REF*PO*0020070922
REF*ST*03931
REF*DP*043
DTM*999*20070921
RMR*IK*393120070922*PI*24.4*24.4*0
REF*PO*0020070923
REF*ST*03931
REF*DP*043
DTM*999*20070922
RMR*IK*393120070923*PI*7.35*7.35*0
REF*PO*0020070924
REF*ST*03931
REF*DP*043
DTM*999*20070923
RMR*IK*393120070924*PI*7.25*7.25*0
REF*PO*0020070925
REF*ST*03931
REF*DP*043
DTM*999*20070924
RMR*IK*393120070926*PI*6.9*6.9*0
REF*PO*0020070927
REF*ST*03931
REF*DP*043
DTM*999*20070926
RMR*IK*393120071014*PI*-3.5*-3.5*0
REF*PO*0020071015
REF*ST*03931
REF*DP*043
DTM*999*20071014
RMR*IK*393920070921*PI*12*12*0
REF*PO*0020070922
REF*ST*03939
REF*DP*043
DTM*999*20070921
RMR*IK*393920070922*PI*13.35*13.35*0
REF*PO*0020070923
REF*ST*03939
REF*DP*043
DTM*999*20070922
RMR*IK*393920070924*PI*12*12*0
REF*PO*0020070925
REF*ST*03939
REF*DP*043
DTM*999*20070924
RMR*IK*394120070920*PI*225.1*225.1*0
REF*PO*0020070921
REF*ST*03941
REF*DP*043
DTM*999*20070920
RMR*IK*394120070921*PI*90.15*90.15*0
REF*PO*0020070922
REF*ST*03941
REF*DP*043
DTM*999*20070921
RMR*IK*394120070922*PI*106.25*106.25*0
REF*PO*0020070923
REF*ST*03941
REF*DP*043
DTM*999*20070922
RMR*IK*394120070923*PI*40.65*40.65*0
REF*PO*0020070924
REF*ST*03941
REF*DP*043
DTM*999*20070923
RMR*IK*394120070924*PI*62.15*62.15*0
REF*PO*0020070925
REF*ST*03941
REF*DP*043
DTM*999*20070924
RMR*IK*394120070925*PI*100*100*0
REF*PO*0020070926
REF*ST*03941
REF*DP*043
DTM*999*20070925
RMR*IK*394120070926*PI*71.1*71.1*0
REF*PO*0020070927
REF*ST*03941
REF*DP*043
DTM*999*20070926
RMR*IK*394620070920*PI*9.7*9.7*0
REF*PO*0020070921
REF*ST*03946
REF*DP*043
DTM*999*20070920
RMR*IK*394620070922*PI*6*6*0
REF*PO*0020070923
REF*ST*03946
REF*DP*043
DTM*999*20070922
RMR*IK*395720070920*PI*38.4*38.4*0
REF*PO*0020070921
REF*ST*03957
REF*DP*043
DTM*999*20070920
RMR*IK*395720070921*PI*7.35*7.35*0
REF*PO*0020070922
REF*ST*03957
REF*DP*043
DTM*999*20070921
RMR*IK*395720070922*PI*19.95*19.95*0
REF*PO*0020070923
REF*ST*03957
REF*DP*043
DTM*999*20070922
RMR*IK*395720070923*PI*31.8*31.8*0
REF*PO*0020070924
REF*ST*03957
REF*DP*043
DTM*999*20070923
RMR*IK*395720070924*PI*23.6*23.6*0
REF*PO*0020070925
REF*ST*03957
REF*DP*043
DTM*999*20070924
RMR*IK*395720070925*PI*45.15*45.15*0
REF*PO*0020070926
REF*ST*03957
REF*DP*043
DTM*999*20070925
RMR*IK*396620070920*PI*11.75*11.75*0
REF*PO*0020070921
REF*ST*03966
REF*DP*043
DTM*999*20070920
RMR*IK*396620070922*PI*5.25*5.25*0
REF*PO*0020070923
REF*ST*03966
REF*DP*043
DTM*999*20070922
RMR*IK*396620070924*PI*4*4*0
REF*PO*0020070925
REF*ST*03966
REF*DP*043
DTM*999*20070924
RMR*IK*396620070925*PI*2.45*2.45*0
REF*PO*0020070926
REF*ST*03966
REF*DP*043
DTM*999*20070925
RMR*IK*396720070920*PI*4.9*4.9*0
REF*PO*0020070921
REF*ST*03967
REF*DP*043
DTM*999*20070920
RMR*IK*396720070922*PI*23.6*23.6*0
REF*PO*0020070923
REF*ST*03967
REF*DP*043
DTM*999*20070922
RMR*IK*396720070923*PI*16.95*16.95*0
REF*PO*0020070924
REF*ST*03967
REF*DP*043
DTM*999*20070923
RMR*IK*396720070924*PI*9*9*0
REF*PO*0020070925
REF*ST*03967
REF*DP*043
DTM*999*20070924
RMR*IK*397520070921*PI*2*2*0
REF*PO*0020070922
REF*ST*03975
REF*DP*043
DTM*999*20070921
RMR*IK*397520070922*PI*6.9*6.9*0
REF*PO*0020070923
REF*ST*03975
REF*DP*043
DTM*999*20070922
RMR*IK*397520070923*PI*18.75*18.75*0
REF*PO*0020070924
REF*ST*03975
REF*DP*043
DTM*999*20070923
RMR*IK*397520070924*PI*2.3*2.3*0
REF*PO*0020070925
REF*ST*03975
REF*DP*043
DTM*999*20070924
RMR*IK*397520070925*PI*8.82*8.82*0
REF*PO*0020070926
REF*ST*03975
REF*DP*043
DTM*999*20070925
RMR*IK*397520070926*PI*3.45*3.45*0
REF*PO*0020070927
REF*ST*03975
REF*DP*043
DTM*999*20070926
RMR*IK*397820070920*PI*11.2*11.2*0
REF*PO*0020070921
REF*ST*03978
REF*DP*043
DTM*999*20070920
RMR*IK*397820070921*PI*9.1*9.1*0
REF*PO*0020070922
REF*ST*03978
REF*DP*043
DTM*999*20070921
RMR*IK*397820070922*PI*60*60*0
REF*PO*0020070923
REF*ST*03978
REF*DP*043
DTM*999*20070922
RMR*IK*397820070923*PI*4.9*4.9*0
REF*PO*0020070924
REF*ST*03978
REF*DP*043
DTM*999*20070923
RMR*IK*397820070924*PI*19.6*19.6*0
REF*PO*0020070925
REF*ST*03978
REF*DP*043
DTM*999*20070924
RMR*IK*397820070925*PI*30.15*30.15*0
REF*PO*0020070926
REF*ST*03978
REF*DP*043
DTM*999*20070925
RMR*IK*397820070926*PI*113.65*113.65*0
REF*PO*0020070927
REF*ST*03978
REF*DP*043
DTM*999*20070926
RMR*IK*399420070920*PI*10.5*10.5*0
REF*PO*0020070921
REF*ST*03994
REF*DP*043
DTM*999*20070920
RMR*IK*399420070921*PI*24.65*24.65*0
REF*PO*0020070922
REF*ST*03994
REF*DP*043
DTM*999*20070921
RMR*IK*399420070922*PI*14.1*14.1*0
REF*PO*0020070923
REF*ST*03994
REF*DP*043
DTM*999*20070922
RMR*IK*399420070923*PI*56.95*56.95*0
REF*PO*0020070924
REF*ST*03994
REF*DP*043
DTM*999*20070923
RMR*IK*399420070924*PI*19.6*19.6*0
REF*PO*0020070925
REF*ST*03994
REF*DP*043
DTM*999*20070924
RMR*IK*399420070925*PI*17.45*17.45*0
REF*PO*0020070926
REF*ST*03994
REF*DP*043
DTM*999*20070925
RMR*IK*399420070926*PI*17.15*17.15*0
REF*PO*0020070927
REF*ST*03994
REF*DP*043
DTM*999*20070926
RMR*IK*399620070920*PI*32.35*32.35*0
REF*PO*0020070921
REF*ST*03996
REF*DP*043
DTM*999*20070920
RMR*IK*399620070921*PI*65.25*65.25*0
REF*PO*0020070922
REF*ST*03996
REF*DP*043
DTM*999*20070921
RMR*IK*399620070922*PI*34.2*34.2*0
REF*PO*0020070923
REF*ST*03996
REF*DP*043
DTM*999*20070922
RMR*IK*399620070923*PI*13.5*13.5*0
REF*PO*0020070924
REF*ST*03996
REF*DP*043
DTM*999*20070923
RMR*IK*399620070924*PI*40.6*40.6*0
REF*PO*0020070925
REF*ST*03996
REF*DP*043
DTM*999*20070924
RMR*IK*399620070925*PI*17.75*17.75*0
REF*PO*0020070926
REF*ST*03996
REF*DP*043
DTM*999*20070925
RMR*IK*399620070926*PI*15.45*15.45*0
REF*PO*0020070927
REF*ST*03996
REF*DP*043
DTM*999*20070926
RMR*IK*403320070920*PI*12*12*0
REF*PO*0020070921
REF*ST*04033
REF*DP*043
DTM*999*20070920
RMR*IK*403320070921*PI*8*8*0
REF*PO*0020070922
REF*ST*04033
REF*DP*043
DTM*999*20070921
RMR*IK*407120070920*PI*41.65*41.65*0
REF*PO*0020070921
REF*ST*04071
REF*DP*043
DTM*999*20070920
RMR*IK*407120070921*PI*47.2*47.2*0
REF*PO*0020070922
REF*ST*04071
REF*DP*043
DTM*999*20070921
RMR*IK*407120070922*PI*16.9*16.9*0
REF*PO*0020070923
REF*ST*04071
REF*DP*043
DTM*999*20070922
RMR*IK*407120070923*PI*11.3*11.3*0
REF*PO*0020070924
REF*ST*04071
REF*DP*043
DTM*999*20070923
RMR*IK*407120070924*PI*58.05*58.05*0
REF*PO*0020070925
REF*ST*04071
REF*DP*043
DTM*999*20070924
RMR*IK*407120070925*PI*75.05*75.05*0
REF*PO*0020070926
REF*ST*04071
REF*DP*043
DTM*999*20070925
RMR*IK*407120070926*PI*29.45*29.45*0
REF*PO*0020070927
REF*ST*04071
REF*DP*043
DTM*999*20070926
RMR*IK*409320070920*PI*83.2*83.2*0
REF*PO*0020070921
REF*ST*04093
REF*DP*043
DTM*999*20070920
RMR*IK*409320070921*PI*143.8*143.8*0
REF*PO*0020070922
REF*ST*04093
REF*DP*043
DTM*999*20070921
RMR*IK*409320070922*PI*76.9*76.9*0
REF*PO*0020070923
REF*ST*04093
REF*DP*043
DTM*999*20070922
RMR*IK*409320070923*PI*65*65*0
REF*PO*0020070924
REF*ST*04093
REF*DP*043
DTM*999*20070923
RMR*IK*409320070924*PI*58.7*58.7*0
REF*PO*0020070925
REF*ST*04093
REF*DP*043
DTM*999*20070924
RMR*IK*409320070925*PI*96.1*96.1*0
REF*PO*0020070926
REF*ST*04093
REF*DP*043
DTM*999*20070925
RMR*IK*409320070926*PI*73*73*0
REF*PO*0020070927
REF*ST*04093
REF*DP*043
DTM*999*20070926
RMR*IK*410320070920*PI*24.8*24.8*0
REF*PO*0020070921
REF*ST*04103
REF*DP*043
DTM*999*20070920
RMR*IK*410320070921*PI*58.35*58.35*0
REF*PO*0020070922
REF*ST*04103
REF*DP*043
DTM*999*20070921
RMR*IK*410320070922*PI*34.35*34.35*0
REF*PO*0020070923
REF*ST*04103
REF*DP*043
DTM*999*20070922
RMR*IK*410320070923*PI*42.6*42.6*0
REF*PO*0020070924
REF*ST*04103
REF*DP*043
DTM*999*20070923
RMR*IK*410320070924*PI*49.4*49.4*0
REF*PO*0020070925
REF*ST*04103
REF*DP*043
DTM*999*20070924
RMR*IK*410320070925*PI*28.05*28.05*0
REF*PO*0020070926
REF*ST*04103
REF*DP*043
DTM*999*20070925
RMR*IK*410320070926*PI*47.65*47.65*0
REF*PO*0020070927
REF*ST*04103
REF*DP*043
DTM*999*20070926
RMR*IK*412220070920*PI*4.9*4.9*0
REF*PO*0020070921
REF*ST*04122
REF*DP*043
DTM*999*20070920
RMR*IK*412220070921*PI*9.71*9.71*0
REF*PO*0020070922
REF*ST*04122
REF*DP*043
DTM*999*20070921
RMR*IK*412220070922*PI*16.55*16.55*0
REF*PO*0020070923
REF*ST*04122
REF*DP*043
DTM*999*20070922
RMR*IK*412220070923*PI*28.63*28.63*0
REF*PO*0020070924
REF*ST*04122
REF*DP*043
DTM*999*20070923
RMR*IK*412220070924*PI*21.56*21.56*0
REF*PO*0020070925
REF*ST*04122
REF*DP*043
DTM*999*20070924
RMR*IK*412220070925*PI*1.15*1.15*0
REF*PO*0020070926
REF*ST*04122
REF*DP*043
DTM*999*20070925
RMR*IK*412220070926*PI*18.25*18.25*0
REF*PO*0020070927
REF*ST*04122
REF*DP*043
DTM*999*20070926
RMR*IK*418920070920*PI*47.55*47.55*0
REF*PO*0020070921
REF*ST*04189
REF*DP*043
DTM*999*20070920
RMR*IK*418920070921*PI*56.4*56.4*0
REF*PO*0020070922
REF*ST*04189
REF*DP*043
DTM*999*20070921
RMR*IK*418920070922*PI*76.2*76.2*0
REF*PO*0020070923
REF*ST*04189
REF*DP*043
DTM*999*20070922
RMR*IK*418920070924*PI*79.55*79.55*0
REF*PO*0020070925
REF*ST*04189
REF*DP*043
DTM*999*20070924
RMR*IK*418920070925*PI*23.2*23.2*0
REF*PO*0020070926
REF*ST*04189
REF*DP*043
DTM*999*20070925
RMR*IK*418920070926*PI*4.9*4.9*0
REF*PO*0020070928
REF*ST*04189
REF*DP*043
DTM*999*20070926
RMR*IK*418920070926*PI*40.2*40.2*0
REF*PO*0020070927
REF*ST*04189
REF*DP*043
DTM*999*20070926
RMR*IK*419820070920*PI*74.5*74.5*0
REF*PO*0020070921
REF*ST*04198
REF*DP*043
DTM*999*20070920
RMR*IK*419820070921*PI*46.9*46.9*0
REF*PO*0020070922
REF*ST*04198
REF*DP*043
DTM*999*20070921
RMR*IK*419820070922*PI*96.95*96.95*0
REF*PO*0020070923
REF*ST*04198
REF*DP*043
DTM*999*20070922
RMR*IK*419820070923*PI*43.25*43.25*0
REF*PO*0020070924
REF*ST*04198
REF*DP*043
DTM*999*20070923
RMR*IK*419820070924*PI*55.1*55.1*0
REF*PO*0020070925
REF*ST*04198
REF*DP*043
DTM*999*20070924
RMR*IK*419820070925*PI*24.05*24.05*0
REF*PO*0020070926
REF*ST*04198
REF*DP*043
DTM*999*20070925
RMR*IK*419820070926*PI*6.75*6.75*0
REF*PO*0020070927
REF*ST*04198
REF*DP*043
DTM*999*20070926
RMR*IK*424420070920*PI*61.65*61.65*0
REF*PO*0020070921
REF*ST*04244
REF*DP*043
DTM*999*20070920
RMR*IK*424420070921*PI*164.2*164.2*0
REF*PO*0020070922
REF*ST*04244
REF*DP*043
DTM*999*20070921
RMR*IK*424420070922*PI*64.8*64.8*0
REF*PO*0020070923
REF*ST*04244
REF*DP*043
DTM*999*20070922
RMR*IK*424420070923*PI*81.15*81.15*0
REF*PO*0020070924
REF*ST*04244
REF*DP*043
DTM*999*20070923
RMR*IK*424420070924*PI*127.45*127.45*0
REF*PO*0020070925
REF*ST*04244
REF*DP*043
DTM*999*20070924
RMR*IK*424420070925*PI*42.55*42.55*0
REF*PO*0020070926
REF*ST*04244
REF*DP*043
DTM*999*20070925
RMR*IK*424420070926*PI*125.4*125.4*0
REF*PO*0020070927
REF*ST*04244
REF*DP*043
DTM*999*20070926
RMR*IK*430820070920*PI*24.3*24.3*0
REF*PO*0020070921
REF*ST*04308
REF*DP*043
DTM*999*20070920
RMR*IK*430820070921*PI*39.75*39.75*0
REF*PO*0020070922
REF*ST*04308
REF*DP*043
DTM*999*20070921
RMR*IK*430820070922*PI*61*61*0
REF*PO*0020070923
REF*ST*04308
REF*DP*043
DTM*999*20070922
RMR*IK*430820070923*PI*4.9*4.9*0
REF*PO*0020070924
REF*ST*04308
REF*DP*043
DTM*999*20070923
RMR*IK*430820070924*PI*40.6*40.6*0
REF*PO*0020070925
REF*ST*04308
REF*DP*043
DTM*999*20070924
RMR*IK*430820070925*PI*36*36*0
REF*PO*0020070926
REF*ST*04308
REF*DP*043
DTM*999*20070925
RMR*IK*430820070926*PI*85.25*85.25*0
REF*PO*0020070927
REF*ST*04308
REF*DP*043
DTM*999*20070926
RMR*IK*447520070920*PI*38.9*38.9*0
REF*PO*0020070921
REF*ST*04475
REF*DP*043
DTM*999*20070920
RMR*IK*447520070921*PI*32.05*32.05*0
REF*PO*0020070922
REF*ST*04475
REF*DP*043
DTM*999*20070921
RMR*IK*447520070922*PI*34.65*34.65*0
REF*PO*0020070923
REF*ST*04475
REF*DP*043
DTM*999*20070922
RMR*IK*447520070923*PI*30.3*30.3*0
REF*PO*0020070924
REF*ST*04475
REF*DP*043
DTM*999*20070923
RMR*IK*447520070924*PI*7.9*7.9*0
REF*PO*0020070925
REF*ST*04475
REF*DP*043
DTM*999*20070924
RMR*IK*447520070925*PI*44.1*44.1*0
REF*PO*0020070926
REF*ST*04475
REF*DP*043
DTM*999*20070925
RMR*IK*447520070926*PI*16.45*16.45*0
REF*PO*0020070927
REF*ST*04475
REF*DP*043
DTM*999*20070926
RMR*IK*448920070921*PI*4*4*0
REF*PO*0020070922
REF*ST*04489
REF*DP*043
DTM*999*20070921
RMR*IK*448920070922*PI*4*4*0
REF*PO*0020070923
REF*ST*04489
REF*DP*043
DTM*999*20070922
RMR*IK*448920070923*PI*4*4*0
REF*PO*0020070924
REF*ST*04489
REF*DP*043
DTM*999*20070923
RMR*IK*448920070924*PI*7.9*7.9*0
REF*PO*0020070925
REF*ST*04489
REF*DP*043
DTM*999*20070924
RMR*IK*448920070925*PI*42.65*42.65*0
REF*PO*0020070926
REF*ST*04489
REF*DP*043
DTM*999*20070925
RMR*IK*448920070926*PI*11.75*11.75*0
REF*PO*0020070927
REF*ST*04489
REF*DP*043
DTM*999*20070926
RMR*IK*471720070920*PI*17.85*17.85*0
REF*PO*0020070921
REF*ST*04717
REF*DP*043
DTM*999*20070920
RMR*IK*471720070921*PI*61.1*61.1*0
REF*PO*0020070922
REF*ST*04717
REF*DP*043
DTM*999*20070921
RMR*IK*471720070922*PI*96.65*96.65*0
REF*PO*0020070923
REF*ST*04717
REF*DP*043
DTM*999*20070922
RMR*IK*471720070923*PI*82.5*82.5*0
REF*PO*0020070924
REF*ST*04717
REF*DP*043
DTM*999*20070923
RMR*IK*471720070924*PI*32.55*32.55*0
REF*PO*0020070925
REF*ST*04717
REF*DP*043
DTM*999*20070924
RMR*IK*471720070925*PI*4.5*4.5*0
REF*PO*0020070926
REF*ST*04717
REF*DP*043
DTM*999*20070925
RMR*IK*471720070926*PI*21.95*21.95*0
REF*PO*0020070927
REF*ST*04717
REF*DP*043
DTM*999*20070926
RMR*IK*471920070920*PI*128.7*128.7*0
REF*PO*0020070921
REF*ST*04719
REF*DP*043
DTM*999*20070920
RMR*IK*471920070921*PI*128*128*0
REF*PO*0020070922
REF*ST*04719
REF*DP*043
DTM*999*20070921
RMR*IK*471920070922*PI*126.25*126.25*0
REF*PO*0020070923
REF*ST*04719
REF*DP*043
DTM*999*20070922
RMR*IK*471920070923*PI*180*180*0
REF*PO*0020070924
REF*ST*04719
REF*DP*043
DTM*999*20070923
RMR*IK*471920070924*PI*94.75*94.75*0
REF*PO*0020070925
REF*ST*04719
REF*DP*043
DTM*999*20070924
RMR*IK*471920070925*PI*109.6*109.6*0
REF*PO*0020070926
REF*ST*04719
REF*DP*043
DTM*999*20070925
RMR*IK*471920070926*PI*83.85*83.85*0
REF*PO*0020070927
REF*ST*04719
REF*DP*043
DTM*999*20070926
RMR*IK*471920071018*PI*-2.3*-2.3*0
REF*PO*0020071019
REF*ST*04719
REF*DP*043
DTM*999*20071018
RMR*IK*472320070920*PI*2.45*2.45*0
REF*PO*0020070921
REF*ST*04723
REF*DP*043
DTM*999*20070920
RMR*IK*472320070921*PI*4.45*4.45*0
REF*PO*0020070922
REF*ST*04723
REF*DP*043
DTM*999*20070921
RMR*IK*472320070922*PI*27.15*27.15*0
REF*PO*0020070923
REF*ST*04723
REF*DP*043
DTM*999*20070922
RMR*IK*472320070924*PI*7.35*7.35*0
REF*PO*0020070925
REF*ST*04723
REF*DP*043
DTM*999*20070924
RMR*IK*472320070925*PI*3.36*3.36*0
REF*PO*0020070926
REF*ST*04723
REF*DP*043
DTM*999*20070925
RMR*IK*472320070926*PI*11.32*11.32*0
REF*PO*0020070927
REF*ST*04723
REF*DP*043
DTM*999*20070926
RMR*IK*473920070920*PI*26.8*26.8*0
REF*PO*0020070921
REF*ST*04739
REF*DP*043
DTM*999*20070920
RMR*IK*473920070922*PI*7*7*0
REF*PO*0020070923
REF*ST*04739
REF*DP*043
DTM*999*20070922
RMR*IK*473920070926*PI*4.2*4.2*0
REF*PO*0020070927
REF*ST*04739
REF*DP*043
DTM*999*20070926
RMR*IK*475320070920*PI*17.1*17.1*0
REF*PO*0020070921
REF*ST*04753
REF*DP*043
DTM*999*20070920
RMR*IK*475320070921*PI*4.9*4.9*0
REF*PO*0020070922
REF*ST*04753
REF*DP*043
DTM*999*20070921
RMR*IK*475320070922*PI*7.7*7.7*0
REF*PO*0020070923
REF*ST*04753
REF*DP*043
DTM*999*20070922
RMR*IK*475320070923*PI*1.4*1.4*0
REF*PO*0020070924
REF*ST*04753
REF*DP*043
DTM*999*20070923
RMR*IK*475320070925*PI*2.8*2.8*0
REF*PO*0020070926
REF*ST*04753
REF*DP*043
DTM*999*20070925
RMR*IK*475320070926*PI*1.15*1.15*0
REF*PO*0020070927
REF*ST*04753
REF*DP*043
DTM*999*20070926
RMR*IK*476020070922*PI*6.3*6.3*0
REF*PO*0020070923
REF*ST*04760
REF*DP*043
DTM*999*20070922
RMR*IK*476020070923*PI*4.25*4.25*0
REF*PO*0020070924
REF*ST*04760
REF*DP*043
DTM*999*20070923
RMR*IK*476920070921*PI*4.5*4.5*0
REF*PO*0020070922
REF*ST*04769
REF*DP*043
DTM*999*20070921
RMR*IK*476920070922*PI*9.35*9.35*0
REF*PO*0020070923
REF*ST*04769
REF*DP*043
DTM*999*20070922
RMR*IK*476920070923*PI*12*12*0
REF*PO*0020070924
REF*ST*04769
REF*DP*043
DTM*999*20070923
RMR*IK*476920070924*PI*2*2*0
REF*PO*0020070925
REF*ST*04769
REF*DP*043
DTM*999*20070924
RMR*IK*481720070921*PI*9*9*0
REF*PO*0020070922
REF*ST*04817
REF*DP*043
DTM*999*20070921
RMR*IK*481720070922*PI*2.45*2.45*0
REF*PO*0020070923
REF*ST*04817
REF*DP*043
DTM*999*20070922
RMR*IK*481720070925*PI*11.6*11.6*0
REF*PO*0020070926
REF*ST*04817
REF*DP*043
DTM*999*20070925
RMR*IK*488320070920*PI*15.2*15.2*0
REF*PO*0020070921
REF*ST*04883
REF*DP*043
DTM*999*20070920
RMR*IK*488320070923*PI*25.75*25.75*0
REF*PO*0020070924
REF*ST*04883
REF*DP*043
DTM*999*20070923
RMR*IK*488320070926*PI*4*4*0
REF*PO*0020070927
REF*ST*04883
REF*DP*043
DTM*999*20070926
RMR*IK*488320071015*PI*-8.9*-8.9*0
REF*PO*0020071016
REF*ST*04883
REF*DP*043
DTM*999*20071015
RMR*IK*489820070920*PI*82.6*82.6*0
REF*PO*0020070921
REF*ST*04898
REF*DP*043
DTM*999*20070920
RMR*IK*489820070921*PI*15.85*15.85*0
REF*PO*0020070922
REF*ST*04898
REF*DP*043
DTM*999*20070921
RMR*IK*489820070922*PI*71.9*71.9*0
REF*PO*0020070923
REF*ST*04898
REF*DP*043
DTM*999*20070922
RMR*IK*489820070923*PI*9.8*9.8*0
REF*PO*0020070924
REF*ST*04898
REF*DP*043
DTM*999*20070923
RMR*IK*489820070924*PI*2.45*2.45*0
REF*PO*0020070925
REF*ST*04898
REF*DP*043
DTM*999*20070924
RMR*IK*489820070925*PI*3.4*3.4*0
REF*PO*0020070926
REF*ST*04898
REF*DP*043
DTM*999*20070925
RMR*IK*489820070926*PI*19.4*19.4*0
REF*PO*0020070927
REF*ST*04898
REF*DP*043
DTM*999*20070926
RMR*IK*495320070921*PI*18.8*18.8*0
REF*PO*0020070922
REF*ST*04953
REF*DP*043
DTM*999*20070921
RMR*IK*495320070922*PI*23.45*23.45*0
REF*PO*0020070923
REF*ST*04953
REF*DP*043
DTM*999*20070922
RMR*IK*495320070923*PI*18.45*18.45*0
REF*PO*0020070924
REF*ST*04953
REF*DP*043
DTM*999*20070923
RMR*IK*495320070924*PI*11.6*11.6*0
REF*PO*0020070925
REF*ST*04953
REF*DP*043
DTM*999*20070924
RMR*IK*495320070926*PI*7.35*7.35*0
REF*PO*0020070927
REF*ST*04953
REF*DP*043
DTM*999*20070926
RMR*IK*497020070920*PI*18.3*18.3*0
REF*PO*0020070921
REF*ST*04970
REF*DP*043
DTM*999*20070920
RMR*IK*497020070921*PI*36.5*36.5*0
REF*PO*0020070922
REF*ST*04970
REF*DP*043
DTM*999*20070921
RMR*IK*497020070922*PI*35.25*35.25*0
REF*PO*0020070923
REF*ST*04970
REF*DP*043
DTM*999*20070922
RMR*IK*497020070923*PI*30.25*30.25*0
REF*PO*0020070924
REF*ST*04970
REF*DP*043
DTM*999*20070923
RMR*IK*497020070924*PI*24.4*24.4*0
REF*PO*0020070925
REF*ST*04970
REF*DP*043
DTM*999*20070924
RMR*IK*497020070925*PI*25.55*25.55*0
REF*PO*0020070926
REF*ST*04970
REF*DP*043
DTM*999*20070925
RMR*IK*502320070920*PI*19.55*19.55*0
REF*PO*0020070922
REF*ST*05023
REF*DP*043
DTM*999*20070920
RMR*IK*502320070921*PI*4.9*4.9*0
REF*PO*0020070923
REF*ST*05023
REF*DP*043
DTM*999*20070921
RMR*IK*502320070922*PI*28.4*28.4*0
REF*PO*0020070924
REF*ST*05023
REF*DP*043
DTM*999*20070922
RMR*IK*502320070923*PI*3.85*3.85*0
REF*PO*0020070925
REF*ST*05023
REF*DP*043
DTM*999*20070923
RMR*IK*502320070926*PI*17*17*0
REF*PO*0020070928
REF*ST*05023
REF*DP*043
DTM*999*20070926
RMR*IK*506620070924*PI*11.25*11.25*0
REF*PO*0020070926
REF*ST*05066
REF*DP*043
DTM*999*20070924
RMR*IK*506620070925*PI*2.45*2.45*0
REF*PO*0020070927
REF*ST*05066
REF*DP*043
DTM*999*20070925
RMR*IK*506620070926*PI*9.8*9.8*0
REF*PO*0020070928
REF*ST*05066
REF*DP*043
DTM*999*20070926
RMR*IK*507020070921*PI*4.6*4.6*0
REF*PO*0020070923
REF*ST*05070
REF*DP*043
DTM*999*20070921
RMR*IK*507020070922*PI*31.27*31.27*0
REF*PO*0020070924
REF*ST*05070
REF*DP*043
DTM*999*20070922
RMR*IK*507020070923*PI*13.8*13.8*0
REF*PO*0020070925
REF*ST*05070
REF*DP*043
DTM*999*20070923
RMR*IK*507020070924*PI*14.28*14.28*0
REF*PO*0020070926
REF*ST*05070
REF*DP*043
DTM*999*20070924
RMR*IK*507020070925*PI*3.45*3.45*0
REF*PO*0020070927
REF*ST*05070
REF*DP*043
DTM*999*20070925
RMR*IK*507020070926*PI*52.11*52.11*0
REF*PO*0020070928
REF*ST*05070
REF*DP*043
DTM*999*20070926
RMR*IK*507720070921*PI*9.8*9.8*0
REF*PO*0020070923
REF*ST*05077
REF*DP*043
DTM*999*20070921
RMR*IK*507720070923*PI*9*9*0
REF*PO*0020070925
REF*ST*05077
REF*DP*043
DTM*999*20070923
RMR*IK*507720070925*PI*2*2*0
REF*PO*0020070927
REF*ST*05077
REF*DP*043
DTM*999*20070925
RMR*IK*507720070926*PI*4.9*4.9*0
REF*PO*0020070928
REF*ST*05077
REF*DP*043
DTM*999*20070926
RMR*IK*702820070921*PI*19.6*19.6*0
REF*PO*0020070922
REF*ST*07028
REF*DP*043
DTM*999*20070921
RMR*IK*702820070922*PI*10*10*0
REF*PO*0020070923
REF*ST*07028
REF*DP*043
DTM*999*20070922
RMR*IK*702820070923*PI*2*2*0
REF*PO*0020070924
REF*ST*07028
REF*DP*043
DTM*999*20070923
RMR*IK*702820070925*PI*4.9*4.9*0
REF*PO*0020070926
REF*ST*07028
REF*DP*043
DTM*999*20070925
RMR*IK*704520070920*PI*52.8*52.8*0
REF*PO*0020070921
REF*ST*07045
REF*DP*043
DTM*999*20070920
RMR*IK*704520070921*PI*33.5*33.5*0
REF*PO*0020070922
REF*ST*07045
REF*DP*043
DTM*999*20070921
RMR*IK*704520070922*PI*33.4*33.4*0
REF*PO*0020070923
REF*ST*07045
REF*DP*043
DTM*999*20070922
RMR*IK*704520070923*PI*24.25*24.25*0
REF*PO*0020070924
REF*ST*07045
REF*DP*043
DTM*999*20070923
RMR*IK*704520070924*PI*28.55*28.55*0
REF*PO*0020070925
REF*ST*07045
REF*DP*043
DTM*999*20070924
RMR*IK*704520070925*PI*30.75*30.75*0
REF*PO*0020070926
REF*ST*07045
REF*DP*043
DTM*999*20070925
RMR*IK*704520070926*PI*23.45*23.45*0
REF*PO*0020070927
REF*ST*07045
REF*DP*043
DTM*999*20070926
RMR*IK*705920070920*PI*41*41*0
REF*PO*0020070921
REF*ST*07059
REF*DP*043
DTM*999*20070920
RMR*IK*705920070921*PI*35.9*35.9*0
REF*PO*0020070922
REF*ST*07059
REF*DP*043
DTM*999*20070921
RMR*IK*705920070922*PI*61.85*61.85*0
REF*PO*0020070923
REF*ST*07059
REF*DP*043
DTM*999*20070922
RMR*IK*705920070923*PI*8.05*8.05*0
REF*PO*0020070924
REF*ST*07059
REF*DP*043
DTM*999*20070923
RMR*IK*705920070924*PI*37.8*37.8*0
REF*PO*0020070925
REF*ST*07059
REF*DP*043
DTM*999*20070924
RMR*IK*705920070925*PI*2.45*2.45*0
REF*PO*0020070926
REF*ST*07059
REF*DP*043
DTM*999*20070925
RMR*IK*705920070926*PI*23.3*23.3*0
REF*PO*0020070927
REF*ST*07059
REF*DP*043
DTM*999*20070926
RMR*IK*706420070920*PI*27.7*27.7*0
REF*PO*0020070921
REF*ST*07064
REF*DP*043
DTM*999*20070920
RMR*IK*706420070921*PI*18.75*18.75*0
REF*PO*0020070922
REF*ST*07064
REF*DP*043
DTM*999*20070921
RMR*IK*706420070922*PI*46.6*46.6*0
REF*PO*0020070923
REF*ST*07064
REF*DP*043
DTM*999*20070922
RMR*IK*706420070923*PI*1.4*1.4*0
REF*PO*0020070924
REF*ST*07064
REF*DP*043
DTM*999*20070923
RMR*IK*706420070924*PI*4.25*4.25*0
REF*PO*0020070925
REF*ST*07064
REF*DP*043
DTM*999*20070924
RMR*IK*706420070925*PI*30.9*30.9*0
REF*PO*0020070926
REF*ST*07064
REF*DP*043
DTM*999*20070925
RMR*IK*706420070926*PI*6.2*6.2*0
REF*PO*0020070927
REF*ST*07064
REF*DP*043
DTM*999*20070926
RMR*IK*706620070920*PI*77.1*77.1*0
REF*PO*0020070921
REF*ST*07066
REF*DP*043
DTM*999*20070920
RMR*IK*706620070921*PI*105.55*105.55*0
REF*PO*0020070922
REF*ST*07066
REF*DP*043
DTM*999*20070921
RMR*IK*706620070922*PI*126.75*126.75*0
REF*PO*0020070923
REF*ST*07066
REF*DP*043
DTM*999*20070922
RMR*IK*706620070923*PI*69.25*69.25*0
REF*PO*0020070924
REF*ST*07066
REF*DP*043
DTM*999*20070923
RMR*IK*706620070924*PI*54.7*54.7*0
REF*PO*0020070925
REF*ST*07066
REF*DP*043
DTM*999*20070924
RMR*IK*706620070925*PI*110.65*110.65*0
REF*PO*0020070926
REF*ST*07066
REF*DP*043
DTM*999*20070925
RMR*IK*706620070926*PI*60.3*60.3*0
REF*PO*0020070927
REF*ST*07066
REF*DP*043
DTM*999*20070926
RMR*IK*706920070920*PI*5.9*5.9*0
REF*PO*0020070921
REF*ST*07069
REF*DP*043
DTM*999*20070920
RMR*IK*706920070921*PI*28.05*28.05*0
REF*PO*0020070922
REF*ST*07069
REF*DP*043
DTM*999*20070921
RMR*IK*706920070922*PI*12.9*12.9*0
REF*PO*0020070923
REF*ST*07069
REF*DP*043
DTM*999*20070922
RMR*IK*706920070923*PI*11.65*11.65*0
REF*PO*0020070924
REF*ST*07069
REF*DP*043
DTM*999*20070923
RMR*IK*706920070924*PI*12.65*12.65*0
REF*PO*0020070925
REF*ST*07069
REF*DP*043
DTM*999*20070924
RMR*IK*706920070925*PI*23.65*23.65*0
REF*PO*0020070926
REF*ST*07069
REF*DP*043
DTM*999*20070925
RMR*IK*706920070926*PI*33.65*33.65*0
REF*PO*0020070927
REF*ST*07069
REF*DP*043
DTM*999*20070926
RMR*IK*707620070920*PI*43.1*43.1*0
REF*PO*0020070921
REF*ST*07076
REF*DP*043
DTM*999*20070920
RMR*IK*707620070921*PI*24.2*24.2*0
REF*PO*0020070922
REF*ST*07076
REF*DP*043
DTM*999*20070921
RMR*IK*707620070922*PI*57.75*57.75*0
REF*PO*0020070923
REF*ST*07076
REF*DP*043
DTM*999*20070922
RMR*IK*707620070923*PI*59.25*59.25*0
REF*PO*0020070924
REF*ST*07076
REF*DP*043
DTM*999*20070923
RMR*IK*707620070924*PI*19*19*0
REF*PO*0020070925
REF*ST*07076
REF*DP*043
DTM*999*20070924
RMR*IK*707620070925*PI*21.15*21.15*0
REF*PO*0020070926
REF*ST*07076
REF*DP*043
DTM*999*20070925
RMR*IK*707620070926*PI*8.45*8.45*0
REF*PO*0020070927
REF*ST*07076
REF*DP*043
DTM*999*20070926
RMR*IK*713220070920*PI*80.1*80.1*0
REF*PO*0020070921
REF*ST*07132
REF*DP*043
DTM*999*20070920
RMR*IK*713220070921*PI*48.25*48.25*0
REF*PO*0020070922
REF*ST*07132
REF*DP*043
DTM*999*20070921
RMR*IK*713220070922*PI*48.65*48.65*0
REF*PO*0020070923
REF*ST*07132
REF*DP*043
DTM*999*20070922
RMR*IK*713220070923*PI*41.8*41.8*0
REF*PO*0020070924
REF*ST*07132
REF*DP*043
DTM*999*20070923
RMR*IK*713220070924*PI*5.25*5.25*0
REF*PO*0020070925
REF*ST*07132
REF*DP*043
DTM*999*20070924
RMR*IK*713220070925*PI*30.45*30.45*0
REF*PO*0020070926
REF*ST*07132
REF*DP*043
DTM*999*20070925
RMR*IK*713220070926*PI*13.3*13.3*0
REF*PO*0020070927
REF*ST*07132
REF*DP*043
DTM*999*20070926
RMR*IK*714620070920*PI*13.7*13.7*0
REF*PO*0020070921
REF*ST*07146
REF*DP*043
DTM*999*20070920
RMR*IK*714620070924*PI*8.5*8.5*0
REF*PO*0020070925
REF*ST*07146
REF*DP*043
DTM*999*20070924
RMR*IK*715420070920*PI*48.7*48.7*0
REF*PO*0020070921
REF*ST*07154
REF*DP*043
DTM*999*20070920
RMR*IK*715420070921*PI*23.45*23.45*0
REF*PO*0020070922
REF*ST*07154
REF*DP*043
DTM*999*20070921
RMR*IK*715420070922*PI*66.85*66.85*0
REF*PO*0020070923
REF*ST*07154
REF*DP*043
DTM*999*20070922
RMR*IK*715420070923*PI*63.8*63.8*0
REF*PO*0020070924
REF*ST*07154
REF*DP*043
DTM*999*20070923
RMR*IK*715420070924*PI*7.35*7.35*0
REF*PO*0020070925
REF*ST*07154
REF*DP*043
DTM*999*20070924
RMR*IK*716020070920*PI*7.25*7.25*0
REF*PO*0020070921
REF*ST*07160
REF*DP*043
DTM*999*20070920
RMR*IK*716020070921*PI*49.35*49.35*0
REF*PO*0020070922
REF*ST*07160
REF*DP*043
DTM*999*20070921
RMR*IK*716020070922*PI*43.7*43.7*0
REF*PO*0020070923
REF*ST*07160
REF*DP*043
DTM*999*20070922
RMR*IK*716020070923*PI*30*30*0
REF*PO*0020070924
REF*ST*07160
REF*DP*043
DTM*999*20070923
RMR*IK*716020070924*PI*31.3*31.3*0
REF*PO*0020070925
REF*ST*07160
REF*DP*043
DTM*999*20070924
RMR*IK*716020070925*PI*27.45*27.45*0
REF*PO*0020070926
REF*ST*07160
REF*DP*043
DTM*999*20070925
RMR*IK*716020070926*PI*30*30*0
REF*PO*0020070927
REF*ST*07160
REF*DP*043
DTM*999*20070926
RMR*IK*723920070920*PI*23.5*23.5*0
REF*PO*0020070921
REF*ST*07239
REF*DP*043
DTM*999*20070920
RMR*IK*723920070921*PI*20.3*20.3*0
REF*PO*0020070922
REF*ST*07239
REF*DP*043
DTM*999*20070921
RMR*IK*723920070922*PI*16.7*16.7*0
REF*PO*0020070923
REF*ST*07239
REF*DP*043
DTM*999*20070922
RMR*IK*723920070923*PI*45.4*45.4*0
REF*PO*0020070924
REF*ST*07239
REF*DP*043
DTM*999*20070923
RMR*IK*723920070924*PI*27.3*27.3*0
REF*PO*0020070925
REF*ST*07239
REF*DP*043
DTM*999*20070924
RMR*IK*725520070920*PI*43.95*43.95*0
REF*PO*0020070921
REF*ST*07255
REF*DP*043
DTM*999*20070920
RMR*IK*725520070921*PI*76.3*76.3*0
REF*PO*0020070922
REF*ST*07255
REF*DP*043
DTM*999*20070921
RMR*IK*725520070922*PI*72.85*72.85*0
REF*PO*0020070923
REF*ST*07255
REF*DP*043
DTM*999*20070922
RMR*IK*725520070923*PI*21.55*21.55*0
REF*PO*0020070924
REF*ST*07255
REF*DP*043
DTM*999*20070923
RMR*IK*725520070924*PI*27.55*27.55*0
REF*PO*0020070925
REF*ST*07255
REF*DP*043
DTM*999*20070924
RMR*IK*725520070925*PI*45.8*45.8*0
REF*PO*0020070926
REF*ST*07255
REF*DP*043
DTM*999*20070925
RMR*IK*725520070926*PI*73.8*73.8*0
REF*PO*0020070927
REF*ST*07255
REF*DP*043
DTM*999*20070926
RMR*IK*735420070920*PI*41*41*0
REF*PO*0020070921
REF*ST*07354
REF*DP*043
DTM*999*20070920
RMR*IK*735420070921*PI*31.7*31.7*0
REF*PO*0020070922
REF*ST*07354
REF*DP*043
DTM*999*20070921
RMR*IK*735420070922*PI*41.7*41.7*0
REF*PO*0020070923
REF*ST*07354
REF*DP*043
DTM*999*20070922
RMR*IK*735420070923*PI*31.9*31.9*0
REF*PO*0020070924
REF*ST*07354
REF*DP*043
DTM*999*20070923
RMR*IK*735420070924*PI*50.6*50.6*0
REF*PO*0020070925
REF*ST*07354
REF*DP*043
DTM*999*20070924
RMR*IK*735420070925*PI*2.3*2.3*0
REF*PO*0020070926
REF*ST*07354
REF*DP*043
DTM*999*20070925
RMR*IK*735420070926*PI*35.55*35.55*0
REF*PO*0020070927
REF*ST*07354
REF*DP*043
DTM*999*20070926
RMR*IK*735820070920*PI*113.55*113.55*0
REF*PO*0020070921
REF*ST*07358
REF*DP*043
DTM*999*20070920
RMR*IK*735820070921*PI*102.15*102.15*0
REF*PO*0020070922
REF*ST*07358
REF*DP*043
DTM*999*20070921
RMR*IK*735820070922*PI*123.45*123.45*0
REF*PO*0020070923
REF*ST*07358
REF*DP*043
DTM*999*20070922
RMR*IK*735820070923*PI*134.45*134.45*0
REF*PO*0020070924
REF*ST*07358
REF*DP*043
DTM*999*20070923
RMR*IK*735820070924*PI*111.65*111.65*0
REF*PO*0020070925
REF*ST*07358
REF*DP*043
DTM*999*20070924
RMR*IK*735820070925*PI*126.4*126.4*0
REF*PO*0020070926
REF*ST*07358
REF*DP*043
DTM*999*20070925
RMR*IK*735820070926*PI*44.95*44.95*0
REF*PO*0020070927
REF*ST*07358
REF*DP*043
DTM*999*20070926
RMR*IK*736020070921*PI*15.32*15.32*0
REF*PO*0020070922
REF*ST*07360
REF*DP*043
DTM*999*20070921
RMR*IK*736020070922*PI*4.5*4.5*0
REF*PO*0020070923
REF*ST*07360
REF*DP*043
DTM*999*20070922
RMR*IK*736220070920*PI*23.3*23.3*0
REF*PO*0020070921
REF*ST*07362
REF*DP*043
DTM*999*20070920
RMR*IK*736220070921*PI*15.55*15.55*0
REF*PO*0020070922
REF*ST*07362
REF*DP*043
DTM*999*20070921
RMR*IK*736220070922*PI*17.4*17.4*0
REF*PO*0020070923
REF*ST*07362
REF*DP*043
DTM*999*20070922
RMR*IK*736220070923*PI*36.65*36.65*0
REF*PO*0020070924
REF*ST*07362
REF*DP*043
DTM*999*20070923
RMR*IK*736220070924*PI*55.05*55.05*0
REF*PO*0020070925
REF*ST*07362
REF*DP*043
DTM*999*20070924
RMR*IK*736220070925*PI*29.15*29.15*0
REF*PO*0020070926
REF*ST*07362
REF*DP*043
DTM*999*20070925
RMR*IK*736220070926*PI*36.4*36.4*0
REF*PO*0020070927
REF*ST*07362
REF*DP*043
DTM*999*20070926
RMR*IK*738820070920*PI*66.3*66.3*0
REF*PO*0020070921
REF*ST*07388
REF*DP*043
DTM*999*20070920
RMR*IK*738820070921*PI*34.4*34.4*0
REF*PO*0020070922
REF*ST*07388
REF*DP*043
DTM*999*20070921
RMR*IK*738820070922*PI*52.3*52.3*0
REF*PO*0020070923
REF*ST*07388
REF*DP*043
DTM*999*20070922
RMR*IK*738820070923*PI*55.65*55.65*0
REF*PO*0020070924
REF*ST*07388
REF*DP*043
DTM*999*20070923
RMR*IK*738820070924*PI*16.2*16.2*0
REF*PO*0020070925
REF*ST*07388
REF*DP*043
DTM*999*20070924
RMR*IK*738820070925*PI*19.4*19.4*0
REF*PO*0020070926
REF*ST*07388
REF*DP*043
DTM*999*20070925
RMR*IK*738820070926*PI*22.15*22.15*0
REF*PO*0020070927
REF*ST*07388
REF*DP*043
DTM*999*20070926
RMR*IK*743720070920*PI*9.8*9.8*0
REF*PO*0020070921
REF*ST*07437
REF*DP*043
DTM*999*20070920
RMR*IK*743720070921*PI*17.95*17.95*0
REF*PO*0020070922
REF*ST*07437
REF*DP*043
DTM*999*20070921
RMR*IK*743720070922*PI*6.95*6.95*0
REF*PO*0020070923
REF*ST*07437
REF*DP*043
DTM*999*20070922
RMR*IK*746020070920*PI*25.4*25.4*0
REF*PO*0020070921
REF*ST*07460
REF*DP*043
DTM*999*20070920
RMR*IK*746020070921*PI*8.35*8.35*0
REF*PO*0020070922
REF*ST*07460
REF*DP*043
DTM*999*20070921
RMR*IK*746020070922*PI*45.35*45.35*0
REF*PO*0020070923
REF*ST*07460
REF*DP*043
DTM*999*20070922
RMR*IK*746020070923*PI*42.7*42.7*0
REF*PO*0020070924
REF*ST*07460
REF*DP*043
DTM*999*20070923
RMR*IK*746020070924*PI*35*35*0
REF*PO*0020070925
REF*ST*07460
REF*DP*043
DTM*999*20070924
RMR*IK*746020070925*PI*11.65*11.65*0
REF*PO*0020070926
REF*ST*07460
REF*DP*043
DTM*999*20070925
RMR*IK*746020070926*PI*7.05*7.05*0
REF*PO*0020070927
REF*ST*07460
REF*DP*043
DTM*999*20070926
RMR*IK*746120070920*PI*79.85*79.85*0
REF*PO*0020070921
REF*ST*07461
REF*DP*043
DTM*999*20070920
RMR*IK*746120070921*PI*65*65*0
REF*PO*0020070922
REF*ST*07461
REF*DP*043
DTM*999*20070921
RMR*IK*746120070922*PI*20.5*20.5*0
REF*PO*0020070923
REF*ST*07461
REF*DP*043
DTM*999*20070922
RMR*IK*746120070923*PI*10.15*10.15*0
REF*PO*0020070924
REF*ST*07461
REF*DP*043
DTM*999*20070923
RMR*IK*746120070924*PI*4.45*4.45*0
REF*PO*0020070925
REF*ST*07461
REF*DP*043
DTM*999*20070924
RMR*IK*746120070925*PI*38.55*38.55*0
REF*PO*0020070926
REF*ST*07461
REF*DP*043
DTM*999*20070925
RMR*IK*746120070926*PI*34.8*34.8*0
REF*PO*0020070927
REF*ST*07461
REF*DP*043
DTM*999*20070926
RMR*IK*755820070920*PI*18.95*18.95*0
REF*PO*0020070921
REF*ST*07558
REF*DP*043
DTM*999*20070920
RMR*IK*755820070922*PI*5.15*5.15*0
REF*PO*0020070923
REF*ST*07558
REF*DP*043
DTM*999*20070922
RMR*IK*755820070923*PI*17.7*17.7*0
REF*PO*0020070924
REF*ST*07558
REF*DP*043
DTM*999*20070923
RMR*IK*755820070924*PI*24.61*24.61*0
REF*PO*0020070925
REF*ST*07558
REF*DP*043
DTM*999*20070924
RMR*IK*755820070926*PI*10.42*10.42*0
REF*PO*0020070927
REF*ST*07558
REF*DP*043
DTM*999*20070926
RMR*IK*760720070920*PI*39.7*39.7*0
REF*PO*0020070921
REF*ST*07607
REF*DP*043
DTM*999*20070920
RMR*IK*760720070921*PI*73.1*73.1*0
REF*PO*0020070922
REF*ST*07607
REF*DP*043
DTM*999*20070921
RMR*IK*760720070922*PI*160.15*160.15*0
REF*PO*0020070923
REF*ST*07607
REF*DP*043
DTM*999*20070922
RMR*IK*760720070923*PI*38.9*38.9*0
REF*PO*0020070924
REF*ST*07607
REF*DP*043
DTM*999*20070923
RMR*IK*760720070924*PI*72.6*72.6*0
REF*PO*0020070925
REF*ST*07607
REF*DP*043
DTM*999*20070924
RMR*IK*760720070925*PI*27.95*27.95*0
REF*PO*0020070926
REF*ST*07607
REF*DP*043
DTM*999*20070925
RMR*IK*760720070926*PI*29.45*29.45*0
REF*PO*0020070927
REF*ST*07607
REF*DP*043
DTM*999*20070926
RMR*IK*761020070920*PI*104.95*104.95*0
REF*PO*0020070921
REF*ST*07610
REF*DP*043
DTM*999*20070920
RMR*IK*761020070921*PI*102*102*0
REF*PO*0020070922
REF*ST*07610
REF*DP*043
DTM*999*20070921
RMR*IK*761020070922*PI*101.4*101.4*0
REF*PO*0020070923
REF*ST*07610
REF*DP*043
DTM*999*20070922
RMR*IK*761020070923*PI*38.1*38.1*0
REF*PO*0020070924
REF*ST*07610
REF*DP*043
DTM*999*20070923
RMR*IK*761020070924*PI*13.25*13.25*0
REF*PO*0020070925
REF*ST*07610
REF*DP*043
DTM*999*20070924
RMR*IK*761020070925*PI*71.1*71.1*0
REF*PO*0020070926
REF*ST*07610
REF*DP*043
DTM*999*20070925
RMR*IK*761020070926*PI*93.2*93.2*0
REF*PO*0020070927
REF*ST*07610
REF*DP*043
DTM*999*20070926
RMR*IK*762920070920*PI*16.6*16.6*0
REF*PO*0020070921
REF*ST*07629
REF*DP*043
DTM*999*20070920
RMR*IK*762920070922*PI*2.45*2.45*0
REF*PO*0020070923
REF*ST*07629
REF*DP*043
DTM*999*20070922
RMR*IK*762920070923*PI*23.95*23.95*0
REF*PO*0020070924
REF*ST*07629
REF*DP*043
DTM*999*20070923
RMR*IK*762920070925*PI*11.3*11.3*0
REF*PO*0020070926
REF*ST*07629
REF*DP*043
DTM*999*20070925
RMR*IK*763720070921*PI*4.5*4.5*0
REF*PO*0020070922
REF*ST*07637
REF*DP*043
DTM*999*20070921
RMR*IK*771820070920*PI*19.8*19.8*0
REF*PO*0020070921
REF*ST*07718
REF*DP*043
DTM*999*20070920
RMR*IK*771820070921*PI*63.2*63.2*0
REF*PO*0020070922
REF*ST*07718
REF*DP*043
DTM*999*20070921
RMR*IK*771820070922*PI*97.4*97.4*0
REF*PO*0020070923
REF*ST*07718
REF*DP*043
DTM*999*20070922
RMR*IK*771820070923*PI*31.3*31.3*0
REF*PO*0020070924
REF*ST*07718
REF*DP*043
DTM*999*20070923
RMR*IK*771820070924*PI*15.65*15.65*0
REF*PO*0020070925
REF*ST*07718
REF*DP*043
DTM*999*20070924
RMR*IK*771820070925*PI*21.35*21.35*0
REF*PO*0020070926
REF*ST*07718
REF*DP*043
DTM*999*20070925
RMR*IK*771820070926*PI*11.9*11.9*0
REF*PO*0020070927
REF*ST*07718
REF*DP*043
DTM*999*20070926
RMR*IK*771920070920*PI*7.05*7.05*0
REF*PO*0020070921
REF*ST*07719
REF*DP*043
DTM*999*20070920
RMR*IK*771920070921*PI*16.15*16.15*0
REF*PO*0020070922
REF*ST*07719
REF*DP*043
DTM*999*20070921
RMR*IK*771920070922*PI*28.95*28.95*0
REF*PO*0020070923
REF*ST*07719
REF*DP*043
DTM*999*20070922
RMR*IK*771920070923*PI*8.5*8.5*0
REF*PO*0020070924
REF*ST*07719
REF*DP*043
DTM*999*20070923
RMR*IK*771920070924*PI*25.9*25.9*0
REF*PO*0020070925
REF*ST*07719
REF*DP*043
DTM*999*20070924
RMR*IK*771920070925*PI*18.2*18.2*0
REF*PO*0020070926
REF*ST*07719
REF*DP*043
DTM*999*20070925
RMR*IK*771920070926*PI*31.55*31.55*0
REF*PO*0020070927
REF*ST*07719
REF*DP*043
DTM*999*20070926
RMR*IK*921720070920*PI*25.25*25.25*0
REF*PO*0020070921
REF*ST*09217
REF*DP*043
DTM*999*20070920
RMR*IK*921720070921*PI*10.45*10.45*0
REF*PO*0020070922
REF*ST*09217
REF*DP*043
DTM*999*20070921
RMR*IK*921720070922*PI*26.15*26.15*0
REF*PO*0020070923
REF*ST*09217
REF*DP*043
DTM*999*20070922
RMR*IK*921720070923*PI*16.5*16.5*0
REF*PO*0020070924
REF*ST*09217
REF*DP*043
DTM*999*20070923
RMR*IK*921720070924*PI*24.4*24.4*0
REF*PO*0020070925
REF*ST*09217
REF*DP*043
DTM*999*20070924
RMR*IK*921720070925*PI*9.15*9.15*0
REF*PO*0020070926
REF*ST*09217
REF*DP*043
DTM*999*20070925
RMR*IK*951320070920*PI*23.2*23.2*0
REF*PO*0020070921
REF*ST*09513
REF*DP*043
DTM*999*20070920
RMR*IK*951320070921*PI*31.6*31.6*0
REF*PO*0020070922
REF*ST*09513
REF*DP*043
DTM*999*20070921
RMR*IK*951320070922*PI*89.9*89.9*0
REF*PO*0020070923
REF*ST*09513
REF*DP*043
DTM*999*20070922
RMR*IK*951320070923*PI*39.1*39.1*0
REF*PO*0020070924
REF*ST*09513
REF*DP*043
DTM*999*20070923
RMR*IK*951320070924*PI*26.75*26.75*0
REF*PO*0020070925
REF*ST*09513
REF*DP*043
DTM*999*20070924
RMR*IK*951320070925*PI*6*6*0
REF*PO*0020070926
REF*ST*09513
REF*DP*043
DTM*999*20070925
RMR*IK*951320070926*PI*17.05*17.05*0
REF*PO*0020070927
REF*ST*09513
REF*DP*043
DTM*999*20070926
RMR*IK*956020070920*PI*10.5*10.5*0
REF*PO*0020070921
REF*ST*09560
REF*DP*043
DTM*999*20070920
RMR*IK*956020070923*PI*1.4*1.4*0
REF*PO*0020070924
REF*ST*09560
REF*DP*043
DTM*999*20070923
RMR*IK*956020070925*PI*7.4*7.4*0
REF*PO*0020070926
REF*ST*09560
REF*DP*043
DTM*999*20070925
RMR*IK*957120070920*PI*2.45*2.45*0
REF*PO*0020070921
REF*ST*09571
REF*DP*043
DTM*999*20070920
RMR*IK*957120070921*PI*68.45*68.45*0
REF*PO*0020070922
REF*ST*09571
REF*DP*043
DTM*999*20070921
RMR*IK*957120070922*PI*45.6*45.6*0
REF*PO*0020070923
REF*ST*09571
REF*DP*043
DTM*999*20070922
RMR*IK*957120070923*PI*35.95*35.95*0
REF*PO*0020070924
REF*ST*09571
REF*DP*043
DTM*999*20070923
RMR*IK*957120070924*PI*18.65*18.65*0
REF*PO*0020070925
REF*ST*09571
REF*DP*043
DTM*999*20070924
RMR*IK*957120070925*PI*33.05*33.05*0
REF*PO*0020070926
REF*ST*09571
REF*DP*043
DTM*999*20070925
RMR*IK*957120070926*PI*45.9*45.9*0
REF*PO*0020070927
REF*ST*09571
REF*DP*043
DTM*999*20070926
RMR*IK*962020070920*PI*65.95*65.95*0
REF*PO*0020070921
REF*ST*09620
REF*DP*043
DTM*999*20070920
RMR*IK*962020070921*PI*54*54*0
REF*PO*0020070922
REF*ST*09620
REF*DP*043
DTM*999*20070921
RMR*IK*962020070922*PI*113.5*113.5*0
REF*PO*0020070923
REF*ST*09620
REF*DP*043
DTM*999*20070922
RMR*IK*962020070923*PI*66.9*66.9*0
REF*PO*0020070924
REF*ST*09620
REF*DP*043
DTM*999*20070923
RMR*IK*962020070924*PI*138.75*138.75*0
REF*PO*0020070925
REF*ST*09620
REF*DP*043
DTM*999*20070924
RMR*IK*962020070925*PI*53.7*53.7*0
REF*PO*0020070926
REF*ST*09620
REF*DP*043
DTM*999*20070925
RMR*IK*962020070926*PI*21.45*21.45*0
REF*PO*0020070927
REF*ST*09620
REF*DP*043
DTM*999*20070926
RMR*IK*962120070920*PI*99.8*99.8*0
REF*PO*0020070921
REF*ST*09621
REF*DP*043
DTM*999*20070920
RMR*IK*962120070921*PI*42.3*42.3*0
REF*PO*0020070922
REF*ST*09621
REF*DP*043
DTM*999*20070921
RMR*IK*962120070922*PI*88.5*88.5*0
REF*PO*0020070923
REF*ST*09621
REF*DP*043
DTM*999*20070922
RMR*IK*962120070923*PI*2*2*0
REF*PO*0020070924
REF*ST*09621
REF*DP*043
DTM*999*20070923
RMR*IK*962120070924*PI*65.05*65.05*0
REF*PO*0020070925
REF*ST*09621
REF*DP*043
DTM*999*20070924
RMR*IK*962120070925*PI*10.65*10.65*0
REF*PO*0020070926
REF*ST*09621
REF*DP*043
DTM*999*20070925
RMR*IK*962120070926*PI*12.25*12.25*0
REF*PO*0020070927
REF*ST*09621
REF*DP*043
DTM*999*20070926
RMR*IK*962220070921*PI*7.25*7.25*0
REF*PO*0020070922
REF*ST*09622
REF*DP*043
DTM*999*20070921
RMR*IK*962520070920*PI*49.8*49.8*0
REF*PO*0020070921
REF*ST*09625
REF*DP*043
DTM*999*20070920
RMR*IK*962520070921*PI*13.75*13.75*0
REF*PO*0020070922
REF*ST*09625
REF*DP*043
DTM*999*20070921
RMR*IK*962520070923*PI*35.8*35.8*0
REF*PO*0020070924
REF*ST*09625
REF*DP*043
DTM*999*20070923
RMR*IK*962520070924*PI*9.8*9.8*0
REF*PO*0020070925
REF*ST*09625
REF*DP*043
DTM*999*20070924
RMR*IK*962520070926*PI*8.5*8.5*0
REF*PO*0020070927
REF*ST*09625
REF*DP*043
DTM*999*20070926
RMR*IK*962920070920*PI*103.1*103.1*0
REF*PO*0020070921
REF*ST*09629
REF*DP*043
DTM*999*20070920
RMR*IK*962920070921*PI*57.95*57.95*0
REF*PO*0020070922
REF*ST*09629
REF*DP*043
DTM*999*20070921
RMR*IK*962920070922*PI*31.5*31.5*0
REF*PO*0020070923
REF*ST*09629
REF*DP*043
DTM*999*20070922
RMR*IK*962920070923*PI*88.55*88.55*0
REF*PO*0020070924
REF*ST*09629
REF*DP*043
DTM*999*20070923
RMR*IK*962920070924*PI*55.95*55.95*0
REF*PO*0020070925
REF*ST*09629
REF*DP*043
DTM*999*20070924
RMR*IK*962920070925*PI*38.4*38.4*0
REF*PO*0020070926
REF*ST*09629
REF*DP*043
DTM*999*20070925
RMR*IK*962920070926*PI*53.45*53.45*0
REF*PO*0020070927
REF*ST*09629
REF*DP*043
DTM*999*20070926
RMR*IK*963320070920*PI*70.55*70.55*0
REF*PO*0020070921
REF*ST*09633
REF*DP*043
DTM*999*20070920
RMR*IK*963320070921*PI*35.1*35.1*0
REF*PO*0020070922
REF*ST*09633
REF*DP*043
DTM*999*20070921
RMR*IK*963320070922*PI*95.95*95.95*0
REF*PO*0020070923
REF*ST*09633
REF*DP*043
DTM*999*20070922
RMR*IK*963320070923*PI*24.4*24.4*0
REF*PO*0020070924
REF*ST*09633
REF*DP*043
DTM*999*20070923
RMR*IK*963320070924*PI*4*4*0
REF*PO*0020070925
REF*ST*09633
REF*DP*043
DTM*999*20070924
RMR*IK*963320070925*PI*28*28*0
REF*PO*0020070926
REF*ST*09633
REF*DP*043
DTM*999*20070925
RMR*IK*963920070920*PI*15.3*15.3*0
REF*PO*0020070921
REF*ST*09639
REF*DP*043
DTM*999*20070920
RMR*IK*963920070922*PI*2.45*2.45*0
REF*PO*0020070923
REF*ST*09639
REF*DP*043
DTM*999*20070922
RMR*IK*963920070924*PI*3.85*3.85*0
REF*PO*0020070925
REF*ST*09639
REF*DP*043
DTM*999*20070924
RMR*IK*964820070920*PI*68.15*68.15*0
REF*PO*0020070921
REF*ST*09648
REF*DP*043
DTM*999*20070920
RMR*IK*964820070921*PI*62.8*62.8*0
REF*PO*0020070922
REF*ST*09648
REF*DP*043
DTM*999*20070921
RMR*IK*964820070922*PI*175.8*175.8*0
REF*PO*0020070923
REF*ST*09648
REF*DP*043
DTM*999*20070922
RMR*IK*964820070923*PI*71.3*71.3*0
REF*PO*0020070924
REF*ST*09648
REF*DP*043
DTM*999*20070923
RMR*IK*964820070924*PI*32.85*32.85*0
REF*PO*0020070925
REF*ST*09648
REF*DP*043
DTM*999*20070924
RMR*IK*964820070925*PI*62.3*62.3*0
REF*PO*0020070926
REF*ST*09648
REF*DP*043
DTM*999*20070925
RMR*IK*964820070926*PI*47.85*47.85*0
REF*PO*0020070927
REF*ST*09648
REF*DP*043
DTM*999*20070926
RMR*IK*967420070920*PI*47.35*47.35*0
REF*PO*0020070921
REF*ST*09674
REF*DP*043
DTM*999*20070920
RMR*IK*967420070921*PI*58.4*58.4*0
REF*PO*0020070922
REF*ST*09674
REF*DP*043
DTM*999*20070921
RMR*IK*967420070922*PI*117.3*117.3*0
REF*PO*0020070923
REF*ST*09674
REF*DP*043
DTM*999*20070922
RMR*IK*967420070923*PI*90.65*90.65*0
REF*PO*0020070924
REF*ST*09674
REF*DP*043
DTM*999*20070923
RMR*IK*967420070924*PI*36.25*36.25*0
REF*PO*0020070925
REF*ST*09674
REF*DP*043
DTM*999*20070924
RMR*IK*967420070925*PI*43.75*43.75*0
REF*PO*0020070926
REF*ST*09674
REF*DP*043
DTM*999*20070925
RMR*IK*967420070926*PI*108.1*108.1*0
REF*PO*0020070927
REF*ST*09674
REF*DP*043
DTM*999*20070926
RMR*IK*971420070920*PI*16.39*16.39*0
REF*PO*0020070921
REF*ST*09714
REF*DP*043
DTM*999*20070920
RMR*IK*971420070921*PI*29.5*29.5*0
REF*PO*0020070922
REF*ST*09714
REF*DP*043
DTM*999*20070921
RMR*IK*971420070922*PI*12.71*12.71*0
REF*PO*0020070923
REF*ST*09714
REF*DP*043
DTM*999*20070922
RMR*IK*971420070924*PI*9.35*9.35*0
REF*PO*0020070925
REF*ST*09714
REF*DP*043
DTM*999*20070924
RMR*IK*971420070925*PI*41.44*41.44*0
REF*PO*0020070926
REF*ST*09714
REF*DP*043
DTM*999*20070925
RMR*IK*971420070926*PI*20.13*20.13*0
REF*PO*0020070927
REF*ST*09714
REF*DP*043
DTM*999*20070926
RMR*IK*972820070920*PI*2.45*2.45*0
REF*PO*0020070921
REF*ST*09728
REF*DP*043
DTM*999*20070920
RMR*IK*972820070921*PI*22.6*22.6*0
REF*PO*0020070922
REF*ST*09728
REF*DP*043
DTM*999*20070921
RMR*IK*972820070922*PI*28.75*28.75*0
REF*PO*0020070923
REF*ST*09728
REF*DP*043
DTM*999*20070922
RMR*IK*972820070924*PI*17.6*17.6*0
REF*PO*0020070925
REF*ST*09728
REF*DP*043
DTM*999*20070924
RMR*IK*972820070925*PI*5.15*5.15*0
REF*PO*0020070926
REF*ST*09728
REF*DP*043
DTM*999*20070925
RMR*IK*972820070926*PI*2*2*0
REF*PO*0020070927
REF*ST*09728
REF*DP*043
DTM*999*20070926
RMR*IK*973520070922*PI*7.25*7.25*0
REF*PO*0020070923
REF*ST*09735
REF*DP*043
DTM*999*20070922
RMR*IK*975820070920*PI*6.85*6.85*0
REF*PO*0020070921
REF*ST*09758
REF*DP*043
DTM*999*20070920
RMR*IK*975820070921*PI*26.15*26.15*0
REF*PO*0020070922
REF*ST*09758
REF*DP*043
DTM*999*20070921
RMR*IK*975820070922*PI*145.05*145.05*0
REF*PO*0020070923
REF*ST*09758
REF*DP*043
DTM*999*20070922
RMR*IK*975820070923*PI*32.4*32.4*0
REF*PO*0020070924
REF*ST*09758
REF*DP*043
DTM*999*20070923
RMR*IK*975820070924*PI*55.1*55.1*0
REF*PO*0020070925
REF*ST*09758
REF*DP*043
DTM*999*20070924
RMR*IK*975820070925*PI*16.75*16.75*0
REF*PO*0020070926
REF*ST*09758
REF*DP*043
DTM*999*20070925
RMR*IK*975820070926*PI*34.65*34.65*0
REF*PO*0020070927
REF*ST*09758
REF*DP*043
DTM*999*20070926
SE*3274*0001
GE*1*1000091
IEA*1*001000091
ISA*00*          *00*          *08*9254291001     *12*6154525825     *071023*0421*U*00400*000000178*0*P*>
GS*PD*9254291001*6154525825*20071023*0421*178*X*004010
ST*852*0001
XQ*H*20071023
N9*AD*T00000040
LIN**IN*002904411*ZZ*43*UP*831664001160*****DG*1*VS*00000
ZA*QS***006*20071022
CTP**UCP*1.15
SDQ*EA*ZZ*3194*2*3348*2*3646*6*3672*6*3703*4*3713*2*3822*11*3836*2*3876*4*3941*13
SDQ*EA*ZZ*4093*31*4103*10*4122*2*4244*9*4308*3*4719*2*4760*1*7045*2*7066*3*7255*32
SDQ*EA*ZZ*7354*2*7358*20*7461*7*9571*2*9620*17*9629*5*9648*6*9674*3
CTT*1
SE*11*0001
ST*852*0002
XQ*H*20071023
N9*AD*T00000040
LIN**IN*016303311*ZZ*43*UP*831664001283*****DG*1*VS*00000
ZA*QS***006*20071022
CTP**UCP*9
SDQ*EA*ZZ*4244*-2
CTT*1
SE*9*0002
ST*852*0003
XQ*H*20071023
N9*AD*T00000040
LIN**IN*078857311*ZZ*43*UP*831664001337*****DG*1*VS*00000
ZA*QS***006*20071022
CTP**UCP*1.4
SDQ*EA*ZZ*3602*3*4103*2*4244*1*9571*1
LIN**IN*078857311*ZZ*43*UP*831664001337*****DG*8*VS*00000
ZA*QS***006*20071022
CTP**UCP*1.4
SDQ*EA*ZZ*9648*6
CTT*2
SE*13*0003
ST*852*0004
XQ*H*20071023
N9*AD*T00000040
LIN**IN*078857911*ZZ*43*UP*831664001344*****DG*1*VS*00000
ZA*QS***006*20071022
CTP**UCP*3.25
SDQ*EA*ZZ*3348*1*4244*2*9571*1
CTT*1
SE*9*0004
ST*852*0005
XQ*H*20071023
N9*AD*T00000040
LIN**IN*079180612*ZZ*43*UP*831664001368*****DG*1*VS*00000
ZA*QS***006*20071022
CTP**UCP*4.25
SDQ*EA*ZZ*3083*1*3194*2*3602*1*7064*1
LIN**IN*079180612*ZZ*43*UP*831664001368*****DG*4*VS*00000
ZA*QS***006*20071022
CTP**UCP*4.25
SDQ*EA*ZZ*4489*6
CTT*2
SE*13*0005
ST*852*0006
XQ*H*20071023
N9*AD*T00000040
LIN**IN*097095611*ZZ*43*UP*831664000019*****DG*1*VS*00000
ZA*QS***006*20071022
CTP**UCP*1.12
SDQ*EA*ZZ*4122*5
CTT*1
SE*9*0006
ST*852*0007
XQ*H*20071023
N9*AD*T00000040
LIN**IN*097096111*ZZ*43*UP*831664000330*****DG*1*VS*00000
ZA*QS***006*20071022
CTP**UCP*1.95
SDQ*EA*ZZ*3083*6*3941*1*4244*1*7362*2*9620*1*9674*6
CTT*1
SE*9*0007
ST*852*0008
XQ*H*20071023
N9*AD*T00000040
LIN**IN*097097611*ZZ*43*UP*831664000514*****DG*1*VS*00000
ZA*QS***006*20071022
CTP**UCP*1
SDQ*EA*ZZ*3348*1
CTT*1
SE*9*0008
ST*852*0009
XQ*H*20071023
N9*AD*T00000040
LIN**IN*097097711*ZZ*43*UP*831664000521*****DG*1*VS*00000
ZA*QS***006*20071022
CTP**UCP*1.75
SDQ*EA*ZZ*3084*13*3672*1*3703*2*3848*4*3941*21*3978*2*4093*2*4103*1*4198*1*4244*-5
SDQ*EA*ZZ*7066*1*9571*1*9648*1
CTT*1
SE*10*0009
ST*852*0010
XQ*H*20071023
N9*AD*T00000040
LIN**IN*097097811*ZZ*43*UP*831664000538*****DG*5*VS*00000
ZA*QS***006*20071022
CTP**UCP*4.95
SDQ*EA*ZZ*7255*4
CTT*1
SE*9*0010
GE*10*178
IEA*1*000000178
*** SUPERTRACS READY FOR INPUT
