ISA*00*          *00*          *09*006985290AC    *12*6154525825     *050808*0913*U*00400*000000806*0*P*>
GS*PD*006985290AC*6154525825*20050808*09130589*183*X*004010
ST*852*000000001
XQ*H*20050808
N9*AD*T00000040
LIN**CB*970960118*ZZ*43*UP*831664000682*****DG*1*VS*00000
ZA*QS***006*20050806
CTP**UCP*.75
SDQ*EA*ZZ*3063*1*3713*2
CTT*1
SE*9*000000001
ST*852*000000002
XQ*H*20050808
N9*AD*T00000040
LIN**CB*970961116*ZZ*43*UP*831664000330*****DG*1*VS*00000
ZA*QS***006*20050806
CTP**UCP*.75
SDQ*EA*ZZ*3713*3*4717*5
CTT*1
SE*9*000000002
ST*852*000000003
XQ*H*20050808
N9*AD*T00000040
LIN**CB*970964110*ZZ*43*UP*831664000453*****DG*1*VS*00000
ZA*QS***006*20050806
CTP**UCP*3
SDQ*EA*ZZ*3978*1
CTT*1
SE*9*000000003
ST*852*000000004
XQ*H*20050808
N9*AD*T00000040
LIN**CB*970970117*ZZ*43*UP*831664000859*****DG*1*VS*00000
ZA*QS***006*20050806
CTP**UCP*2.4
SDQ*EA*ZZ*3715*19*3996*6
LIN**CB*970970117*ZZ*43*UP*831664000859*****DG*3*VS*00000
ZA*QS***006*20050806
CTP**UCP*2.4
SDQ*EA*ZZ*4103*7
LIN**CB*970970117*ZZ*43*UP*831664000859*****DG*4*VS*00000
ZA*QS***006*20050806
CTP**UCP*2.4
SDQ*EA*ZZ*4883*2
CTT*3
SE*17*000000004
ST*852*000000005
XQ*H*20050808
N9*AD*T00000040
LIN**CB*970975116*ZZ*43*UP*831664000910*****DG*1*VS*00000
ZA*QS***006*20050806
CTP**UCP*4.5
SDQ*EA*ZZ*7358*3
CTT*1
SE*9*000000005
ST*852*000000006
XQ*H*20050808
N9*AD*T00000040
LIN**CB*970980116*ZZ*43*UP*831664000965*****DG*1*VS*00000
ZA*QS***006*20050806
CTP**UCP*.35
SDQ*EA*ZZ*7607*7
CTT*1
SE*9*000000006
ST*852*000000007
XQ*H*20050808
N9*AD*T00000040
LIN**CB*970984118*ZZ*43*UP*831664001009*****DG*1*VS*00000
ZA*QS***006*20050806
CTP**UCP*1.65
SDQ*EA*ZZ*3602*2*7069*6
LIN**CB*970984118*ZZ*43*UP*831664001009*****DG*5*VS*00000
ZA*QS***006*20050806
CTP**UCP*1.65
SDQ*EA*ZZ*7069*2
CTT*2
SE*13*000000007
GE*7*183
IEA*1*000000806
ISA*00*          *00*          *09*006985290AC    *12*6154525825     *050808*0935*U*00400*000000807*0*P*>
GS*PD*006985290AC*6154525825*20050808*09353760*184*X*004010
ST*852*000000001
XQ*H*20050808
N9*AD*T00000040
LIN**CB*970957114*ZZ*43*UP*831664000255*****DG*1*VS*00000
ZA*QS***006*20050807
CTP**UCP*.58
SDQ*EA*ZZ*7069*3
CTT*1
SE*9*000000001
ST*852*000000002
XQ*H*20050808
N9*AD*T00000040
LIN**CB*970964110*ZZ*43*UP*831664000453*****DG*1*VS*00000
ZA*QS***006*20050807
CTP**UCP*3
SDQ*EA*ZZ*3713*1
LIN**CB*970964110*ZZ*43*UP*831664000453*****DG*5*VS*00000
ZA*QS***006*20050807
CTP**UCP*3
SDQ*EA*ZZ*7069*1
CTT*2
SE*13*000000002
ST*852*000000003
XQ*H*20050808
N9*AD*T00000040
LIN**CB*970965117*ZZ*43*UP*831664000460*****DG*1*VS*00000
ZA*QS***006*20050807
CTP**UCP*3
SDQ*EA*ZZ*4835*1
CTT*1
SE*9*000000003
ST*852*000000004
XQ*H*20050808
N9*AD*T00000040
LIN**CB*970970117*ZZ*43*UP*831664000859*****DG*3*VS*00000
ZA*QS***006*20050807
CTP**UCP*2.4
SDQ*EA*ZZ*4103*14
CTT*1
SE*9*000000004
ST*852*000000005
XQ*H*20050808
N9*AD*T00000040
LIN**CB*970975116*ZZ*43*UP*831664000910*****DG*1*VS*00000
ZA*QS***006*20050807
CTP**UCP*4.5
SDQ*EA*ZZ*7358*3
CTT*1
SE*9*000000005
ST*852*000000006
XQ*H*20050808
N9*AD*T00000040
LIN**CB*970980116*ZZ*43*UP*831664000965*****DG*1*VS*00000
ZA*QS***006*20050807
CTP**UCP*.35
SDQ*EA*ZZ*7607*6
CTT*1
SE*9*000000006
ST*852*000000007
XQ*H*20050808
N9*AD*T00000040
LIN**CB*970983110*ZZ*43*UP*831664000996*****DG*1*VS*00000
ZA*QS***006*20050807
CTP**UCP*1.35
SDQ*EA*ZZ*4093*2
CTT*1
SE*9*000000007
ST*852*000000008
XQ*H*20050808
N9*AD*T00000040
LIN**CB*970984118*ZZ*43*UP*831664001009*****DG*1*VS*00000
ZA*QS***006*20050807
CTP**UCP*1.65
SDQ*EA*ZZ*3602*2
LIN**CB*970984118*ZZ*43*UP*831664001009*****DG*8*VS*00000
ZA*QS***006*20050807
CTP**UCP*1.65
SDQ*EA*ZZ*7069*2
CTT*2
SE*13*000000008
ST*852*000000009
XQ*H*20050808
N9*AD*T00000040
LIN**CB*970986113*ZZ*43*UP*831664001023*****DG*1*VS*00000
ZA*QS***006*20050807
CTP**UCP*2.6
SDQ*EA*ZZ*3348*4
CTT*1
SE*9*000000009
GE*9*184
IEA*1*000000807
ISA*00*          *00*          *09*006985290EFT   *12*6154525825     *050808*1441*U*00400*000100293*0*P*>
GS*RA*006985290EFT*6154525825*20050808*14411816*100202*X*004010
ST*820*000000001
BPR*I*3925.46*C*ACH*CCP*01*021000018*DA*0300955622*9008965873**01*064102601*DA*3000289*20050809*VEN
TRN*3*770133303*9008965873
DTM*097*20050808
N1*PR*KMART CORPORATION*1*008965873
N1*PE*YOUNGS FARMS*92*00069099588
N1*SE*YOUNGS FARMS*92*00069099588
ENT*1
RMR*IK*306320050707*PI*2.38*2.38*0
REF*PO*0020050708
REF*ST*03063
REF*DP*043
DTM*999*20050707
RMR*IK*306320050709*PI*2.63*2.63*0
REF*PO*0020050710
REF*ST*03063
REF*DP*043
DTM*999*20050709
RMR*IK*308420050707*PI*9.6*9.6*0
REF*PO*0020050708
REF*ST*03084
REF*DP*043
DTM*999*20050707
RMR*IK*308420050708*PI*2.4*2.4*0
REF*PO*0020050709
REF*ST*03084
REF*DP*043
DTM*999*20050708
RMR*IK*308420050709*PI*33.6*33.6*0
REF*PO*0020050710
REF*ST*03084
REF*DP*043
DTM*999*20050709
RMR*IK*308420050710*PI*40.8*40.8*0
REF*PO*0020050711
REF*ST*03084
REF*DP*043
DTM*999*20050710
RMR*IK*310320050707*PI*3.38*3.38*0
REF*PO*0020050708
REF*ST*03103
REF*DP*043
DTM*999*20050707
RMR*IK*310320050708*PI*3.04*3.04*0
REF*PO*0020050709
REF*ST*03103
REF*DP*043
DTM*999*20050708
RMR*IK*310320050712*PI*.76*.76*0
REF*PO*0020050713
REF*ST*03103
REF*DP*043
DTM*999*20050712
RMR*IK*310320050713*PI*.38*.38*0
REF*PO*0020050714
REF*ST*03103
REF*DP*043
DTM*999*20050713
RMR*IK*314320050707*PI*14.4*14.4*0
REF*PO*0020050708
REF*ST*03143
REF*DP*043
DTM*999*20050707
RMR*IK*314320050709*PI*14.4*14.4*0
REF*PO*0020050710
REF*ST*03143
REF*DP*043
DTM*999*20050709
RMR*IK*319420050707*PI*1.5*1.5*0
REF*PO*0020050708
REF*ST*03194
REF*DP*043
DTM*999*20050707
RMR*IK*319420050709*PI*2.25*2.25*0
REF*PO*0020050710
REF*ST*03194
REF*DP*043
DTM*999*20050709
RMR*IK*319420050713*PI*4.51*4.51*0
REF*PO*0020050714
REF*ST*03194
REF*DP*043
DTM*999*20050713
RMR*IK*334820050709*PI*6*6*0
REF*PO*0020050710
REF*ST*03348
REF*DP*043
DTM*999*20050709
RMR*IK*334820050710*PI*18*18*0
REF*PO*0020050711
REF*ST*03348
REF*DP*043
DTM*999*20050710
RMR*IK*360220050708*PI*7.2*7.2*0
REF*PO*0020050709
REF*ST*03602
REF*DP*043
DTM*999*20050708
RMR*IK*360220050710*PI*9.6*9.6*0
REF*PO*0020050711
REF*ST*03602
REF*DP*043
DTM*999*20050710
RMR*IK*360220050711*PI*7.2*7.2*0
REF*PO*0020050712
REF*ST*03602
REF*DP*043
DTM*999*20050711
RMR*IK*360220050712*PI*12*12*0
REF*PO*0020050713
REF*ST*03602
REF*DP*043
DTM*999*20050712
RMR*IK*364420050707*PI*19.25*19.25*0
REF*PO*0020050708
REF*ST*03644
REF*DP*043
DTM*999*20050707
RMR*IK*364420050708*PI*25.88*25.88*0
REF*PO*0020050709
REF*ST*03644
REF*DP*043
DTM*999*20050708
RMR*IK*364420050709*PI*39.02*39.02*0
REF*PO*0020050710
REF*ST*03644
REF*DP*043
DTM*999*20050709
RMR*IK*364420050710*PI*66.4*66.4*0
REF*PO*0020050711
REF*ST*03644
REF*DP*043
DTM*999*20050710
RMR*IK*364420050712*PI*6.38*6.38*0
REF*PO*0020050713
REF*ST*03644
REF*DP*043
DTM*999*20050712
RMR*IK*364420050713*PI*2.9*2.9*0
REF*PO*0020050714
REF*ST*03644
REF*DP*043
DTM*999*20050713
RMR*IK*366020050708*PI*8.8*8.8*0
REF*PO*0020050709
REF*ST*03660
REF*DP*043
DTM*999*20050708
RMR*IK*366020050709*PI*12*12*0
REF*PO*0020050710
REF*ST*03660
REF*DP*043
DTM*999*20050709
RMR*IK*366020050712*PI*.75*.75*0
REF*PO*0020050713
REF*ST*03660
REF*DP*043
DTM*999*20050712
RMR*IK*367220050707*PI*17.33*17.33*0
REF*PO*0020050708
REF*ST*03672
REF*DP*043
DTM*999*20050707
RMR*IK*367220050708*PI*18.84*18.84*0
REF*PO*0020050709
REF*ST*03672
REF*DP*043
DTM*999*20050708
RMR*IK*368520050709*PI*6*6*0
REF*PO*0020050710
REF*ST*03685
REF*DP*043
DTM*999*20050709
RMR*IK*368520050711*PI*.75*.75*0
REF*PO*0020050712
REF*ST*03685
REF*DP*043
DTM*999*20050711
RMR*IK*370320050707*PI*25.44*25.44*0
REF*PO*0020050708
REF*ST*03703
REF*DP*043
DTM*999*20050707
RMR*IK*370320050708*PI*47.05*47.05*0
REF*PO*0020050709
REF*ST*03703
REF*DP*043
DTM*999*20050708
RMR*IK*370320050709*PI*20.7*20.7*0
REF*PO*0020050710
REF*ST*03703
REF*DP*043
DTM*999*20050709
RMR*IK*370320050710*PI*7.25*7.25*0
REF*PO*0020050711
REF*ST*03703
REF*DP*043
DTM*999*20050710
RMR*IK*370320050711*PI*3.42*3.42*0
REF*PO*0020050712
REF*ST*03703
REF*DP*043
DTM*999*20050711
RMR*IK*370320050712*PI*3.16*3.16*0
REF*PO*0020050713
REF*ST*03703
REF*DP*043
DTM*999*20050712
RMR*IK*371320050708*PI*3*3*0
REF*PO*0020050709
REF*ST*03713
REF*DP*043
DTM*999*20050708
RMR*IK*371320050710*PI*4.5*4.5*0
REF*PO*0020050711
REF*ST*03713
REF*DP*043
DTM*999*20050710
RMR*IK*371520050708*PI*17*17*0
REF*PO*0020050709
REF*ST*03715
REF*DP*043
DTM*999*20050708
RMR*IK*371520050709*PI*18.8*18.8*0
REF*PO*0020050710
REF*ST*03715
REF*DP*043
DTM*999*20050709
RMR*IK*371520050710*PI*23.2*23.2*0
REF*PO*0020050711
REF*ST*03715
REF*DP*043
DTM*999*20050710
RMR*IK*371520050711*PI*10.4*10.4*0
REF*PO*0020050712
REF*ST*03715
REF*DP*043
DTM*999*20050711
RMR*IK*371520050713*PI*2*2*0
REF*PO*0020050714
REF*ST*03715
REF*DP*043
DTM*999*20050713
RMR*IK*382220050709*PI*19.2*19.2*0
REF*PO*0020050710
REF*ST*03822
REF*DP*043
DTM*999*20050709
RMR*IK*382220050710*PI*9.6*9.6*0
REF*PO*0020050711
REF*ST*03822
REF*DP*043
DTM*999*20050710
RMR*IK*382220050711*PI*2.4*2.4*0
REF*PO*0020050712
REF*ST*03822
REF*DP*043
DTM*999*20050711
RMR*IK*382220050712*PI*2.4*2.4*0
REF*PO*0020050713
REF*ST*03822
REF*DP*043
DTM*999*20050712
RMR*IK*383620050708*PI*2*2*0
REF*PO*0020050709
REF*ST*03836
REF*DP*043
DTM*999*20050708
RMR*IK*383620050709*PI*6*6*0
REF*PO*0020050710
REF*ST*03836
REF*DP*043
DTM*999*20050709
RMR*IK*383620050710*PI*3*3*0
REF*PO*0020050711
REF*ST*03836
REF*DP*043
DTM*999*20050710
RMR*IK*384820050707*PI*1.13*1.13*0
REF*PO*0020050708
REF*ST*03848
REF*DP*043
DTM*999*20050707
RMR*IK*384820050708*PI*25.81*25.81*0
REF*PO*0020050709
REF*ST*03848
REF*DP*043
DTM*999*20050708
RMR*IK*384820050709*PI*11.06*11.06*0
REF*PO*0020050710
REF*ST*03848
REF*DP*043
DTM*999*20050709
RMR*IK*384820050712*PI*.75*.75*0
REF*PO*0020050713
REF*ST*03848
REF*DP*043
DTM*999*20050712
RMR*IK*387620050707*PI*6*6*0
REF*PO*0020050708
REF*ST*03876
REF*DP*043
DTM*999*20050707
RMR*IK*387620050710*PI*2.28*2.28*0
REF*PO*0020050711
REF*ST*03876
REF*DP*043
DTM*999*20050710
RMR*IK*392920050711*PI*1.5*1.5*0
REF*PO*0020050712
REF*ST*03929
REF*DP*043
DTM*999*20050711
RMR*IK*393120050707*PI*6.33*6.33*0
REF*PO*0020050708
REF*ST*03931
REF*DP*043
DTM*999*20050707
RMR*IK*393120050708*PI*5.32*5.32*0
REF*PO*0020050709
REF*ST*03931
REF*DP*043
DTM*999*20050708
RMR*IK*393120050709*PI*15.25*15.25*0
REF*PO*0020050710
REF*ST*03931
REF*DP*043
DTM*999*20050709
RMR*IK*393120050710*PI*.75*.75*0
REF*PO*0020050711
REF*ST*03931
REF*DP*043
DTM*999*20050710
RMR*IK*394120050707*PI*6*6*0
REF*PO*0020050708
REF*ST*03941
REF*DP*043
DTM*999*20050707
RMR*IK*394120050709*PI*11.5*11.5*0
REF*PO*0020050710
REF*ST*03941
REF*DP*043
DTM*999*20050709
RMR*IK*394120050710*PI*3.65*3.65*0
REF*PO*0020050711
REF*ST*03941
REF*DP*043
DTM*999*20050710
RMR*IK*394120050711*PI*1.25*1.25*0
REF*PO*0020050712
REF*ST*03941
REF*DP*043
DTM*999*20050711
RMR*IK*394120050713*PI*9*9*0
REF*PO*0020050714
REF*ST*03941
REF*DP*043
DTM*999*20050713
RMR*IK*396620050707*PI*3*3*0
REF*PO*0020050708
REF*ST*03966
REF*DP*043
DTM*999*20050707
RMR*IK*396620050708*PI*13.9*13.9*0
REF*PO*0020050709
REF*ST*03966
REF*DP*043
DTM*999*20050708
RMR*IK*396620050709*PI*1.16*1.16*0
REF*PO*0020050710
REF*ST*03966
REF*DP*043
DTM*999*20050709
RMR*IK*397820050707*PI*1.88*1.88*0
REF*PO*0020050708
REF*ST*03978
REF*DP*043
DTM*999*20050707
RMR*IK*397820050708*PI*16.01*16.01*0
REF*PO*0020050709
REF*ST*03978
REF*DP*043
DTM*999*20050708
RMR*IK*397820050709*PI*7.16*7.16*0
REF*PO*0020050710
REF*ST*03978
REF*DP*043
DTM*999*20050709
RMR*IK*397820050710*PI*1.14*1.14*0
REF*PO*0020050711
REF*ST*03978
REF*DP*043
DTM*999*20050710
RMR*IK*397820050711*PI*6*6*0
REF*PO*0020050712
REF*ST*03978
REF*DP*043
DTM*999*20050711
RMR*IK*397820050712*PI*1.13*1.13*0
REF*PO*0020050713
REF*ST*03978
REF*DP*043
DTM*999*20050712
RMR*IK*399620050707*PI*9.98*9.98*0
REF*PO*0020050708
REF*ST*03996
REF*DP*043
DTM*999*20050707
RMR*IK*399620050709*PI*7.96*7.96*0
REF*PO*0020050710
REF*ST*03996
REF*DP*043
DTM*999*20050709
RMR*IK*399620050711*PI*4.8*4.8*0
REF*PO*0020050712
REF*ST*03996
REF*DP*043
DTM*999*20050711
RMR*IK*399620050712*PI*9.6*9.6*0
REF*PO*0020050713
REF*ST*03996
REF*DP*043
DTM*999*20050712
RMR*IK*399620050713*PI*.38*.38*0
REF*PO*0020050714
REF*ST*03996
REF*DP*043
DTM*999*20050713
RMR*IK*407120050707*PI*2.25*2.25*0
REF*PO*0020050708
REF*ST*04071
REF*DP*043
DTM*999*20050707
RMR*IK*407120050708*PI*6.5*6.5*0
REF*PO*0020050709
REF*ST*04071
REF*DP*043
DTM*999*20050708
RMR*IK*407120050709*PI*8.75*8.75*0
REF*PO*0020050710
REF*ST*04071
REF*DP*043
DTM*999*20050709
RMR*IK*407120050711*PI*1.5*1.5*0
REF*PO*0020050712
REF*ST*04071
REF*DP*043
DTM*999*20050711
RMR*IK*409320050707*PI*93.15*93.15*0
REF*PO*0020050708
REF*ST*04093
REF*DP*043
DTM*999*20050707
RMR*IK*409320050708*PI*128.21*128.21*0
REF*PO*0020050709
REF*ST*04093
REF*DP*043
DTM*999*20050708
RMR*IK*409320050709*PI*80.65*80.65*0
REF*PO*0020050710
REF*ST*04093
REF*DP*043
DTM*999*20050709
RMR*IK*409320050710*PI*57.94*57.94*0
REF*PO*0020050711
REF*ST*04093
REF*DP*043
DTM*999*20050710
RMR*IK*409320050711*PI*5.5*5.5*0
REF*PO*0020050712
REF*ST*04093
REF*DP*043
DTM*999*20050711
RMR*IK*409320050712*PI*32.26*32.26*0
REF*PO*0020050713
REF*ST*04093
REF*DP*043
DTM*999*20050712
RMR*IK*409320050713*PI*3.5*3.5*0
REF*PO*0020050714
REF*ST*04093
REF*DP*043
DTM*999*20050713
RMR*IK*410320050707*PI*55.18*55.18*0
REF*PO*0020050708
REF*ST*04103
REF*DP*043
DTM*999*20050707
RMR*IK*410320050708*PI*12*12*0
REF*PO*0020050709
REF*ST*04103
REF*DP*043
DTM*999*20050708
RMR*IK*410320050709*PI*9.6*9.6*0
REF*PO*0020050710
REF*ST*04103
REF*DP*043
DTM*999*20050709
RMR*IK*410320050710*PI*1.5*1.5*0
REF*PO*0020050711
REF*ST*04103
REF*DP*043
DTM*999*20050710
RMR*IK*424420050707*PI*23.71*23.71*0
REF*PO*0020050708
REF*ST*04244
REF*DP*043
DTM*999*20050707
RMR*IK*424420050708*PI*56.73*56.73*0
REF*PO*0020050709
REF*ST*04244
REF*DP*043
DTM*999*20050708
RMR*IK*424420050709*PI*38.86*38.86*0
REF*PO*0020050710
REF*ST*04244
REF*DP*043
DTM*999*20050709
RMR*IK*424420050710*PI*102.34*102.34*0
REF*PO*0020050711
REF*ST*04244
REF*DP*043
DTM*999*20050710
RMR*IK*424420050711*PI*27.31*27.31*0
REF*PO*0020050712
REF*ST*04244
REF*DP*043
DTM*999*20050711
RMR*IK*424420050712*PI*28.19*28.19*0
REF*PO*0020050713
REF*ST*04244
REF*DP*043
DTM*999*20050712
RMR*IK*424420050713*PI*28.51*28.51*0
REF*PO*0020050714
REF*ST*04244
REF*DP*043
DTM*999*20050713
RMR*IK*430820050708*PI*3.48*3.48*0
REF*PO*0020050709
REF*ST*04308
REF*DP*043
DTM*999*20050708
RMR*IK*430820050709*PI*23.76*23.76*0
REF*PO*0020050710
REF*ST*04308
REF*DP*043
DTM*999*20050709
RMR*IK*431220050707*PI*10.35*10.35*0
REF*PO*0020050708
REF*ST*04312
REF*DP*043
DTM*999*20050707
RMR*IK*431220050708*PI*1.74*1.74*0
REF*PO*0020050709
REF*ST*04312
REF*DP*043
DTM*999*20050708
RMR*IK*447520050707*PI*2.25*2.25*0
REF*PO*0020050708
REF*ST*04475
REF*DP*043
DTM*999*20050707
RMR*IK*447520050708*PI*2.25*2.25*0
REF*PO*0020050709
REF*ST*04475
REF*DP*043
DTM*999*20050708
RMR*IK*447520050709*PI*5.25*5.25*0
REF*PO*0020050710
REF*ST*04475
REF*DP*043
DTM*999*20050709
RMR*IK*447520050710*PI*7.8*7.8*0
REF*PO*0020050711
REF*ST*04475
REF*DP*043
DTM*999*20050710
RMR*IK*447520050712*PI*10.8*10.8*0
REF*PO*0020050713
REF*ST*04475
REF*DP*043
DTM*999*20050712
RMR*IK*471720050707*PI*8.25*8.25*0
REF*PO*0020050708
REF*ST*04717
REF*DP*043
DTM*999*20050707
RMR*IK*471720050708*PI*3.38*3.38*0
REF*PO*0020050709
REF*ST*04717
REF*DP*043
DTM*999*20050708
RMR*IK*471720050709*PI*9.16*9.16*0
REF*PO*0020050710
REF*ST*04717
REF*DP*043
DTM*999*20050709
RMR*IK*471720050710*PI*24.66*24.66*0
REF*PO*0020050711
REF*ST*04717
REF*DP*043
DTM*999*20050710
RMR*IK*471720050711*PI*5.25*5.25*0
REF*PO*0020050712
REF*ST*04717
REF*DP*043
DTM*999*20050711
RMR*IK*471720050712*PI*22.83*22.83*0
REF*PO*0020050713
REF*ST*04717
REF*DP*043
DTM*999*20050712
RMR*IK*471720050713*PI*16*16*0
REF*PO*0020050714
REF*ST*04717
REF*DP*043
DTM*999*20050713
RMR*IK*471920050707*PI*3*3*0
REF*PO*0020050708
REF*ST*04719
REF*DP*043
DTM*999*20050707
RMR*IK*471920050708*PI*12*12*0
REF*PO*0020050709
REF*ST*04719
REF*DP*043
DTM*999*20050708
RMR*IK*471920050709*PI*8.75*8.75*0
REF*PO*0020050710
REF*ST*04719
REF*DP*043
DTM*999*20050709
RMR*IK*471920050711*PI*30.4*30.4*0
REF*PO*0020050712
REF*ST*04719
REF*DP*043
DTM*999*20050711
RMR*IK*471920050712*PI*1.74*1.74*0
REF*PO*0020050713
REF*ST*04719
REF*DP*043
DTM*999*20050712
RMR*IK*473920050707*PI*2.25*2.25*0
REF*PO*0020050708
REF*ST*04739
REF*DP*043
DTM*999*20050707
RMR*IK*473920050708*PI*42.14*42.14*0
REF*PO*0020050709
REF*ST*04739
REF*DP*043
DTM*999*20050708
RMR*IK*473920050709*PI*60.23*60.23*0
REF*PO*0020050710
REF*ST*04739
REF*DP*043
DTM*999*20050709
RMR*IK*473920050710*PI*31.58*31.58*0
REF*PO*0020050711
REF*ST*04739
REF*DP*043
DTM*999*20050710
RMR*IK*473920050711*PI*16.8*16.8*0
REF*PO*0020050712
REF*ST*04739
REF*DP*043
DTM*999*20050711
RMR*IK*473920050713*PI*4.8*4.8*0
REF*PO*0020050714
REF*ST*04739
REF*DP*043
DTM*999*20050713
RMR*IK*475320050707*PI*5*5*0
REF*PO*0020050708
REF*ST*04753
REF*DP*043
DTM*999*20050707
RMR*IK*475320050709*PI*7.5*7.5*0
REF*PO*0020050710
REF*ST*04753
REF*DP*043
DTM*999*20050709
RMR*IK*475320050710*PI*6.14*6.14*0
REF*PO*0020050711
REF*ST*04753
REF*DP*043
DTM*999*20050710
RMR*IK*476020050708*PI*4*4*0
REF*PO*0020050709
REF*ST*04760
REF*DP*043
DTM*999*20050708
RMR*IK*476020050709*PI*7.5*7.5*0
REF*PO*0020050710
REF*ST*04760
REF*DP*043
DTM*999*20050709
RMR*IK*476020050712*PI*1.5*1.5*0
REF*PO*0020050713
REF*ST*04760
REF*DP*043
DTM*999*20050712
RMR*IK*476020050713*PI*4.75*4.75*0
REF*PO*0020050714
REF*ST*04760
REF*DP*043
DTM*999*20050713
RMR*IK*476920050708*PI*16.91*16.91*0
REF*PO*0020050709
REF*ST*04769
REF*DP*043
DTM*999*20050708
RMR*IK*481720050709*PI*3*3*0
REF*PO*0020050710
REF*ST*04817
REF*DP*043
DTM*999*20050709
RMR*IK*483520050707*PI*1.5*1.5*0
REF*PO*0020050708
REF*ST*04835
REF*DP*043
DTM*999*20050707
RMR*IK*483520050710*PI*1.5*1.5*0
REF*PO*0020050711
REF*ST*04835
REF*DP*043
DTM*999*20050710
RMR*IK*483520050713*PI*3*3*0
REF*PO*0020050714
REF*ST*04835
REF*DP*043
DTM*999*20050713
RMR*IK*488320050707*PI*5.75*5.75*0
REF*PO*0020050708
REF*ST*04883
REF*DP*043
DTM*999*20050707
RMR*IK*488320050708*PI*18.76*18.76*0
REF*PO*0020050709
REF*ST*04883
REF*DP*043
DTM*999*20050708
RMR*IK*488320050711*PI*3*3*0
REF*PO*0020050712
REF*ST*04883
REF*DP*043
DTM*999*20050711
RMR*IK*488320050713*PI*1.13*1.13*0
REF*PO*0020050714
REF*ST*04883
REF*DP*043
DTM*999*20050713
RMR*IK*489820050708*PI*19.65*19.65*0
REF*PO*0020050709
REF*ST*04898
REF*DP*043
DTM*999*20050708
RMR*IK*489820050709*PI*2.25*2.25*0
REF*PO*0020050710
REF*ST*04898
REF*DP*043
DTM*999*20050709
RMR*IK*489820050710*PI*.75*.75*0
REF*PO*0020050711
REF*ST*04898
REF*DP*043
DTM*999*20050710
RMR*IK*489820050711*PI*6*6*0
REF*PO*0020050712
REF*ST*04898
REF*DP*043
DTM*999*20050711
RMR*IK*489820050712*PI*9*9*0
REF*PO*0020050713
REF*ST*04898
REF*DP*043
DTM*999*20050712
RMR*IK*496820050708*PI*6.75*6.75*0
REF*PO*0020050709
REF*ST*04968
REF*DP*043
DTM*999*20050708
RMR*IK*496820050709*PI*.58*.58*0
REF*PO*0020050710
REF*ST*04968
REF*DP*043
DTM*999*20050709
RMR*IK*496820050713*PI*6*6*0
REF*PO*0020050714
REF*ST*04968
REF*DP*043
DTM*999*20050713
RMR*IK*704520050708*PI*3*3*0
REF*PO*0020050709
REF*ST*07045
REF*DP*043
DTM*999*20050708
RMR*IK*704520050711*PI*2.32*2.32*0
REF*PO*0020050712
REF*ST*07045
REF*DP*043
DTM*999*20050711
RMR*IK*704520050712*PI*1.16*1.16*0
REF*PO*0020050713
REF*ST*07045
REF*DP*043
DTM*999*20050712
RMR*IK*706420050709*PI*.38*.38*0
REF*PO*0020050710
REF*ST*07064
REF*DP*043
DTM*999*20050709
RMR*IK*706920050707*PI*.76*.76*0
REF*PO*0020050708
REF*ST*07069
REF*DP*043
DTM*999*20050707
RMR*IK*706920050708*PI*6*6*0
REF*PO*0020050709
REF*ST*07069
REF*DP*043
DTM*999*20050708
RMR*IK*706920050709*PI*23.72*23.72*0
REF*PO*0020050710
REF*ST*07069
REF*DP*043
DTM*999*20050709
RMR*IK*706920050710*PI*13.38*13.38*0
REF*PO*0020050711
REF*ST*07069
REF*DP*043
DTM*999*20050710
RMR*IK*706920050711*PI*.75*.75*0
REF*PO*0020050712
REF*ST*07069
REF*DP*043
DTM*999*20050711
RMR*IK*706920050712*PI*3.14*3.14*0
REF*PO*0020050713
REF*ST*07069
REF*DP*043
DTM*999*20050712
RMR*IK*706920050713*PI*3.08*3.08*0
REF*PO*0020050714
REF*ST*07069
REF*DP*043
DTM*999*20050713
RMR*IK*713220050707*PI*13.26*13.26*0
REF*PO*0020050708
REF*ST*07132
REF*DP*043
DTM*999*20050707
RMR*IK*713220050708*PI*61.16*61.16*0
REF*PO*0020050709
REF*ST*07132
REF*DP*043
DTM*999*20050708
RMR*IK*713220050709*PI*127.38*127.38*0
REF*PO*0020050710
REF*ST*07132
REF*DP*043
DTM*999*20050709
RMR*IK*713220050710*PI*56.06*56.06*0
REF*PO*0020050711
REF*ST*07132
REF*DP*043
DTM*999*20050710
RMR*IK*713220050711*PI*44.56*44.56*0
REF*PO*0020050712
REF*ST*07132
REF*DP*043
DTM*999*20050711
RMR*IK*713220050712*PI*15.3*15.3*0
REF*PO*0020050713
REF*ST*07132
REF*DP*043
DTM*999*20050712
RMR*IK*713220050713*PI*27.2*27.2*0
REF*PO*0020050714
REF*ST*07132
REF*DP*043
DTM*999*20050713
RMR*IK*714620050707*PI*4*4*0
REF*PO*0020050708
REF*ST*07146
REF*DP*043
DTM*999*20050707
RMR*IK*714620050708*PI*12.54*12.54*0
REF*PO*0020050709
REF*ST*07146
REF*DP*043
DTM*999*20050708
RMR*IK*714620050709*PI*18.77*18.77*0
REF*PO*0020050710
REF*ST*07146
REF*DP*043
DTM*999*20050709
RMR*IK*714620050710*PI*7.22*7.22*0
REF*PO*0020050711
REF*ST*07146
REF*DP*043
DTM*999*20050710
RMR*IK*714620050713*PI*.38*.38*0
REF*PO*0020050714
REF*ST*07146
REF*DP*043
DTM*999*20050713
RMR*IK*718420050707*PI*18.75*18.75*0
REF*PO*0020050708
REF*ST*07184
REF*DP*043
DTM*999*20050707
RMR*IK*718420050708*PI*15.42*15.42*0
REF*PO*0020050709
REF*ST*07184
REF*DP*043
DTM*999*20050708
RMR*IK*718420050709*PI*19.82*19.82*0
REF*PO*0020050710
REF*ST*07184
REF*DP*043
DTM*999*20050709
RMR*IK*718420050710*PI*20.3*20.3*0
REF*PO*0020050711
REF*ST*07184
REF*DP*043
DTM*999*20050710
RMR*IK*718420050711*PI*3.38*3.38*0
REF*PO*0020050712
REF*ST*07184
REF*DP*043
DTM*999*20050711
RMR*IK*718420050712*PI*6.5*6.5*0
REF*PO*0020050713
REF*ST*07184
REF*DP*043
DTM*999*20050712
RMR*IK*718420050713*PI*18.39*18.39*0
REF*PO*0020050714
REF*ST*07184
REF*DP*043
DTM*999*20050713
RMR*IK*725520050707*PI*30.61*30.61*0
REF*PO*0020050708
REF*ST*07255
REF*DP*043
DTM*999*20050707
RMR*IK*725520050708*PI*31.08*31.08*0
REF*PO*0020050709
REF*ST*07255
REF*DP*043
DTM*999*20050708
RMR*IK*725520050709*PI*63.7*63.7*0
REF*PO*0020050710
REF*ST*07255
REF*DP*043
DTM*999*20050709
RMR*IK*725520050710*PI*19.83*19.83*0
REF*PO*0020050711
REF*ST*07255
REF*DP*043
DTM*999*20050710
RMR*IK*725520050711*PI*46.2*46.2*0
REF*PO*0020050712
REF*ST*07255
REF*DP*043
DTM*999*20050711
RMR*IK*725520050712*PI*12.05*12.05*0
REF*PO*0020050713
REF*ST*07255
REF*DP*043
DTM*999*20050712
RMR*IK*725520050713*PI*8.2*8.2*0
REF*PO*0020050714
REF*ST*07255
REF*DP*043
DTM*999*20050713
RMR*IK*735820050707*PI*53.74*53.74*0
REF*PO*0020050708
REF*ST*07358
REF*DP*043
DTM*999*20050707
RMR*IK*735820050708*PI*104.38*104.38*0
REF*PO*0020050709
REF*ST*07358
REF*DP*043
DTM*999*20050708
RMR*IK*735820050709*PI*54.05*54.05*0
REF*PO*0020050710
REF*ST*07358
REF*DP*043
DTM*999*20050709
RMR*IK*735820050710*PI*56.84*56.84*0
REF*PO*0020050711
REF*ST*07358
REF*DP*043
DTM*999*20050710
RMR*IK*735820050711*PI*22.32*22.32*0
REF*PO*0020050712
REF*ST*07358
REF*DP*043
DTM*999*20050711
RMR*IK*735820050712*PI*75.04*75.04*0
REF*PO*0020050713
REF*ST*07358
REF*DP*043
DTM*999*20050712
RMR*IK*735820050713*PI*17.44*17.44*0
REF*PO*0020050714
REF*ST*07358
REF*DP*043
DTM*999*20050713
RMR*IK*736220050708*PI*13.14*13.14*0
REF*PO*0020050709
REF*ST*07362
REF*DP*043
DTM*999*20050708
RMR*IK*736220050709*PI*2*2*0
REF*PO*0020050710
REF*ST*07362
REF*DP*043
DTM*999*20050709
RMR*IK*736220050710*PI*.76*.76*0
REF*PO*0020050711
REF*ST*07362
REF*DP*043
DTM*999*20050710
RMR*IK*736220050712*PI*3.44*3.44*0
REF*PO*0020050713
REF*ST*07362
REF*DP*043
DTM*999*20050712
RMR*IK*743720050708*PI*3*3*0
REF*PO*0020050709
REF*ST*07437
REF*DP*043
DTM*999*20050708
RMR*IK*743720050709*PI*.75*.75*0
REF*PO*0020050710
REF*ST*07437
REF*DP*043
DTM*999*20050709
RMR*IK*743720050710*PI*.75*.75*0
REF*PO*0020050711
REF*ST*07437
REF*DP*043
DTM*999*20050710
RMR*IK*746020050708*PI*6*6*0
REF*PO*0020050709
REF*ST*07460
REF*DP*043
DTM*999*20050708
RMR*IK*746020050709*PI*2.4*2.4*0
REF*PO*0020050710
REF*ST*07460
REF*DP*043
DTM*999*20050709
RMR*IK*746020050710*PI*3*3*0
REF*PO*0020050711
REF*ST*07460
REF*DP*043
DTM*999*20050710
RMR*IK*746020050711*PI*12*12*0
REF*PO*0020050712
REF*ST*07460
REF*DP*043
DTM*999*20050711
RMR*IK*746020050712*PI*3*3*0
REF*PO*0020050713
REF*ST*07460
REF*DP*043
DTM*999*20050712
RMR*IK*746020050713*PI*21*21*0
REF*PO*0020050714
REF*ST*07460
REF*DP*043
DTM*999*20050713
RMR*IK*746120050707*PI*1.52*1.52*0
REF*PO*0020050708
REF*ST*07461
REF*DP*043
DTM*999*20050707
RMR*IK*746120050708*PI*7.14*7.14*0
REF*PO*0020050709
REF*ST*07461
REF*DP*043
DTM*999*20050708
RMR*IK*746120050709*PI*12.08*12.08*0
REF*PO*0020050710
REF*ST*07461
REF*DP*043
DTM*999*20050709
RMR*IK*746120050710*PI*2.76*2.76*0
REF*PO*0020050711
REF*ST*07461
REF*DP*043
DTM*999*20050710
RMR*IK*746120050711*PI*6*6*0
REF*PO*0020050712
REF*ST*07461
REF*DP*043
DTM*999*20050711
RMR*IK*746120050712*PI*3.04*3.04*0
REF*PO*0020050713
REF*ST*07461
REF*DP*043
DTM*999*20050712
RMR*IK*760720050707*PI*14.65*14.65*0
REF*PO*0020050708
REF*ST*07607
REF*DP*043
DTM*999*20050707
RMR*IK*760720050708*PI*16.15*16.15*0
REF*PO*0020050709
REF*ST*07607
REF*DP*043
DTM*999*20050708
RMR*IK*760720050709*PI*12.13*12.13*0
REF*PO*0020050710
REF*ST*07607
REF*DP*043
DTM*999*20050709
RMR*IK*760720050710*PI*5.03*5.03*0
REF*PO*0020050711
REF*ST*07607
REF*DP*043
DTM*999*20050710
RMR*IK*760720050711*PI*1.5*1.5*0
REF*PO*0020050712
REF*ST*07607
REF*DP*043
DTM*999*20050711
RMR*IK*760720050712*PI*3.9*3.9*0
REF*PO*0020050713
REF*ST*07607
REF*DP*043
DTM*999*20050712
RMR*IK*760720050713*PI*7.95*7.95*0
REF*PO*0020050714
REF*ST*07607
REF*DP*043
DTM*999*20050713
RMR*IK*762920050707*PI*2*2*0
REF*PO*0020050708
REF*ST*07629
REF*DP*043
DTM*999*20050707
RMR*IK*762920050708*PI*4.5*4.5*0
REF*PO*0020050709
REF*ST*07629
REF*DP*043
DTM*999*20050708
RMR*IK*762920050709*PI*3*3*0
REF*PO*0020050710
REF*ST*07629
REF*DP*043
DTM*999*20050709
RMR*IK*762920050710*PI*.76*.76*0
REF*PO*0020050711
REF*ST*07629
REF*DP*043
DTM*999*20050710
RMR*IK*763720050708*PI*18*18*0
REF*PO*0020050709
REF*ST*07637
REF*DP*043
DTM*999*20050708
RMR*IK*763720050709*PI*1.35*1.35*0
REF*PO*0020050710
REF*ST*07637
REF*DP*043
DTM*999*20050709
RMR*IK*763720050710*PI*33.6*33.6*0
REF*PO*0020050711
REF*ST*07637
REF*DP*043
DTM*999*20050710
RMR*IK*763720050711*PI*4.68*4.68*0
REF*PO*0020050712
REF*ST*07637
REF*DP*043
DTM*999*20050711
RMR*IK*763720050712*PI*27.16*27.16*0
REF*PO*0020050713
REF*ST*07637
REF*DP*043
DTM*999*20050712
RMR*IK*771820050709*PI*15*15*0
REF*PO*0020050710
REF*ST*07718
REF*DP*043
DTM*999*20050709
RMR*IK*771920050708*PI*1.74*1.74*0
REF*PO*0020050709
REF*ST*07719
REF*DP*043
DTM*999*20050708
RMR*IK*962020050707*PI*13.06*13.06*0
REF*PO*0020050708
REF*ST*09620
REF*DP*043
DTM*999*20050707
RMR*IK*962020050708*PI*3.15*3.15*0
REF*PO*0020050709
REF*ST*09620
REF*DP*043
DTM*999*20050708
RMR*IK*962020050709*PI*10.5*10.5*0
REF*PO*0020050710
REF*ST*09620
REF*DP*043
DTM*999*20050709
RMR*IK*962020050712*PI*15.45*15.45*0
REF*PO*0020050713
REF*ST*09620
REF*DP*043
DTM*999*20050712
RMR*IK*962020050713*PI*2.4*2.4*0
REF*PO*0020050714
REF*ST*09620
REF*DP*043
DTM*999*20050713
RMR*IK*962120050709*PI*2.4*2.4*0
REF*PO*0020050710
REF*ST*09621
REF*DP*043
DTM*999*20050709
RMR*IK*962520050707*PI*2.66*2.66*0
REF*PO*0020050708
REF*ST*09625
REF*DP*043
DTM*999*20050707
RMR*IK*962520050708*PI*1.5*1.5*0
REF*PO*0020050709
REF*ST*09625
REF*DP*043
DTM*999*20050708
RMR*IK*962520050709*PI*9*9*0
REF*PO*0020050710
REF*ST*09625
REF*DP*043
DTM*999*20050709
RMR*IK*962520050710*PI*4.25*4.25*0
REF*PO*0020050711
REF*ST*09625
REF*DP*043
DTM*999*20050710
RMR*IK*962520050711*PI*.75*.75*0
REF*PO*0020050712
REF*ST*09625
REF*DP*043
DTM*999*20050711
RMR*IK*962520050712*PI*.76*.76*0
REF*PO*0020050713
REF*ST*09625
REF*DP*043
DTM*999*20050712
RMR*IK*962920050707*PI*6*6*0
REF*PO*0020050708
REF*ST*09629
REF*DP*043
DTM*999*20050707
RMR*IK*962920050708*PI*.75*.75*0
REF*PO*0020050709
REF*ST*09629
REF*DP*043
DTM*999*20050708
RMR*IK*962920050709*PI*10.88*10.88*0
REF*PO*0020050710
REF*ST*09629
REF*DP*043
DTM*999*20050709
RMR*IK*962920050710*PI*3.76*3.76*0
REF*PO*0020050711
REF*ST*09629
REF*DP*043
DTM*999*20050710
RMR*IK*962920050711*PI*4*4*0
REF*PO*0020050712
REF*ST*09629
REF*DP*043
DTM*999*20050711
RMR*IK*963920050707*PI*4.5*4.5*0
REF*PO*0020050708
REF*ST*09639
REF*DP*043
DTM*999*20050707
RMR*IK*963920050708*PI*2.9*2.9*0
REF*PO*0020050709
REF*ST*09639
REF*DP*043
DTM*999*20050708
RMR*IK*963920050709*PI*5.63*5.63*0
REF*PO*0020050710
REF*ST*09639
REF*DP*043
DTM*999*20050709
RMR*IK*963920050710*PI*6.75*6.75*0
REF*PO*0020050711
REF*ST*09639
REF*DP*043
DTM*999*20050710
RMR*IK*963920050712*PI*6.96*6.96*0
REF*PO*0020050713
REF*ST*09639
REF*DP*043
DTM*999*20050712
RMR*IK*964820050707*PI*18.89*18.89*0
REF*PO*0020050708
REF*ST*09648
REF*DP*043
DTM*999*20050707
RMR*IK*964820050708*PI*4.16*4.16*0
REF*PO*0020050709
REF*ST*09648
REF*DP*043
DTM*999*20050708
RMR*IK*964820050713*PI*9*9*0
REF*PO*0020050714
REF*ST*09648
REF*DP*043
DTM*999*20050713
RMR*IK*967420050707*PI*33.18*33.18*0
REF*PO*0020050708
REF*ST*09674
REF*DP*043
DTM*999*20050707
RMR*IK*967420050708*PI*29.55*29.55*0
REF*PO*0020050709
REF*ST*09674
REF*DP*043
DTM*999*20050708
RMR*IK*967420050709*PI*61.36*61.36*0
REF*PO*0020050710
REF*ST*09674
REF*DP*043
DTM*999*20050709
RMR*IK*967420050710*PI*22.01*22.01*0
REF*PO*0020050711
REF*ST*09674
REF*DP*043
DTM*999*20050710
RMR*IK*967420050711*PI*9.72*9.72*0
REF*PO*0020050712
REF*ST*09674
REF*DP*043
DTM*999*20050711
RMR*IK*967420050712*PI*18.62*18.62*0
REF*PO*0020050713
REF*ST*09674
REF*DP*043
DTM*999*20050712
RMR*IK*967420050713*PI*5.9*5.9*0
REF*PO*0020050714
REF*ST*09674
REF*DP*043
DTM*999*20050713
RMR*IK*981820050707*PI*.75*.75*0
REF*PO*0020050708
REF*ST*09818
REF*DP*043
DTM*999*20050707
RMR*IK*981820050708*PI*9*9*0
REF*PO*0020050709
REF*ST*09818
REF*DP*043
DTM*999*20050708
RMR*IK*981820050710*PI*2.98*2.98*0
REF*PO*0020050711
REF*ST*09818
REF*DP*043
DTM*999*20050710
RMR*IK*981820050712*PI*2.4*2.4*0
REF*PO*0020050713
REF*ST*09818
REF*DP*043
DTM*999*20050712
SE*1379*000000001
GE*1*100202
IEA*1*000100293
ISA*00*          *00*          *09*006985290AC    *12*6154525825     *050809*0426*U*00400*000000808*0*P*>
GS*PD*006985290AC*6154525825*20050809*04261153*185*X*004010
ST*852*000000001
XQ*H*20050809
N9*AD*T00000040
LIN**CB*970964110*ZZ*43*UP*831664000453*****DG*1*VS*00000
ZA*QS***006*20050808
CTP**UCP*3
SDQ*EA*ZZ*4717*1
LIN**CB*970964110*ZZ*43*UP*831664000453*****DG*5*VS*00000
ZA*QS***006*20050808
CTP**UCP*3
SDQ*EA*ZZ*7069*8
CTT*2
SE*13*000000001
ST*852*000000002
XQ*H*20050809
N9*AD*T00000040
LIN**CB*970965117*ZZ*43*UP*831664000460*****DG*8*VS*00000
ZA*QS***006*20050808
CTP**UCP*3
SDQ*EA*ZZ*7069*1
CTT*1
SE*9*000000002
ST*852*000000003
XQ*H*20050809
N9*AD*T00000040
LIN**CB*970970117*ZZ*43*UP*831664000859*****DG*1*VS*00000
ZA*QS***006*20050808
CTP**UCP*2.4
SDQ*EA*ZZ*3836*1
LIN**CB*970970117*ZZ*43*UP*831664000859*****DG*3*VS*00000
ZA*QS***006*20050808
CTP**UCP*2.4
SDQ*EA*ZZ*4103*22
CTT*2
SE*13*000000003
ST*852*000000004
XQ*H*20050809
N9*AD*T00000040
LIN**CB*970984118*ZZ*43*UP*831664001009*****DG*8*VS*00000
ZA*QS***006*20050808
CTP**UCP*1.65
SDQ*EA*ZZ*7069*4
CTT*1
SE*9*000000004
GE*4*185
IEA*1*000000808
*** SUPERTRACS READY FOR INPUT
