ISA*00*          *00*          *09*006985290EFT   *12*6154525825     *070831*2232*U*00400*001000084*0*P*>
GS*RA*006985290EFT*6154525825*20070831*2232*1000084*X*004010
ST*820*0001
BPR*I*4678*C*ACH*CCP*01*021000018*DA*0300955622*9008965873**01*064102601*DA*3000289*20070904*VEN
TRN*3*770239186*9008965873
DTM*097*20070831
N1*PR*KMART CORPORATION*1*008965873
N1*PE*YOUNGS FARMS*92*00069099588
N1*SE*YOUNGS FARMS*92*00069099588
ENT*1
RMR*IK*306320070802*PI*8.95*8.95*0
REF*PO*0020070803
REF*ST*03063
REF*DP*043
DTM*999*20070802
RMR*IK*306320070803*PI*15.8*15.8*0
REF*PO*0020070804
REF*ST*03063
REF*DP*043
DTM*999*20070803
RMR*IK*306320070804*PI*12.2*12.2*0
REF*PO*0020070805
REF*ST*03063
REF*DP*043
DTM*999*20070804
RMR*IK*306320070805*PI*5*5*0
REF*PO*0020070806
REF*ST*03063
REF*DP*043
DTM*999*20070805
RMR*IK*306320070806*PI*14.85*14.85*0
REF*PO*0020070807
REF*ST*03063
REF*DP*043
DTM*999*20070806
RMR*IK*306320070807*PI*7.2*7.2*0
REF*PO*0020070808
REF*ST*03063
REF*DP*043
DTM*999*20070807
RMR*IK*306320070808*PI*9.65*9.65*0
REF*PO*0020070809
REF*ST*03063
REF*DP*043
DTM*999*20070808
RMR*IK*308220070806*PI*5.25*5.25*0
REF*PO*0020070807
REF*ST*03082
REF*DP*043
DTM*999*20070806
RMR*IK*308220070807*PI*3*3*0
REF*PO*0020070808
REF*ST*03082
REF*DP*043
DTM*999*20070807
RMR*IK*308320070803*PI*12.75*12.75*0
REF*PO*0020070804
REF*ST*03083
REF*DP*043
DTM*999*20070803
RMR*IK*308320070804*PI*17*17*0
REF*PO*0020070805
REF*ST*03083
REF*DP*043
DTM*999*20070804
RMR*IK*308420070804*PI*23.55*23.55*0
REF*PO*0020070805
REF*ST*03084
REF*DP*043
DTM*999*20070804
RMR*IK*308420070805*PI*7.65*7.65*0
REF*PO*0020070806
REF*ST*03084
REF*DP*043
DTM*999*20070805
RMR*IK*308420070806*PI*4.2*4.2*0
REF*PO*0020070807
REF*ST*03084
REF*DP*043
DTM*999*20070806
RMR*IK*310320070802*PI*26.25*26.25*0
REF*PO*0020070803
REF*ST*03103
REF*DP*043
DTM*999*20070802
RMR*IK*310320070803*PI*15.75*15.75*0
REF*PO*0020070804
REF*ST*03103
REF*DP*043
DTM*999*20070803
RMR*IK*310320070807*PI*5.25*5.25*0
REF*PO*0020070808
REF*ST*03103
REF*DP*043
DTM*999*20070807
RMR*IK*319420070802*PI*9.65*9.65*0
REF*PO*0020070803
REF*ST*03194
REF*DP*043
DTM*999*20070802
RMR*IK*319420070803*PI*.7*.7*0
REF*PO*0020070804
REF*ST*03194
REF*DP*043
DTM*999*20070803
RMR*IK*319420070804*PI*6.65*6.65*0
REF*PO*0020070805
REF*ST*03194
REF*DP*043
DTM*999*20070804
RMR*IK*319420070805*PI*6*6*0
REF*PO*0020070806
REF*ST*03194
REF*DP*043
DTM*999*20070805
RMR*IK*322320070808*PI*.7*.7*0
REF*PO*0020070809
REF*ST*03223
REF*DP*043
DTM*999*20070808
RMR*IK*335920070802*PI*1.4*1.4*0
REF*PO*0020070803
REF*ST*03359
REF*DP*043
DTM*999*20070802
RMR*IK*335920070806*PI*1.4*1.4*0
REF*PO*0020070807
REF*ST*03359
REF*DP*043
DTM*999*20070806
RMR*IK*335920070807*PI*.7*.7*0
REF*PO*0020070808
REF*ST*03359
REF*DP*043
DTM*999*20070807
RMR*IK*340820070802*PI*7.65*7.65*0
REF*PO*0020070803
REF*ST*03408
REF*DP*043
DTM*999*20070802
RMR*IK*340820070803*PI*9.55*9.55*0
REF*PO*0020070804
REF*ST*03408
REF*DP*043
DTM*999*20070803
RMR*IK*340820070804*PI*8.4*8.4*0
REF*PO*0020070805
REF*ST*03408
REF*DP*043
DTM*999*20070804
RMR*IK*340820070805*PI*6.35*6.35*0
REF*PO*0020070806
REF*ST*03408
REF*DP*043
DTM*999*20070805
RMR*IK*340820070806*PI*20.7*20.7*0
REF*PO*0020070807
REF*ST*03408
REF*DP*043
DTM*999*20070806
RMR*IK*340820070807*PI*3.7*3.7*0
REF*PO*0020070808
REF*ST*03408
REF*DP*043
DTM*999*20070807
RMR*IK*340820070808*PI*35.7*35.7*0
REF*PO*0020070809
REF*ST*03408
REF*DP*043
DTM*999*20070808
RMR*IK*360220070804*PI*3.25*3.25*0
REF*PO*0020070805
REF*ST*03602
REF*DP*043
DTM*999*20070804
RMR*IK*364420070802*PI*23*23*0
REF*PO*0020070803
REF*ST*03644
REF*DP*043
DTM*999*20070802
RMR*IK*364420070803*PI*12*12*0
REF*PO*0020070804
REF*ST*03644
REF*DP*043
DTM*999*20070803
RMR*IK*364420070804*PI*21.5*21.5*0
REF*PO*0020070805
REF*ST*03644
REF*DP*043
DTM*999*20070804
RMR*IK*364420070805*PI*9.5*9.5*0
REF*PO*0020070806
REF*ST*03644
REF*DP*043
DTM*999*20070805
RMR*IK*364420070806*PI*6*6*0
REF*PO*0020070807
REF*ST*03644
REF*DP*043
DTM*999*20070806
RMR*IK*364420070807*PI*6*6*0
REF*PO*0020070808
REF*ST*03644
REF*DP*043
DTM*999*20070807
RMR*IK*364420070808*PI*12.75*12.75*0
REF*PO*0020070809
REF*ST*03644
REF*DP*043
DTM*999*20070808
RMR*IK*364620070802*PI*53.35*53.35*0
REF*PO*0020070803
REF*ST*03646
REF*DP*043
DTM*999*20070802
RMR*IK*364620070803*PI*48.55*48.55*0
REF*PO*0020070804
REF*ST*03646
REF*DP*043
DTM*999*20070803
RMR*IK*364620070804*PI*14.55*14.55*0
REF*PO*0020070805
REF*ST*03646
REF*DP*043
DTM*999*20070804
RMR*IK*364620070805*PI*11.8*11.8*0
REF*PO*0020070806
REF*ST*03646
REF*DP*043
DTM*999*20070805
RMR*IK*364620070807*PI*33.15*33.15*0
REF*PO*0020070808
REF*ST*03646
REF*DP*043
DTM*999*20070807
RMR*IK*364620070808*PI*3*3*0
REF*PO*0020070809
REF*ST*03646
REF*DP*043
DTM*999*20070808
RMR*IK*366020070804*PI*15.75*15.75*0
REF*PO*0020070805
REF*ST*03660
REF*DP*043
DTM*999*20070804
RMR*IK*367220070804*PI*.7*.7*0
REF*PO*0020070805
REF*ST*03672
REF*DP*043
DTM*999*20070804
RMR*IK*367220070805*PI*.35*.35*0
REF*PO*0020070806
REF*ST*03672
REF*DP*043
DTM*999*20070805
RMR*IK*367220070806*PI*.7*.7*0
REF*PO*0020070807
REF*ST*03672
REF*DP*043
DTM*999*20070806
RMR*IK*367220070807*PI*6.15*6.15*0
REF*PO*0020070808
REF*ST*03672
REF*DP*043
DTM*999*20070807
RMR*IK*368520070803*PI*3.25*3.25*0
REF*PO*0020070804
REF*ST*03685
REF*DP*043
DTM*999*20070803
RMR*IK*368520070804*PI*.7*.7*0
REF*PO*0020070805
REF*ST*03685
REF*DP*043
DTM*999*20070804
RMR*IK*370320070802*PI*65.3*65.3*0
REF*PO*0020070803
REF*ST*03703
REF*DP*043
DTM*999*20070802
RMR*IK*370320070803*PI*45.15*45.15*0
REF*PO*0020070804
REF*ST*03703
REF*DP*043
DTM*999*20070803
RMR*IK*370320070804*PI*60.75*60.75*0
REF*PO*0020070805
REF*ST*03703
REF*DP*043
DTM*999*20070804
RMR*IK*370320070805*PI*33.25*33.25*0
REF*PO*0020070806
REF*ST*03703
REF*DP*043
DTM*999*20070805
RMR*IK*370320070806*PI*36.75*36.75*0
REF*PO*0020070807
REF*ST*03703
REF*DP*043
DTM*999*20070806
RMR*IK*370320070807*PI*29.15*29.15*0
REF*PO*0020070808
REF*ST*03703
REF*DP*043
DTM*999*20070807
RMR*IK*370320070808*PI*42.2*42.2*0
REF*PO*0020070809
REF*ST*03703
REF*DP*043
DTM*999*20070808
RMR*IK*371320070802*PI*5.6*5.6*0
REF*PO*0020070803
REF*ST*03713
REF*DP*043
DTM*999*20070802
RMR*IK*371320070804*PI*5.6*5.6*0
REF*PO*0020070805
REF*ST*03713
REF*DP*043
DTM*999*20070804
RMR*IK*371320070805*PI*14*14*0
REF*PO*0020070806
REF*ST*03713
REF*DP*043
DTM*999*20070805
RMR*IK*371320070808*PI*4.4*4.4*0
REF*PO*0020070809
REF*ST*03713
REF*DP*043
DTM*999*20070808
RMR*IK*371520070802*PI*2.1*2.1*0
REF*PO*0020070803
REF*ST*03715
REF*DP*043
DTM*999*20070802
RMR*IK*371520070803*PI*17*17*0
REF*PO*0020070804
REF*ST*03715
REF*DP*043
DTM*999*20070803
RMR*IK*371520070804*PI*21.25*21.25*0
REF*PO*0020070805
REF*ST*03715
REF*DP*043
DTM*999*20070804
RMR*IK*371520070806*PI*1.4*1.4*0
REF*PO*0020070807
REF*ST*03715
REF*DP*043
DTM*999*20070806
RMR*IK*371520070808*PI*3*3*0
REF*PO*0020070809
REF*ST*03715
REF*DP*043
DTM*999*20070808
RMR*IK*382220070802*PI*8.5*8.5*0
REF*PO*0020070803
REF*ST*03822
REF*DP*043
DTM*999*20070802
RMR*IK*382220070803*PI*9*9*0
REF*PO*0020070804
REF*ST*03822
REF*DP*043
DTM*999*20070803
RMR*IK*382220070804*PI*5.6*5.6*0
REF*PO*0020070805
REF*ST*03822
REF*DP*043
DTM*999*20070804
RMR*IK*383620070802*PI*37.1*37.1*0
REF*PO*0020070803
REF*ST*03836
REF*DP*043
DTM*999*20070802
RMR*IK*383620070803*PI*64.3*64.3*0
REF*PO*0020070804
REF*ST*03836
REF*DP*043
DTM*999*20070803
RMR*IK*383620070804*PI*35.3*35.3*0
REF*PO*0020070805
REF*ST*03836
REF*DP*043
DTM*999*20070804
RMR*IK*383620070805*PI*25.5*25.5*0
REF*PO*0020070806
REF*ST*03836
REF*DP*043
DTM*999*20070805
RMR*IK*383620070806*PI*11.4*11.4*0
REF*PO*0020070807
REF*ST*03836
REF*DP*043
DTM*999*20070806
RMR*IK*384820070802*PI*2.65*2.65*0
REF*PO*0020070803
REF*ST*03848
REF*DP*043
DTM*999*20070802
RMR*IK*384820070808*PI*17.85*17.85*0
REF*PO*0020070809
REF*ST*03848
REF*DP*043
DTM*999*20070808
RMR*IK*387620070804*PI*9.9*9.9*0
REF*PO*0020070805
REF*ST*03876
REF*DP*043
DTM*999*20070804
RMR*IK*387620070808*PI*11.5*11.5*0
REF*PO*0020070809
REF*ST*03876
REF*DP*043
DTM*999*20070808
RMR*IK*390520070802*PI*3*3*0
REF*PO*0020070803
REF*ST*03905
REF*DP*043
DTM*999*20070802
RMR*IK*392920070802*PI*6*6*0
REF*PO*0020070803
REF*ST*03929
REF*DP*043
DTM*999*20070802
RMR*IK*392920070804*PI*10.5*10.5*0
REF*PO*0020070805
REF*ST*03929
REF*DP*043
DTM*999*20070804
RMR*IK*393920070802*PI*2.1*2.1*0
REF*PO*0020070803
REF*ST*03939
REF*DP*043
DTM*999*20070802
RMR*IK*393920070808*PI*.7*.7*0
REF*PO*0020070809
REF*ST*03939
REF*DP*043
DTM*999*20070808
RMR*IK*394120070802*PI*16.4*16.4*0
REF*PO*0020070803
REF*ST*03941
REF*DP*043
DTM*999*20070802
RMR*IK*394120070803*PI*2.05*2.05*0
REF*PO*0020070804
REF*ST*03941
REF*DP*043
DTM*999*20070803
RMR*IK*394120070804*PI*8.5*8.5*0
REF*PO*0020070805
REF*ST*03941
REF*DP*043
DTM*999*20070804
RMR*IK*394120070805*PI*25.5*25.5*0
REF*PO*0020070806
REF*ST*03941
REF*DP*043
DTM*999*20070805
RMR*IK*394120070806*PI*17*17*0
REF*PO*0020070807
REF*ST*03941
REF*DP*043
DTM*999*20070806
RMR*IK*396620070805*PI*3.25*3.25*0
REF*PO*0020070806
REF*ST*03966
REF*DP*043
DTM*999*20070805
RMR*IK*396620070808*PI*6.3*6.3*0
REF*PO*0020070809
REF*ST*03966
REF*DP*043
DTM*999*20070808
RMR*IK*396720070804*PI*.7*.7*0
REF*PO*0020070805
REF*ST*03967
REF*DP*043
DTM*999*20070804
RMR*IK*397520070807*PI*5.25*5.25*0
REF*PO*0020070808
REF*ST*03975
REF*DP*043
DTM*999*20070807
RMR*IK*397820070802*PI*7.8*7.8*0
REF*PO*0020070803
REF*ST*03978
REF*DP*043
DTM*999*20070802
RMR*IK*397820070803*PI*4.4*4.4*0
REF*PO*0020070804
REF*ST*03978
REF*DP*043
DTM*999*20070803
RMR*IK*397820070804*PI*3.5*3.5*0
REF*PO*0020070805
REF*ST*03978
REF*DP*043
DTM*999*20070804
RMR*IK*397820070808*PI*3.25*3.25*0
REF*PO*0020070809
REF*ST*03978
REF*DP*043
DTM*999*20070808
RMR*IK*399120070802*PI*3*3*0
REF*PO*0020070803
REF*ST*03991
REF*DP*043
DTM*999*20070802
RMR*IK*399120070804*PI*.35*.35*0
REF*PO*0020070805
REF*ST*03991
REF*DP*043
DTM*999*20070804
RMR*IK*399120070806*PI*1.4*1.4*0
REF*PO*0020070807
REF*ST*03991
REF*DP*043
DTM*999*20070806
RMR*IK*399420070804*PI*2.1*2.1*0
REF*PO*0020070805
REF*ST*03994
REF*DP*043
DTM*999*20070804
RMR*IK*399420070806*PI*1.4*1.4*0
REF*PO*0020070807
REF*ST*03994
REF*DP*043
DTM*999*20070806
RMR*IK*399620070804*PI*6.15*6.15*0
REF*PO*0020070805
REF*ST*03996
REF*DP*043
DTM*999*20070804
RMR*IK*399620070805*PI*2.8*2.8*0
REF*PO*0020070806
REF*ST*03996
REF*DP*043
DTM*999*20070805
RMR*IK*399620070806*PI*1.05*1.05*0
REF*PO*0020070807
REF*ST*03996
REF*DP*043
DTM*999*20070806
RMR*IK*399620070807*PI*6*6*0
REF*PO*0020070808
REF*ST*03996
REF*DP*043
DTM*999*20070807
RMR*IK*407120070804*PI*3*3*0
REF*PO*0020070805
REF*ST*04071
REF*DP*043
DTM*999*20070804
RMR*IK*407120070807*PI*4.25*4.25*0
REF*PO*0020070808
REF*ST*04071
REF*DP*043
DTM*999*20070807
RMR*IK*409320070802*PI*30.25*30.25*0
REF*PO*0020070803
REF*ST*04093
REF*DP*043
DTM*999*20070802
RMR*IK*409320070803*PI*20.5*20.5*0
REF*PO*0020070804
REF*ST*04093
REF*DP*043
DTM*999*20070803
RMR*IK*409320070804*PI*31.5*31.5*0
REF*PO*0020070805
REF*ST*04093
REF*DP*043
DTM*999*20070804
RMR*IK*409320070805*PI*15.75*15.75*0
REF*PO*0020070806
REF*ST*04093
REF*DP*043
DTM*999*20070805
RMR*IK*409320070806*PI*10.25*10.25*0
REF*PO*0020070807
REF*ST*04093
REF*DP*043
DTM*999*20070806
RMR*IK*409320070807*PI*7.25*7.25*0
REF*PO*0020070808
REF*ST*04093
REF*DP*043
DTM*999*20070807
RMR*IK*409320070808*PI*7.25*7.25*0
REF*PO*0020070809
REF*ST*04093
REF*DP*043
DTM*999*20070808
RMR*IK*410320070802*PI*31.35*31.35*0
REF*PO*0020070803
REF*ST*04103
REF*DP*043
DTM*999*20070802
RMR*IK*410320070803*PI*62.8*62.8*0
REF*PO*0020070804
REF*ST*04103
REF*DP*043
DTM*999*20070803
RMR*IK*410320070804*PI*40.3*40.3*0
REF*PO*0020070805
REF*ST*04103
REF*DP*043
DTM*999*20070804
RMR*IK*410320070805*PI*5.1*5.1*0
REF*PO*0020070806
REF*ST*04103
REF*DP*043
DTM*999*20070805
RMR*IK*410320070806*PI*21.7*21.7*0
REF*PO*0020070807
REF*ST*04103
REF*DP*043
DTM*999*20070806
RMR*IK*410320070807*PI*4.95*4.95*0
REF*PO*0020070808
REF*ST*04103
REF*DP*043
DTM*999*20070807
RMR*IK*412220070802*PI*5.25*5.25*0
REF*PO*0020070803
REF*ST*04122
REF*DP*043
DTM*999*20070802
RMR*IK*412220070803*PI*2.1*2.1*0
REF*PO*0020070804
REF*ST*04122
REF*DP*043
DTM*999*20070803
RMR*IK*412220070804*PI*1.75*1.75*0
REF*PO*0020070805
REF*ST*04122
REF*DP*043
DTM*999*20070804
RMR*IK*412220070805*PI*5.25*5.25*0
REF*PO*0020070806
REF*ST*04122
REF*DP*043
DTM*999*20070805
RMR*IK*424420070802*PI*83.05*83.05*0
REF*PO*0020070803
REF*ST*04244
REF*DP*043
DTM*999*20070802
RMR*IK*424420070803*PI*20.2*20.2*0
REF*PO*0020070804
REF*ST*04244
REF*DP*043
DTM*999*20070803
RMR*IK*424420070804*PI*38.5*38.5*0
REF*PO*0020070805
REF*ST*04244
REF*DP*043
DTM*999*20070804
RMR*IK*424420070805*PI*35.65*35.65*0
REF*PO*0020070806
REF*ST*04244
REF*DP*043
DTM*999*20070805
RMR*IK*424420070806*PI*10.9*10.9*0
REF*PO*0020070807
REF*ST*04244
REF*DP*043
DTM*999*20070806
RMR*IK*424420070807*PI*32.1*32.1*0
REF*PO*0020070808
REF*ST*04244
REF*DP*043
DTM*999*20070807
RMR*IK*424420070808*PI*22.15*22.15*0
REF*PO*0020070809
REF*ST*04244
REF*DP*043
DTM*999*20070808
RMR*IK*430820070802*PI*2.4*2.4*0
REF*PO*0020070803
REF*ST*04308
REF*DP*043
DTM*999*20070802
RMR*IK*430820070803*PI*1.05*1.05*0
REF*PO*0020070804
REF*ST*04308
REF*DP*043
DTM*999*20070803
RMR*IK*447520070802*PI*49.75*49.75*0
REF*PO*0020070803
REF*ST*04475
REF*DP*043
DTM*999*20070802
RMR*IK*447520070803*PI*19.15*19.15*0
REF*PO*0020070804
REF*ST*04475
REF*DP*043
DTM*999*20070803
RMR*IK*447520070804*PI*49.1*49.1*0
REF*PO*0020070805
REF*ST*04475
REF*DP*043
DTM*999*20070804
RMR*IK*447520070805*PI*4.7*4.7*0
REF*PO*0020070806
REF*ST*04475
REF*DP*043
DTM*999*20070805
RMR*IK*447520070806*PI*9*9*0
REF*PO*0020070807
REF*ST*04475
REF*DP*043
DTM*999*20070806
RMR*IK*447520070807*PI*12*12*0
REF*PO*0020070808
REF*ST*04475
REF*DP*043
DTM*999*20070807
RMR*IK*448920070802*PI*.35*.35*0
REF*PO*0020070803
REF*ST*04489
REF*DP*043
DTM*999*20070802
RMR*IK*448920070808*PI*3.25*3.25*0
REF*PO*0020070809
REF*ST*04489
REF*DP*043
DTM*999*20070808
RMR*IK*471720070802*PI*28.6*28.6*0
REF*PO*0020070803
REF*ST*04717
REF*DP*043
DTM*999*20070802
RMR*IK*471720070803*PI*44.75*44.75*0
REF*PO*0020070804
REF*ST*04717
REF*DP*043
DTM*999*20070803
RMR*IK*471720070804*PI*79.6*79.6*0
REF*PO*0020070805
REF*ST*04717
REF*DP*043
DTM*999*20070804
RMR*IK*471720070805*PI*10*10*0
REF*PO*0020070806
REF*ST*04717
REF*DP*043
DTM*999*20070805
RMR*IK*471720070806*PI*20*20*0
REF*PO*0020070807
REF*ST*04717
REF*DP*043
DTM*999*20070806
RMR*IK*471720070808*PI*6*6*0
REF*PO*0020070809
REF*ST*04717
REF*DP*043
DTM*999*20070808
RMR*IK*471920070802*PI*107.65*107.65*0
REF*PO*0020070803
REF*ST*04719
REF*DP*043
DTM*999*20070802
RMR*IK*471920070803*PI*21.75*21.75*0
REF*PO*0020070804
REF*ST*04719
REF*DP*043
DTM*999*20070803
RMR*IK*471920070804*PI*19.2*19.2*0
REF*PO*0020070805
REF*ST*04719
REF*DP*043
DTM*999*20070804
RMR*IK*471920070805*PI*19.1*19.1*0
REF*PO*0020070806
REF*ST*04719
REF*DP*043
DTM*999*20070805
RMR*IK*471920070806*PI*14.45*14.45*0
REF*PO*0020070807
REF*ST*04719
REF*DP*043
DTM*999*20070806
RMR*IK*471920070807*PI*27.55*27.55*0
REF*PO*0020070808
REF*ST*04719
REF*DP*043
DTM*999*20070807
RMR*IK*471920070808*PI*20.15*20.15*0
REF*PO*0020070809
REF*ST*04719
REF*DP*043
DTM*999*20070808
RMR*IK*472320070803*PI*6*6*0
REF*PO*0020070804
REF*ST*04723
REF*DP*043
DTM*999*20070803
RMR*IK*472320070805*PI*.7*.7*0
REF*PO*0020070806
REF*ST*04723
REF*DP*043
DTM*999*20070805
RMR*IK*472320070806*PI*3*3*0
REF*PO*0020070807
REF*ST*04723
REF*DP*043
DTM*999*20070806
RMR*IK*473920070802*PI*.35*.35*0
REF*PO*0020070803
REF*ST*04739
REF*DP*043
DTM*999*20070802
RMR*IK*473920070803*PI*8.8*8.8*0
REF*PO*0020070804
REF*ST*04739
REF*DP*043
DTM*999*20070803
RMR*IK*473920070804*PI*3.25*3.25*0
REF*PO*0020070805
REF*ST*04739
REF*DP*043
DTM*999*20070804
RMR*IK*475320070803*PI*4.2*4.2*0
REF*PO*0020070804
REF*ST*04753
REF*DP*043
DTM*999*20070803
RMR*IK*475320070806*PI*4.25*4.25*0
REF*PO*0020070807
REF*ST*04753
REF*DP*043
DTM*999*20070806
RMR*IK*475320070808*PI*8.5*8.5*0
REF*PO*0020070809
REF*ST*04753
REF*DP*043
DTM*999*20070808
RMR*IK*476020070803*PI*2.1*2.1*0
REF*PO*0020070804
REF*ST*04760
REF*DP*043
DTM*999*20070803
RMR*IK*476020070805*PI*3*3*0
REF*PO*0020070806
REF*ST*04760
REF*DP*043
DTM*999*20070805
RMR*IK*476920070802*PI*.7*.7*0
REF*PO*0020070803
REF*ST*04769
REF*DP*043
DTM*999*20070802
RMR*IK*476920070804*PI*7.05*7.05*0
REF*PO*0020070805
REF*ST*04769
REF*DP*043
DTM*999*20070804
RMR*IK*476920070805*PI*9.1*9.1*0
REF*PO*0020070806
REF*ST*04769
REF*DP*043
DTM*999*20070805
RMR*IK*476920070806*PI*3*3*0
REF*PO*0020070807
REF*ST*04769
REF*DP*043
DTM*999*20070806
RMR*IK*476920070807*PI*2.1*2.1*0
REF*PO*0020070808
REF*ST*04769
REF*DP*043
DTM*999*20070807
RMR*IK*476920070808*PI*1.4*1.4*0
REF*PO*0020070809
REF*ST*04769
REF*DP*043
DTM*999*20070808
RMR*IK*481720070804*PI*.7*.7*0
REF*PO*0020070805
REF*ST*04817
REF*DP*043
DTM*999*20070804
RMR*IK*481720070805*PI*6.3*6.3*0
REF*PO*0020070806
REF*ST*04817
REF*DP*043
DTM*999*20070805
RMR*IK*481720070806*PI*.7*.7*0
REF*PO*0020070807
REF*ST*04817
REF*DP*043
DTM*999*20070806
RMR*IK*489820070803*PI*3*3*0
REF*PO*0020070804
REF*ST*04898
REF*DP*043
DTM*999*20070803
RMR*IK*489820070805*PI*1.4*1.4*0
REF*PO*0020070806
REF*ST*04898
REF*DP*043
DTM*999*20070805
RMR*IK*489820070807*PI*.35*.35*0
REF*PO*0020070808
REF*ST*04898
REF*DP*043
DTM*999*20070807
RMR*IK*497020070802*PI*2.8*2.8*0
REF*PO*0020070803
REF*ST*04970
REF*DP*043
DTM*999*20070802
RMR*IK*497020070803*PI*.7*.7*0
REF*PO*0020070804
REF*ST*04970
REF*DP*043
DTM*999*20070803
RMR*IK*497020070804*PI*14.15*14.15*0
REF*PO*0020070805
REF*ST*04970
REF*DP*043
DTM*999*20070804
RMR*IK*497020070805*PI*24.1*24.1*0
REF*PO*0020070806
REF*ST*04970
REF*DP*043
DTM*999*20070805
RMR*IK*497020070806*PI*13.7*13.7*0
REF*PO*0020070807
REF*ST*04970
REF*DP*043
DTM*999*20070806
RMR*IK*497020070807*PI*15.05*15.05*0
REF*PO*0020070808
REF*ST*04970
REF*DP*043
DTM*999*20070807
RMR*IK*497020070808*PI*8.2*8.2*0
REF*PO*0020070809
REF*ST*04970
REF*DP*043
DTM*999*20070808
RMR*IK*506620070805*PI*6.5*6.5*0
REF*PO*0020070807
REF*ST*05066
REF*DP*043
DTM*999*20070805
RMR*IK*506620070806*PI*3.7*3.7*0
REF*PO*0020070808
REF*ST*05066
REF*DP*043
DTM*999*20070806
RMR*IK*704520070802*PI*6.85*6.85*0
REF*PO*0020070803
REF*ST*07045
REF*DP*043
DTM*999*20070802
RMR*IK*704520070803*PI*7*7*0
REF*PO*0020070804
REF*ST*07045
REF*DP*043
DTM*999*20070803
RMR*IK*704520070804*PI*9.65*9.65*0
REF*PO*0020070805
REF*ST*07045
REF*DP*043
DTM*999*20070804
RMR*IK*704520070806*PI*.35*.35*0
REF*PO*0020070807
REF*ST*07045
REF*DP*043
DTM*999*20070806
RMR*IK*704520070807*PI*96.6*96.6*0
REF*PO*0020070808
REF*ST*07045
REF*DP*043
DTM*999*20070807
RMR*IK*704520070808*PI*68.25*68.25*0
REF*PO*0020070809
REF*ST*07045
REF*DP*043
DTM*999*20070808
RMR*IK*706320070802*PI*3*3*0
REF*PO*0020070803
REF*ST*07063
REF*DP*043
DTM*999*20070802
RMR*IK*706320070803*PI*3*3*0
REF*PO*0020070804
REF*ST*07063
REF*DP*043
DTM*999*20070803
RMR*IK*706320070805*PI*3*3*0
REF*PO*0020070806
REF*ST*07063
REF*DP*043
DTM*999*20070805
RMR*IK*706320070806*PI*3*3*0
REF*PO*0020070807
REF*ST*07063
REF*DP*043
DTM*999*20070806
RMR*IK*706320070808*PI*4.25*4.25*0
REF*PO*0020070809
REF*ST*07063
REF*DP*043
DTM*999*20070808
RMR*IK*706420070805*PI*6.5*6.5*0
REF*PO*0020070806
REF*ST*07064
REF*DP*043
DTM*999*20070805
RMR*IK*706420070806*PI*10.5*10.5*0
REF*PO*0020070807
REF*ST*07064
REF*DP*043
DTM*999*20070806
RMR*IK*706620070802*PI*2.9*2.9*0
REF*PO*0020070803
REF*ST*07066
REF*DP*043
DTM*999*20070802
RMR*IK*706620070803*PI*6*6*0
REF*PO*0020070804
REF*ST*07066
REF*DP*043
DTM*999*20070803
RMR*IK*706620070804*PI*2.55*2.55*0
REF*PO*0020070805
REF*ST*07066
REF*DP*043
DTM*999*20070804
RMR*IK*706620070805*PI*3*3*0
REF*PO*0020070806
REF*ST*07066
REF*DP*043
DTM*999*20070805
RMR*IK*706620070807*PI*1.4*1.4*0
REF*PO*0020070808
REF*ST*07066
REF*DP*043
DTM*999*20070807
RMR*IK*706920070803*PI*4.25*4.25*0
REF*PO*0020070804
REF*ST*07069
REF*DP*043
DTM*999*20070803
RMR*IK*706920070804*PI*16.45*16.45*0
REF*PO*0020070805
REF*ST*07069
REF*DP*043
DTM*999*20070804
RMR*IK*706920070806*PI*8.4*8.4*0
REF*PO*0020070807
REF*ST*07069
REF*DP*043
DTM*999*20070806
RMR*IK*706920070807*PI*2.8*2.8*0
REF*PO*0020070808
REF*ST*07069
REF*DP*043
DTM*999*20070807
RMR*IK*706920070808*PI*24.6*24.6*0
REF*PO*0020070809
REF*ST*07069
REF*DP*043
DTM*999*20070808
RMR*IK*707620070802*PI*10.55*10.55*0
REF*PO*0020070803
REF*ST*07076
REF*DP*043
DTM*999*20070802
RMR*IK*707620070804*PI*6*6*0
REF*PO*0020070805
REF*ST*07076
REF*DP*043
DTM*999*20070804
RMR*IK*707620070806*PI*4.25*4.25*0
REF*PO*0020070807
REF*ST*07076
REF*DP*043
DTM*999*20070806
RMR*IK*713220070802*PI*15*15*0
REF*PO*0020070803
REF*ST*07132
REF*DP*043
DTM*999*20070802
RMR*IK*713220070804*PI*25*25*0
REF*PO*0020070805
REF*ST*07132
REF*DP*043
DTM*999*20070804
RMR*IK*713220070807*PI*8.5*8.5*0
REF*PO*0020070808
REF*ST*07132
REF*DP*043
DTM*999*20070807
RMR*IK*713220070808*PI*6*6*0
REF*PO*0020070809
REF*ST*07132
REF*DP*043
DTM*999*20070808
RMR*IK*714620070802*PI*.7*.7*0
REF*PO*0020070803
REF*ST*07146
REF*DP*043
DTM*999*20070802
RMR*IK*714620070803*PI*2.8*2.8*0
REF*PO*0020070804
REF*ST*07146
REF*DP*043
DTM*999*20070803
RMR*IK*714620070804*PI*.7*.7*0
REF*PO*0020070805
REF*ST*07146
REF*DP*043
DTM*999*20070804
RMR*IK*714620070806*PI*3.85*3.85*0
REF*PO*0020070807
REF*ST*07146
REF*DP*043
DTM*999*20070806
RMR*IK*718420070803*PI*68.25*68.25*0
REF*PO*0020070804
REF*ST*07184
REF*DP*043
DTM*999*20070803
RMR*IK*718420070804*PI*43.35*43.35*0
REF*PO*0020070805
REF*ST*07184
REF*DP*043
DTM*999*20070804
RMR*IK*718420070805*PI*17.15*17.15*0
REF*PO*0020070806
REF*ST*07184
REF*DP*043
DTM*999*20070805
RMR*IK*718420070806*PI*34.65*34.65*0
REF*PO*0020070807
REF*ST*07184
REF*DP*043
DTM*999*20070806
RMR*IK*718420070807*PI*16.35*16.35*0
REF*PO*0020070808
REF*ST*07184
REF*DP*043
DTM*999*20070807
RMR*IK*718420070808*PI*5.7*5.7*0
REF*PO*0020070809
REF*ST*07184
REF*DP*043
DTM*999*20070808
RMR*IK*725520070803*PI*3*3*0
REF*PO*0020070804
REF*ST*07255
REF*DP*043
DTM*999*20070803
RMR*IK*725520070804*PI*20.1*20.1*0
REF*PO*0020070805
REF*ST*07255
REF*DP*043
DTM*999*20070804
RMR*IK*725520070805*PI*17.75*17.75*0
REF*PO*0020070806
REF*ST*07255
REF*DP*043
DTM*999*20070805
RMR*IK*725520070806*PI*6*6*0
REF*PO*0020070807
REF*ST*07255
REF*DP*043
DTM*999*20070806
RMR*IK*725520070807*PI*3*3*0
REF*PO*0020070808
REF*ST*07255
REF*DP*043
DTM*999*20070807
RMR*IK*725520070808*PI*18*18*0
REF*PO*0020070809
REF*ST*07255
REF*DP*043
DTM*999*20070808
RMR*IK*735420070802*PI*17*17*0
REF*PO*0020070803
REF*ST*07354
REF*DP*043
DTM*999*20070802
RMR*IK*735420070803*PI*72.7*72.7*0
REF*PO*0020070804
REF*ST*07354
REF*DP*043
DTM*999*20070803
RMR*IK*735420070804*PI*26.85*26.85*0
REF*PO*0020070805
REF*ST*07354
REF*DP*043
DTM*999*20070804
RMR*IK*735420070805*PI*2.1*2.1*0
REF*PO*0020070806
REF*ST*07354
REF*DP*043
DTM*999*20070805
RMR*IK*735420070806*PI*1.75*1.75*0
REF*PO*0020070807
REF*ST*07354
REF*DP*043
DTM*999*20070806
RMR*IK*735820070802*PI*12*12*0
REF*PO*0020070803
REF*ST*07358
REF*DP*043
DTM*999*20070802
RMR*IK*735820070803*PI*72.55*72.55*0
REF*PO*0020070804
REF*ST*07358
REF*DP*043
DTM*999*20070803
RMR*IK*735820070804*PI*66.1*66.1*0
REF*PO*0020070805
REF*ST*07358
REF*DP*043
DTM*999*20070804
RMR*IK*735820070805*PI*17*17*0
REF*PO*0020070806
REF*ST*07358
REF*DP*043
DTM*999*20070805
RMR*IK*735820070806*PI*12.6*12.6*0
REF*PO*0020070807
REF*ST*07358
REF*DP*043
DTM*999*20070806
RMR*IK*735820070807*PI*10.7*10.7*0
REF*PO*0020070808
REF*ST*07358
REF*DP*043
DTM*999*20070807
RMR*IK*735820070808*PI*4.9*4.9*0
REF*PO*0020070809
REF*ST*07358
REF*DP*043
DTM*999*20070808
RMR*IK*736020070802*PI*3*3*0
REF*PO*0020070803
REF*ST*07360
REF*DP*043
DTM*999*20070802
RMR*IK*736020070804*PI*.7*.7*0
REF*PO*0020070805
REF*ST*07360
REF*DP*043
DTM*999*20070804
RMR*IK*736020070807*PI*3*3*0
REF*PO*0020070808
REF*ST*07360
REF*DP*043
DTM*999*20070807
RMR*IK*736220070804*PI*26.25*26.25*0
REF*PO*0020070805
REF*ST*07362
REF*DP*043
DTM*999*20070804
RMR*IK*736220070806*PI*.35*.35*0
REF*PO*0020070807
REF*ST*07362
REF*DP*043
DTM*999*20070806
RMR*IK*738820070802*PI*1.75*1.75*0
REF*PO*0020070803
REF*ST*07388
REF*DP*043
DTM*999*20070802
RMR*IK*743720070802*PI*.7*.7*0
REF*PO*0020070803
REF*ST*07437
REF*DP*043
DTM*999*20070802
RMR*IK*743720070805*PI*3*3*0
REF*PO*0020070806
REF*ST*07437
REF*DP*043
DTM*999*20070805
RMR*IK*746020070804*PI*10.2*10.2*0
REF*PO*0020070805
REF*ST*07460
REF*DP*043
DTM*999*20070804
RMR*IK*746020070805*PI*9*9*0
REF*PO*0020070806
REF*ST*07460
REF*DP*043
DTM*999*20070805
RMR*IK*746020070806*PI*.7*.7*0
REF*PO*0020070807
REF*ST*07460
REF*DP*043
DTM*999*20070806
RMR*IK*746020070808*PI*10.2*10.2*0
REF*PO*0020070809
REF*ST*07460
REF*DP*043
DTM*999*20070808
RMR*IK*746120070802*PI*13.85*13.85*0
REF*PO*0020070803
REF*ST*07461
REF*DP*043
DTM*999*20070802
RMR*IK*746120070803*PI*6.35*6.35*0
REF*PO*0020070804
REF*ST*07461
REF*DP*043
DTM*999*20070803
RMR*IK*746120070804*PI*11.9*11.9*0
REF*PO*0020070805
REF*ST*07461
REF*DP*043
DTM*999*20070804
RMR*IK*746120070805*PI*5.25*5.25*0
REF*PO*0020070806
REF*ST*07461
REF*DP*043
DTM*999*20070805
RMR*IK*746120070806*PI*10.2*10.2*0
REF*PO*0020070807
REF*ST*07461
REF*DP*043
DTM*999*20070806
RMR*IK*746120070808*PI*21*21*0
REF*PO*0020070809
REF*ST*07461
REF*DP*043
DTM*999*20070808
RMR*IK*755820070802*PI*2*2*0
REF*PO*0020070803
REF*ST*07558
REF*DP*043
DTM*999*20070802
RMR*IK*755820070803*PI*1*1*0
REF*PO*0020070804
REF*ST*07558
REF*DP*043
DTM*999*20070803
RMR*IK*755820070804*PI*14.5*14.5*0
REF*PO*0020070805
REF*ST*07558
REF*DP*043
DTM*999*20070804
RMR*IK*755820070805*PI*5.95*5.95*0
REF*PO*0020070806
REF*ST*07558
REF*DP*043
DTM*999*20070805
RMR*IK*760720070802*PI*26*26*0
REF*PO*0020070803
REF*ST*07607
REF*DP*043
DTM*999*20070802
RMR*IK*760720070803*PI*28.35*28.35*0
REF*PO*0020070804
REF*ST*07607
REF*DP*043
DTM*999*20070803
RMR*IK*760720070804*PI*51.25*51.25*0
REF*PO*0020070805
REF*ST*07607
REF*DP*043
DTM*999*20070804
RMR*IK*760720070805*PI*52.55*52.55*0
REF*PO*0020070806
REF*ST*07607
REF*DP*043
DTM*999*20070805
RMR*IK*760720070807*PI*19.1*19.1*0
REF*PO*0020070808
REF*ST*07607
REF*DP*043
DTM*999*20070807
RMR*IK*760720070808*PI*8.5*8.5*0
REF*PO*0020070809
REF*ST*07607
REF*DP*043
DTM*999*20070808
RMR*IK*761020070802*PI*11.15*11.15*0
REF*PO*0020070803
REF*ST*07610
REF*DP*043
DTM*999*20070802
RMR*IK*761020070803*PI*5.1*5.1*0
REF*PO*0020070804
REF*ST*07610
REF*DP*043
DTM*999*20070803
RMR*IK*761020070804*PI*16.75*16.75*0
REF*PO*0020070805
REF*ST*07610
REF*DP*043
DTM*999*20070804
RMR*IK*761020070805*PI*13.45*13.45*0
REF*PO*0020070806
REF*ST*07610
REF*DP*043
DTM*999*20070805
RMR*IK*761020070806*PI*5.6*5.6*0
REF*PO*0020070807
REF*ST*07610
REF*DP*043
DTM*999*20070806
RMR*IK*761020070807*PI*3*3*0
REF*PO*0020070808
REF*ST*07610
REF*DP*043
DTM*999*20070807
RMR*IK*761020070808*PI*1.95*1.95*0
REF*PO*0020070809
REF*ST*07610
REF*DP*043
DTM*999*20070808
RMR*IK*763720070805*PI*1.4*1.4*0
REF*PO*0020070806
REF*ST*07637
REF*DP*043
DTM*999*20070805
RMR*IK*763720070806*PI*.7*.7*0
REF*PO*0020070807
REF*ST*07637
REF*DP*043
DTM*999*20070806
RMR*IK*763720070807*PI*1.4*1.4*0
REF*PO*0020070808
REF*ST*07637
REF*DP*043
DTM*999*20070807
RMR*IK*771820070802*PI*.7*.7*0
REF*PO*0020070803
REF*ST*07718
REF*DP*043
DTM*999*20070802
RMR*IK*771820070804*PI*14.15*14.15*0
REF*PO*0020070805
REF*ST*07718
REF*DP*043
DTM*999*20070804
RMR*IK*771820070805*PI*12.75*12.75*0
REF*PO*0020070806
REF*ST*07718
REF*DP*043
DTM*999*20070805
RMR*IK*771820070806*PI*38.25*38.25*0
REF*PO*0020070807
REF*ST*07718
REF*DP*043
DTM*999*20070806
RMR*IK*771820070808*PI*15.55*15.55*0
REF*PO*0020070809
REF*ST*07718
REF*DP*043
DTM*999*20070808
RMR*IK*771920070802*PI*2.8*2.8*0
REF*PO*0020070803
REF*ST*07719
REF*DP*043
DTM*999*20070802
RMR*IK*771920070803*PI*4.2*4.2*0
REF*PO*0020070804
REF*ST*07719
REF*DP*043
DTM*999*20070803
RMR*IK*771920070804*PI*3.25*3.25*0
REF*PO*0020070805
REF*ST*07719
REF*DP*043
DTM*999*20070804
RMR*IK*771920070806*PI*1.4*1.4*0
REF*PO*0020070807
REF*ST*07719
REF*DP*043
DTM*999*20070806
RMR*IK*771920070807*PI*.7*.7*0
REF*PO*0020070808
REF*ST*07719
REF*DP*043
DTM*999*20070807
RMR*IK*921720070803*PI*.35*.35*0
REF*PO*0020070804
REF*ST*09217
REF*DP*043
DTM*999*20070803
RMR*IK*921720070806*PI*.7*.7*0
REF*PO*0020070807
REF*ST*09217
REF*DP*043
DTM*999*20070806
RMR*IK*921720070807*PI*.7*.7*0
REF*PO*0020070808
REF*ST*09217
REF*DP*043
DTM*999*20070807
RMR*IK*951320070802*PI*61.4*61.4*0
REF*PO*0020070803
REF*ST*09513
REF*DP*043
DTM*999*20070802
RMR*IK*951320070803*PI*16.3*16.3*0
REF*PO*0020070804
REF*ST*09513
REF*DP*043
DTM*999*20070803
RMR*IK*951320070804*PI*2.8*2.8*0
REF*PO*0020070805
REF*ST*09513
REF*DP*043
DTM*999*20070804
RMR*IK*951320070805*PI*17.45*17.45*0
REF*PO*0020070806
REF*ST*09513
REF*DP*043
DTM*999*20070805
RMR*IK*951320070806*PI*4.9*4.9*0
REF*PO*0020070807
REF*ST*09513
REF*DP*043
DTM*999*20070806
RMR*IK*951320070808*PI*2.8*2.8*0
REF*PO*0020070809
REF*ST*09513
REF*DP*043
DTM*999*20070808
RMR*IK*956020070802*PI*3*3*0
REF*PO*0020070803
REF*ST*09560
REF*DP*043
DTM*999*20070802
RMR*IK*956020070804*PI*5.25*5.25*0
REF*PO*0020070805
REF*ST*09560
REF*DP*043
DTM*999*20070804
RMR*IK*956020070825*PI*-3.25*-3.25*0
REF*PO*0020070826
REF*ST*09560
REF*DP*043
DTM*999*20070825
RMR*IK*957120070804*PI*6.65*6.65*0
REF*PO*0020070805
REF*ST*09571
REF*DP*043
DTM*999*20070804
RMR*IK*962020070802*PI*6.3*6.3*0
REF*PO*0020070803
REF*ST*09620
REF*DP*043
DTM*999*20070802
RMR*IK*962120070802*PI*.7*.7*0
REF*PO*0020070803
REF*ST*09621
REF*DP*043
DTM*999*20070802
RMR*IK*962120070805*PI*2.8*2.8*0
REF*PO*0020070806
REF*ST*09621
REF*DP*043
DTM*999*20070805
RMR*IK*962120070807*PI*3*3*0
REF*PO*0020070808
REF*ST*09621
REF*DP*043
DTM*999*20070807
RMR*IK*962220070805*PI*5.25*5.25*0
REF*PO*0020070806
REF*ST*09622
REF*DP*043
DTM*999*20070805
RMR*IK*962520070802*PI*7.2*7.2*0
REF*PO*0020070803
REF*ST*09625
REF*DP*043
DTM*999*20070802
RMR*IK*962920070803*PI*3*3*0
REF*PO*0020070804
REF*ST*09629
REF*DP*043
DTM*999*20070803
RMR*IK*962920070804*PI*18.5*18.5*0
REF*PO*0020070805
REF*ST*09629
REF*DP*043
DTM*999*20070804
RMR*IK*962920070805*PI*16.15*16.15*0
REF*PO*0020070806
REF*ST*09629
REF*DP*043
DTM*999*20070805
RMR*IK*962920070806*PI*4.4*4.4*0
REF*PO*0020070807
REF*ST*09629
REF*DP*043
DTM*999*20070806
RMR*IK*963320070802*PI*8.95*8.95*0
REF*PO*0020070803
REF*ST*09633
REF*DP*043
DTM*999*20070802
RMR*IK*963320070805*PI*23.9*23.9*0
REF*PO*0020070806
REF*ST*09633
REF*DP*043
DTM*999*20070805
RMR*IK*963320070807*PI*5.1*5.1*0
REF*PO*0020070808
REF*ST*09633
REF*DP*043
DTM*999*20070807
RMR*IK*963320070808*PI*3.25*3.25*0
REF*PO*0020070809
REF*ST*09633
REF*DP*043
DTM*999*20070808
RMR*IK*964820070804*PI*6*6*0
REF*PO*0020070805
REF*ST*09648
REF*DP*043
DTM*999*20070804
RMR*IK*964820070805*PI*3*3*0
REF*PO*0020070806
REF*ST*09648
REF*DP*043
DTM*999*20070805
RMR*IK*964820070808*PI*4.9*4.9*0
REF*PO*0020070809
REF*ST*09648
REF*DP*043
DTM*999*20070808
RMR*IK*967420070802*PI*6.5*6.5*0
REF*PO*0020070803
REF*ST*09674
REF*DP*043
DTM*999*20070802
RMR*IK*967420070803*PI*39.8*39.8*0
REF*PO*0020070804
REF*ST*09674
REF*DP*043
DTM*999*20070803
RMR*IK*967420070804*PI*27.3*27.3*0
REF*PO*0020070805
REF*ST*09674
REF*DP*043
DTM*999*20070804
RMR*IK*967420070805*PI*6.35*6.35*0
REF*PO*0020070806
REF*ST*09674
REF*DP*043
DTM*999*20070805
RMR*IK*967420070806*PI*17.55*17.55*0
REF*PO*0020070807
REF*ST*09674
REF*DP*043
DTM*999*20070806
RMR*IK*967420070808*PI*3*3*0
REF*PO*0020070809
REF*ST*09674
REF*DP*043
DTM*999*20070808
RMR*IK*972820070802*PI*.7*.7*0
REF*PO*0020070803
REF*ST*09728
REF*DP*043
DTM*999*20070802
RMR*IK*973520070802*PI*7.7*7.7*0
REF*PO*0020070803
REF*ST*09735
REF*DP*043
DTM*999*20070802
RMR*IK*973520070803*PI*12.95*12.95*0
REF*PO*0020070804
REF*ST*09735
REF*DP*043
DTM*999*20070803
RMR*IK*973520070804*PI*9.75*9.75*0
REF*PO*0020070805
REF*ST*09735
REF*DP*043
DTM*999*20070804
RMR*IK*973520070806*PI*4.2*4.2*0
REF*PO*0020070807
REF*ST*09735
REF*DP*043
DTM*999*20070806
RMR*IK*973520070807*PI*1.4*1.4*0
REF*PO*0020070808
REF*ST*09735
REF*DP*043
DTM*999*20070807
RMR*IK*975820070802*PI*65.7*65.7*0
REF*PO*0020070803
REF*ST*09758
REF*DP*043
DTM*999*20070802
RMR*IK*975820070803*PI*44.7*44.7*0
REF*PO*0020070804
REF*ST*09758
REF*DP*043
DTM*999*20070803
RMR*IK*975820070804*PI*28.95*28.95*0
REF*PO*0020070805
REF*ST*09758
REF*DP*043
DTM*999*20070804
RMR*IK*975820070805*PI*10.65*10.65*0
REF*PO*0020070806
REF*ST*09758
REF*DP*043
DTM*999*20070805
RMR*IK*975820070806*PI*5.6*5.6*0
REF*PO*0020070807
REF*ST*09758
REF*DP*043
DTM*999*20070806
RMR*IK*975820070807*PI*19.9*19.9*0
REF*PO*0020070808
REF*ST*09758
REF*DP*043
DTM*999*20070807
RMR*IK*975820070808*PI*8.8*8.8*0
REF*PO*0020070809
REF*ST*09758
REF*DP*043
DTM*999*20070808
SE*1729*0001
GE*1*1000084
IEA*1*001000084
ISA*00*          *00*          *08*9254291001     *12*6154525825     *070904*0421*U*00400*000000129*0*P*>
GS*PD*9254291001*6154525825*20070904*0421*129*X*004010
ST*852*0001
XQ*H*20070904
N9*AD*T00000040
LIN**IN*025397611*ZZ*43*UP*831664001245*****DG*1*VS*00000
ZA*QS***006*20070903
CTP**UCP*3
SDQ*EA*ZZ*7610*1
CTT*1
SE*9*0001
ST*852*0002
XQ*H*20070904
N9*AD*T00000040
LIN**IN*033281811*ZZ*43*UP*831664001290*****DG*1*VS*00000
ZA*QS***006*20070903
CTP**UCP*3.3
SDQ*EA*ZZ*4719*1
CTT*1
SE*9*0002
ST*852*0003
XQ*H*20070904
N9*AD*T00000040
LIN**IN*078857311*ZZ*43*UP*831664001337*****DG*1*VS*00000
ZA*QS***006*20070903
CTP**UCP*2
SDQ*EA*ZZ*3063*2*3143*1*3194*2*3703*5*3941*6*4103*1*4244*2*4308*17*4717*3*4769*2
SDQ*EA*ZZ*7255*1*7358*13*7460*2*7607*6*9513*6*9633*1*9648*6
CTT*1
SE*10*0003
ST*852*0004
XQ*H*20070904
N9*AD*T00000040
LIN**IN*078857911*ZZ*43*UP*831664001344*****DG*1*VS*00000
ZA*QS***006*20070903
CTP**UCP*4.5
SDQ*EA*ZZ*3143*2*3703*6*4719*2*7255*2*9629*3
CTT*1
SE*9*0004
ST*852*0005
XQ*H*20070904
N9*AD*T00000040
LIN**IN*079180612*ZZ*43*UP*831664001368*****DG*1*VS*00000
ZA*QS***006*20070903
CTP**UCP*4.25
SDQ*EA*ZZ*3143*2*3194*3*3703*1*4093*6*4103*4*4308*6*4717*1*4719*10*4817*1*4883*6
SDQ*EA*ZZ*7255*3*7354*2*7460*-2*7607*2*9513*6*9633*6*9648*1
CTT*1
SE*10*0005
ST*852*0006
XQ*H*20070904
N9*AD*T00000040
LIN**IN*096901811*ZZ*43*UP*831664001122*****DG*1*VS*00000
ZA*QS***006*20070903
CTP**UCP*3
SDQ*EA*ZZ*3703*1
CTT*1
SE*9*0006
ST*852*0007
XQ*H*20070904
N9*AD*T00000040
LIN**IN*097065711*ZZ*43*UP*831664000842*****DG*1*VS*00000
ZA*QS***006*20070903
CTP**UCP*5.25
SDQ*EA*ZZ*3939*1
CTT*1
SE*9*0007
ST*852*0008
XQ*H*20070904
N9*AD*T00000040
LIN**IN*097096011*ZZ*43*UP*831664000682*****DG*1*VS*00000
ZA*QS***006*20070903
CTP**UCP*.7
SDQ*EA*ZZ*3713*1
CTT*1
SE*9*0008
ST*852*0009
XQ*H*20070904
N9*AD*T00000040
LIN**IN*097096211*ZZ*43*UP*831664000941*****DG*1*VS*00000
ZA*QS***006*20070903
CTP**UCP*.7
SDQ*EA*ZZ*3408*2
CTT*1
SE*9*0009
ST*852*0010
XQ*H*20070904
N9*AD*T00000040
LIN**IN*097096711*ZZ*43*UP*831664000484*****DG*1*VS*00000
ZA*QS***006*20070903
CTP**UCP*7.9
SDQ*EA*ZZ*3084*1*3143*2*4308*8*7255*1*7358*1
LIN**IN*097096711*ZZ*43*UP*831664000484*****DG*8*VS*00000
ZA*QS***006*20070903
CTP**UCP*7.9
SDQ*EA*ZZ*3194*2
LIN**IN*097096711*ZZ*43*UP*831664000484*****DG*9*VS*00000
ZA*QS***006*20070903
CTP**UCP*7.9
SDQ*EA*ZZ*3063*2
CTT*3
SE*17*0010
ST*852*0011
XQ*H*20070904
N9*AD*T00000040
LIN**IN*097097511*ZZ*43*UP*831664000910*****DG*1*VS*00000
ZA*QS***006*20070903
CTP**UCP*6.9
SDQ*EA*ZZ*3644*1*3941*3*4244*3*4717*1*7460*1*9629*1*9633*1*9674*3
LIN**IN*097097511*ZZ*43*UP*831664000910*****DG*5*VS*00000
ZA*QS***006*20070903
CTP**UCP*6.9
SDQ*EA*ZZ*4739*3
CTT*2
SE*13*0011
ST*852*0012
XQ*H*20070904
N9*AD*T00000040
LIN**IN*097097711*ZZ*43*UP*831664000521*****DG*1*VS*00000
ZA*QS***006*20070903
CTP**UCP*2.45
SDQ*EA*ZZ*3063*8*3084*1*3194*6*3644*2*3703*1*3941*1*4093*4*4103*6*4244*8*4308*5
SDQ*EA*ZZ*4717*7*4719*5*4739*5*4769*3*4817*2*4883*9*4970*3*7076*1*7255*1*7354*5
SDQ*EA*ZZ*7358*13*7460*2*7461*1*7607*5*9633*5*9648*2*9758*4
CTT*1
SE*11*0012
ST*852*0013
XQ*H*20070904
N9*AD*T00000040
LIN**IN*097097811*ZZ*43*UP*831664000538*****DG*1*VS*00000
ZA*QS***006*20070903
CTP**UCP*7.25
SDQ*EA*ZZ*3703*2*3941*1*4719*1*4769*1*7255*1
CTT*1
SE*9*0013
GE*13*129
IEA*1*000000129
*** SUPERTRACS READY FOR INPUT
