ISA*00*          *00*          *09*006985290EFT   *12*6154525825     *070928*2331*U*00400*001000088*0*P*>
GS*RA*006985290EFT*6154525825*20070928*2331*1000088*X*004010
ST*820*0001
BPR*I*9617.82*C*ACH*CCP*01*021000018*DA*0300955622*9008965873**01*064102601*DA*3000289*20071002*VEN
TRN*3*770243244*9008965873
DTM*097*20070928
N1*PR*KMART CORPORATION*1*008965873
N1*PE*YOUNGS FARMS*92*00069099588
N1*SE*YOUNGS FARMS*92*00069099588
ENT*1
RMR*IK*306320070830*PI*4*4*0
REF*PO*0020070831
REF*ST*03063
REF*DP*043
DTM*999*20070830
RMR*IK*306320070831*PI*41.75*41.75*0
REF*PO*0020070901
REF*ST*03063
REF*DP*043
DTM*999*20070831
RMR*IK*306320070901*PI*87.4*87.4*0
REF*PO*0020070902
REF*ST*03063
REF*DP*043
DTM*999*20070901
RMR*IK*306320070902*PI*20.4*20.4*0
REF*PO*0020070903
REF*ST*03063
REF*DP*043
DTM*999*20070902
RMR*IK*306320070903*PI*39.4*39.4*0
REF*PO*0020070904
REF*ST*03063
REF*DP*043
DTM*999*20070903
RMR*IK*306320070904*PI*77.35*77.35*0
REF*PO*0020070905
REF*ST*03063
REF*DP*043
DTM*999*20070904
RMR*IK*306320070905*PI*41.4*41.4*0
REF*PO*0020070906
REF*ST*03063
REF*DP*043
DTM*999*20070905
RMR*IK*308320070905*PI*4.25*4.25*0
REF*PO*0020070906
REF*ST*03083
REF*DP*043
DTM*999*20070905
RMR*IK*308420070830*PI*59.05*59.05*0
REF*PO*0020070831
REF*ST*03084
REF*DP*043
DTM*999*20070830
RMR*IK*308420070831*PI*170.15*170.15*0
REF*PO*0020070901
REF*ST*03084
REF*DP*043
DTM*999*20070831
RMR*IK*308420070901*PI*53.9*53.9*0
REF*PO*0020070902
REF*ST*03084
REF*DP*043
DTM*999*20070901
RMR*IK*308420070902*PI*71.5*71.5*0
REF*PO*0020070903
REF*ST*03084
REF*DP*043
DTM*999*20070902
RMR*IK*308420070903*PI*10.35*10.35*0
REF*PO*0020070904
REF*ST*03084
REF*DP*043
DTM*999*20070903
RMR*IK*308420070904*PI*28.6*28.6*0
REF*PO*0020070905
REF*ST*03084
REF*DP*043
DTM*999*20070904
RMR*IK*308420070905*PI*16.4*16.4*0
REF*PO*0020070906
REF*ST*03084
REF*DP*043
DTM*999*20070905
RMR*IK*314320070830*PI*8.95*8.95*0
REF*PO*0020070831
REF*ST*03143
REF*DP*043
DTM*999*20070830
RMR*IK*314320070831*PI*182.85*182.85*0
REF*PO*0020070901
REF*ST*03143
REF*DP*043
DTM*999*20070831
RMR*IK*314320070901*PI*88.25*88.25*0
REF*PO*0020070902
REF*ST*03143
REF*DP*043
DTM*999*20070901
RMR*IK*314320070902*PI*29.25*29.25*0
REF*PO*0020070903
REF*ST*03143
REF*DP*043
DTM*999*20070902
RMR*IK*314320070903*PI*35.3*35.3*0
REF*PO*0020070904
REF*ST*03143
REF*DP*043
DTM*999*20070903
RMR*IK*314320070904*PI*29.95*29.95*0
REF*PO*0020070905
REF*ST*03143
REF*DP*043
DTM*999*20070904
RMR*IK*314320070905*PI*2.45*2.45*0
REF*PO*0020070906
REF*ST*03143
REF*DP*043
DTM*999*20070905
RMR*IK*319420070831*PI*27.9*27.9*0
REF*PO*0020070901
REF*ST*03194
REF*DP*043
DTM*999*20070831
RMR*IK*319420070901*PI*60.7*60.7*0
REF*PO*0020070902
REF*ST*03194
REF*DP*043
DTM*999*20070901
RMR*IK*319420070902*PI*26.3*26.3*0
REF*PO*0020070903
REF*ST*03194
REF*DP*043
DTM*999*20070902
RMR*IK*319420070903*PI*47.25*47.25*0
REF*PO*0020070904
REF*ST*03194
REF*DP*043
DTM*999*20070903
RMR*IK*319420070904*PI*38.65*38.65*0
REF*PO*0020070905
REF*ST*03194
REF*DP*043
DTM*999*20070904
RMR*IK*319420070905*PI*21.9*21.9*0
REF*PO*0020070906
REF*ST*03194
REF*DP*043
DTM*999*20070905
RMR*IK*334820070904*PI*31.2*31.2*0
REF*PO*0020070905
REF*ST*03348
REF*DP*043
DTM*999*20070904
RMR*IK*334820070905*PI*22.3*22.3*0
REF*PO*0020070906
REF*ST*03348
REF*DP*043
DTM*999*20070905
RMR*IK*335920070904*PI*5.6*5.6*0
REF*PO*0020070905
REF*ST*03359
REF*DP*043
DTM*999*20070904
RMR*IK*335920070905*PI*28.95*28.95*0
REF*PO*0020070906
REF*ST*03359
REF*DP*043
DTM*999*20070905
RMR*IK*340820070902*PI*2.1*2.1*0
REF*PO*0020070903
REF*ST*03408
REF*DP*043
DTM*999*20070902
RMR*IK*340820070903*PI*1.4*1.4*0
REF*PO*0020070904
REF*ST*03408
REF*DP*043
DTM*999*20070903
RMR*IK*340820070904*PI*3.85*3.85*0
REF*PO*0020070905
REF*ST*03408
REF*DP*043
DTM*999*20070904
RMR*IK*340820070905*PI*6.25*6.25*0
REF*PO*0020070906
REF*ST*03408
REF*DP*043
DTM*999*20070905
RMR*IK*341020070830*PI*15.75*15.75*0
REF*PO*0020070831
REF*ST*03410
REF*DP*043
DTM*999*20070830
RMR*IK*364420070830*PI*35.2*35.2*0
REF*PO*0020070831
REF*ST*03644
REF*DP*043
DTM*999*20070830
RMR*IK*364420070831*PI*2.45*2.45*0
REF*PO*0020070901
REF*ST*03644
REF*DP*043
DTM*999*20070831
RMR*IK*364420070901*PI*25.65*25.65*0
REF*PO*0020070902
REF*ST*03644
REF*DP*043
DTM*999*20070901
RMR*IK*364420070903*PI*11.8*11.8*0
REF*PO*0020070904
REF*ST*03644
REF*DP*043
DTM*999*20070903
RMR*IK*364620070830*PI*77.65*77.65*0
REF*PO*0020070831
REF*ST*03646
REF*DP*043
DTM*999*20070830
RMR*IK*364620070831*PI*104.2*104.2*0
REF*PO*0020070901
REF*ST*03646
REF*DP*043
DTM*999*20070831
RMR*IK*364620070901*PI*63.25*63.25*0
REF*PO*0020070902
REF*ST*03646
REF*DP*043
DTM*999*20070901
RMR*IK*364620070902*PI*20.7*20.7*0
REF*PO*0020070903
REF*ST*03646
REF*DP*043
DTM*999*20070902
RMR*IK*364620070904*PI*17.15*17.15*0
REF*PO*0020070905
REF*ST*03646
REF*DP*043
DTM*999*20070904
RMR*IK*364620070905*PI*23.35*23.35*0
REF*PO*0020070906
REF*ST*03646
REF*DP*043
DTM*999*20070905
RMR*IK*367220070904*PI*24.4*24.4*0
REF*PO*0020070905
REF*ST*03672
REF*DP*043
DTM*999*20070904
RMR*IK*367220070905*PI*8*8*0
REF*PO*0020070906
REF*ST*03672
REF*DP*043
DTM*999*20070905
RMR*IK*368520070905*PI*8*8*0
REF*PO*0020070906
REF*ST*03685
REF*DP*043
DTM*999*20070905
RMR*IK*370120070905*PI*5.25*5.25*0
REF*PO*0020070906
REF*ST*03701
REF*DP*043
DTM*999*20070905
RMR*IK*370320070830*PI*36.3*36.3*0
REF*PO*0020070831
REF*ST*03703
REF*DP*043
DTM*999*20070830
RMR*IK*370320070831*PI*49.85*49.85*0
REF*PO*0020070901
REF*ST*03703
REF*DP*043
DTM*999*20070831
RMR*IK*370320070901*PI*106.2*106.2*0
REF*PO*0020070902
REF*ST*03703
REF*DP*043
DTM*999*20070901
RMR*IK*370320070902*PI*59.65*59.65*0
REF*PO*0020070903
REF*ST*03703
REF*DP*043
DTM*999*20070902
RMR*IK*370320070903*PI*61.2*61.2*0
REF*PO*0020070904
REF*ST*03703
REF*DP*043
DTM*999*20070903
RMR*IK*370320070904*PI*67.25*67.25*0
REF*PO*0020070905
REF*ST*03703
REF*DP*043
DTM*999*20070904
RMR*IK*370320070905*PI*10.95*10.95*0
REF*PO*0020070906
REF*ST*03703
REF*DP*043
DTM*999*20070905
RMR*IK*371320070902*PI*4.19*4.19*0
REF*PO*0020070903
REF*ST*03713
REF*DP*043
DTM*999*20070902
RMR*IK*371320070903*PI*.7*.7*0
REF*PO*0020070904
REF*ST*03713
REF*DP*043
DTM*999*20070903
RMR*IK*371320070904*PI*4.48*4.48*0
REF*PO*0020070905
REF*ST*03713
REF*DP*043
DTM*999*20070904
RMR*IK*371320070905*PI*10.9*10.9*0
REF*PO*0020070906
REF*ST*03713
REF*DP*043
DTM*999*20070905
RMR*IK*371520070830*PI*18.9*18.9*0
REF*PO*0020070831
REF*ST*03715
REF*DP*043
DTM*999*20070830
RMR*IK*371520070831*PI*20.7*20.7*0
REF*PO*0020070901
REF*ST*03715
REF*DP*043
DTM*999*20070831
RMR*IK*371520070901*PI*19*19*0
REF*PO*0020070902
REF*ST*03715
REF*DP*043
DTM*999*20070901
RMR*IK*371520070904*PI*13.8*13.8*0
REF*PO*0020070905
REF*ST*03715
REF*DP*043
DTM*999*20070904
RMR*IK*371520070905*PI*2.45*2.45*0
REF*PO*0020070906
REF*ST*03715
REF*DP*043
DTM*999*20070905
RMR*IK*382220070830*PI*56.2*56.2*0
REF*PO*0020070831
REF*ST*03822
REF*DP*043
DTM*999*20070830
RMR*IK*382220070831*PI*65*65*0
REF*PO*0020070901
REF*ST*03822
REF*DP*043
DTM*999*20070831
RMR*IK*382220070901*PI*30.3*30.3*0
REF*PO*0020070902
REF*ST*03822
REF*DP*043
DTM*999*20070901
RMR*IK*382220070902*PI*4.25*4.25*0
REF*PO*0020070903
REF*ST*03822
REF*DP*043
DTM*999*20070902
RMR*IK*382220070905*PI*2.45*2.45*0
REF*PO*0020070906
REF*ST*03822
REF*DP*043
DTM*999*20070905
RMR*IK*383620070905*PI*32.45*32.45*0
REF*PO*0020070906
REF*ST*03836
REF*DP*043
DTM*999*20070905
RMR*IK*384820070904*PI*7.35*7.35*0
REF*PO*0020070905
REF*ST*03848
REF*DP*043
DTM*999*20070904
RMR*IK*384820070905*PI*30.1*30.1*0
REF*PO*0020070906
REF*ST*03848
REF*DP*043
DTM*999*20070905
RMR*IK*387620070905*PI*20.55*20.55*0
REF*PO*0020070906
REF*ST*03876
REF*DP*043
DTM*999*20070905
RMR*IK*393120070904*PI*19*19*0
REF*PO*0020070905
REF*ST*03931
REF*DP*043
DTM*999*20070904
RMR*IK*393120070905*PI*13.5*13.5*0
REF*PO*0020070906
REF*ST*03931
REF*DP*043
DTM*999*20070905
RMR*IK*393920070903*PI*5.25*5.25*0
REF*PO*0020070904
REF*ST*03939
REF*DP*043
DTM*999*20070903
RMR*IK*393920070904*PI*2.1*2.1*0
REF*PO*0020070905
REF*ST*03939
REF*DP*043
DTM*999*20070904
RMR*IK*394120070830*PI*49.05*49.05*0
REF*PO*0020070831
REF*ST*03941
REF*DP*043
DTM*999*20070830
RMR*IK*394120070831*PI*90.1*90.1*0
REF*PO*0020070901
REF*ST*03941
REF*DP*043
DTM*999*20070831
RMR*IK*394120070901*PI*122.2*122.2*0
REF*PO*0020070902
REF*ST*03941
REF*DP*043
DTM*999*20070901
RMR*IK*394120070902*PI*78.15*78.15*0
REF*PO*0020070903
REF*ST*03941
REF*DP*043
DTM*999*20070902
RMR*IK*394120070903*PI*42.4*42.4*0
REF*PO*0020070904
REF*ST*03941
REF*DP*043
DTM*999*20070903
RMR*IK*394120070904*PI*53.1*53.1*0
REF*PO*0020070905
REF*ST*03941
REF*DP*043
DTM*999*20070904
RMR*IK*394120070905*PI*6.9*6.9*0
REF*PO*0020070906
REF*ST*03941
REF*DP*043
DTM*999*20070905
RMR*IK*396620070904*PI*30.05*30.05*0
REF*PO*0020070905
REF*ST*03966
REF*DP*043
DTM*999*20070904
RMR*IK*396620070905*PI*30.9*30.9*0
REF*PO*0020070906
REF*ST*03966
REF*DP*043
DTM*999*20070905
RMR*IK*397820070905*PI*2.45*2.45*0
REF*PO*0020070906
REF*ST*03978
REF*DP*043
DTM*999*20070905
RMR*IK*399620070905*PI*3.85*3.85*0
REF*PO*0020070906
REF*ST*03996
REF*DP*043
DTM*999*20070905
RMR*IK*407120070905*PI*25.45*25.45*0
REF*PO*0020070906
REF*ST*04071
REF*DP*043
DTM*999*20070905
RMR*IK*409320070830*PI*86*86*0
REF*PO*0020070831
REF*ST*04093
REF*DP*043
DTM*999*20070830
RMR*IK*409320070831*PI*47.8*47.8*0
REF*PO*0020070901
REF*ST*04093
REF*DP*043
DTM*999*20070831
RMR*IK*409320070901*PI*92.15*92.15*0
REF*PO*0020070902
REF*ST*04093
REF*DP*043
DTM*999*20070901
RMR*IK*409320070902*PI*45.1*45.1*0
REF*PO*0020070903
REF*ST*04093
REF*DP*043
DTM*999*20070902
RMR*IK*409320070903*PI*35.3*35.3*0
REF*PO*0020070904
REF*ST*04093
REF*DP*043
DTM*999*20070903
RMR*IK*409320070904*PI*31.85*31.85*0
REF*PO*0020070905
REF*ST*04093
REF*DP*043
DTM*999*20070904
RMR*IK*410320070830*PI*113.85*113.85*0
REF*PO*0020070831
REF*ST*04103
REF*DP*043
DTM*999*20070830
RMR*IK*410320070831*PI*32.4*32.4*0
REF*PO*0020070901
REF*ST*04103
REF*DP*043
DTM*999*20070831
RMR*IK*410320070901*PI*36.1*36.1*0
REF*PO*0020070902
REF*ST*04103
REF*DP*043
DTM*999*20070901
RMR*IK*410320070902*PI*32.1*32.1*0
REF*PO*0020070903
REF*ST*04103
REF*DP*043
DTM*999*20070902
RMR*IK*410320070903*PI*33.7*33.7*0
REF*PO*0020070904
REF*ST*04103
REF*DP*043
DTM*999*20070903
RMR*IK*410320070904*PI*41.2*41.2*0
REF*PO*0020070905
REF*ST*04103
REF*DP*043
DTM*999*20070904
RMR*IK*410320070905*PI*7.35*7.35*0
REF*PO*0020070906
REF*ST*04103
REF*DP*043
DTM*999*20070905
RMR*IK*424420070830*PI*135.55*135.55*0
REF*PO*0020070831
REF*ST*04244
REF*DP*043
DTM*999*20070830
RMR*IK*424420070831*PI*40.1*40.1*0
REF*PO*0020070901
REF*ST*04244
REF*DP*043
DTM*999*20070831
RMR*IK*424420070901*PI*119.05*119.05*0
REF*PO*0020070902
REF*ST*04244
REF*DP*043
DTM*999*20070901
RMR*IK*424420070902*PI*69.9*69.9*0
REF*PO*0020070903
REF*ST*04244
REF*DP*043
DTM*999*20070902
RMR*IK*424420070903*PI*44.3*44.3*0
REF*PO*0020070904
REF*ST*04244
REF*DP*043
DTM*999*20070903
RMR*IK*424420070904*PI*38.3*38.3*0
REF*PO*0020070905
REF*ST*04244
REF*DP*043
DTM*999*20070904
RMR*IK*424420070905*PI*38.3*38.3*0
REF*PO*0020070906
REF*ST*04244
REF*DP*043
DTM*999*20070905
RMR*IK*430820070830*PI*24.3*24.3*0
REF*PO*0020070831
REF*ST*04308
REF*DP*043
DTM*999*20070830
RMR*IK*430820070831*PI*6.7*6.7*0
REF*PO*0020070901
REF*ST*04308
REF*DP*043
DTM*999*20070831
RMR*IK*430820070901*PI*69.9*69.9*0
REF*PO*0020070902
REF*ST*04308
REF*DP*043
DTM*999*20070901
RMR*IK*430820070902*PI*61.6*61.6*0
REF*PO*0020070903
REF*ST*04308
REF*DP*043
DTM*999*20070902
RMR*IK*430820070903*PI*134.95*134.95*0
REF*PO*0020070904
REF*ST*04308
REF*DP*043
DTM*999*20070903
RMR*IK*430820070904*PI*14.8*14.8*0
REF*PO*0020070905
REF*ST*04308
REF*DP*043
DTM*999*20070904
RMR*IK*430820070905*PI*16.05*16.05*0
REF*PO*0020070906
REF*ST*04308
REF*DP*043
DTM*999*20070905
RMR*IK*431220070904*PI*4.9*4.9*0
REF*PO*0020070905
REF*ST*04312
REF*DP*043
DTM*999*20070904
RMR*IK*431220070905*PI*41.35*41.35*0
REF*PO*0020070906
REF*ST*04312
REF*DP*043
DTM*999*20070905
RMR*IK*447520070830*PI*4.25*4.25*0
REF*PO*0020070831
REF*ST*04475
REF*DP*043
DTM*999*20070830
RMR*IK*447520070904*PI*22.5*22.5*0
REF*PO*0020070905
REF*ST*04475
REF*DP*043
DTM*999*20070904
RMR*IK*447520070905*PI*25.9*25.9*0
REF*PO*0020070906
REF*ST*04475
REF*DP*043
DTM*999*20070905
RMR*IK*471720070830*PI*14.25*14.25*0
REF*PO*0020070831
REF*ST*04717
REF*DP*043
DTM*999*20070830
RMR*IK*471720070831*PI*8.9*8.9*0
REF*PO*0020070901
REF*ST*04717
REF*DP*043
DTM*999*20070831
RMR*IK*471720070901*PI*68.65*68.65*0
REF*PO*0020070902
REF*ST*04717
REF*DP*043
DTM*999*20070901
RMR*IK*471720070902*PI*4.9*4.9*0
REF*PO*0020070903
REF*ST*04717
REF*DP*043
DTM*999*20070902
RMR*IK*471720070903*PI*34.3*34.3*0
REF*PO*0020070904
REF*ST*04717
REF*DP*043
DTM*999*20070903
RMR*IK*471720070904*PI*4.9*4.9*0
REF*PO*0020070905
REF*ST*04717
REF*DP*043
DTM*999*20070904
RMR*IK*471920070830*PI*45.1*45.1*0
REF*PO*0020070831
REF*ST*04719
REF*DP*043
DTM*999*20070830
RMR*IK*471920070831*PI*18*18*0
REF*PO*0020070901
REF*ST*04719
REF*DP*043
DTM*999*20070831
RMR*IK*471920070901*PI*77*77*0
REF*PO*0020070902
REF*ST*04719
REF*DP*043
DTM*999*20070901
RMR*IK*471920070902*PI*88.35*88.35*0
REF*PO*0020070903
REF*ST*04719
REF*DP*043
DTM*999*20070902
RMR*IK*471920070903*PI*74.3*74.3*0
REF*PO*0020070904
REF*ST*04719
REF*DP*043
DTM*999*20070903
RMR*IK*471920070904*PI*4.25*4.25*0
REF*PO*0020070905
REF*ST*04719
REF*DP*043
DTM*999*20070904
RMR*IK*471920070905*PI*31.6*31.6*0
REF*PO*0020070906
REF*ST*04719
REF*DP*043
DTM*999*20070905
RMR*IK*473920070831*PI*12.25*12.25*0
REF*PO*0020070901
REF*ST*04739
REF*DP*043
DTM*999*20070831
RMR*IK*473920070903*PI*32.95*32.95*0
REF*PO*0020070904
REF*ST*04739
REF*DP*043
DTM*999*20070903
RMR*IK*473920070905*PI*9.8*9.8*0
REF*PO*0020070906
REF*ST*04739
REF*DP*043
DTM*999*20070905
RMR*IK*475320070831*PI*67.55*67.55*0
REF*PO*0020070901
REF*ST*04753
REF*DP*043
DTM*999*20070831
RMR*IK*475320070901*PI*35.45*35.45*0
REF*PO*0020070902
REF*ST*04753
REF*DP*043
DTM*999*20070901
RMR*IK*475320070902*PI*35.95*35.95*0
REF*PO*0020070903
REF*ST*04753
REF*DP*043
DTM*999*20070902
RMR*IK*476920070830*PI*17.85*17.85*0
REF*PO*0020070831
REF*ST*04769
REF*DP*043
DTM*999*20070830
RMR*IK*476920070831*PI*35.5*35.5*0
REF*PO*0020070901
REF*ST*04769
REF*DP*043
DTM*999*20070831
RMR*IK*476920070901*PI*49.55*49.55*0
REF*PO*0020070902
REF*ST*04769
REF*DP*043
DTM*999*20070901
RMR*IK*476920070902*PI*32.05*32.05*0
REF*PO*0020070903
REF*ST*04769
REF*DP*043
DTM*999*20070902
RMR*IK*476920070903*PI*18.6*18.6*0
REF*PO*0020070904
REF*ST*04769
REF*DP*043
DTM*999*20070903
RMR*IK*476920070904*PI*5.4*5.4*0
REF*PO*0020070905
REF*ST*04769
REF*DP*043
DTM*999*20070904
RMR*IK*476920070905*PI*16.45*16.45*0
REF*PO*0020070906
REF*ST*04769
REF*DP*043
DTM*999*20070905
RMR*IK*481720070830*PI*11.85*11.85*0
REF*PO*0020070831
REF*ST*04817
REF*DP*043
DTM*999*20070830
RMR*IK*481720070831*PI*47.45*47.45*0
REF*PO*0020070901
REF*ST*04817
REF*DP*043
DTM*999*20070831
RMR*IK*481720070901*PI*4.9*4.9*0
REF*PO*0020070902
REF*ST*04817
REF*DP*043
DTM*999*20070901
RMR*IK*481720070902*PI*13.4*13.4*0
REF*PO*0020070903
REF*ST*04817
REF*DP*043
DTM*999*20070902
RMR*IK*481720070903*PI*9.15*9.15*0
REF*PO*0020070904
REF*ST*04817
REF*DP*043
DTM*999*20070903
RMR*IK*481720070904*PI*4.25*4.25*0
REF*PO*0020070905
REF*ST*04817
REF*DP*043
DTM*999*20070904
RMR*IK*481720070905*PI*2.45*2.45*0
REF*PO*0020070906
REF*ST*04817
REF*DP*043
DTM*999*20070905
RMR*IK*483520070904*PI*19.8*19.8*0
REF*PO*0020070905
REF*ST*04835
REF*DP*043
DTM*999*20070904
RMR*IK*483520070905*PI*22.9*22.9*0
REF*PO*0020070906
REF*ST*04835
REF*DP*043
DTM*999*20070905
RMR*IK*488320070830*PI*4.25*4.25*0
REF*PO*0020070831
REF*ST*04883
REF*DP*043
DTM*999*20070830
RMR*IK*488320070831*PI*84.65*84.65*0
REF*PO*0020070901
REF*ST*04883
REF*DP*043
DTM*999*20070831
RMR*IK*488320070901*PI*104.3*104.3*0
REF*PO*0020070902
REF*ST*04883
REF*DP*043
DTM*999*20070901
RMR*IK*488320070902*PI*50.4*50.4*0
REF*PO*0020070903
REF*ST*04883
REF*DP*043
DTM*999*20070902
RMR*IK*488320070903*PI*47.55*47.55*0
REF*PO*0020070904
REF*ST*04883
REF*DP*043
DTM*999*20070903
RMR*IK*488320070904*PI*13.6*13.6*0
REF*PO*0020070905
REF*ST*04883
REF*DP*043
DTM*999*20070904
RMR*IK*488320070905*PI*4.25*4.25*0
REF*PO*0020070906
REF*ST*04883
REF*DP*043
DTM*999*20070905
RMR*IK*489820070905*PI*48.95*48.95*0
REF*PO*0020070906
REF*ST*04898
REF*DP*043
DTM*999*20070905
RMR*IK*497020070831*PI*12*12*0
REF*PO*0020070901
REF*ST*04970
REF*DP*043
DTM*999*20070831
RMR*IK*497020070901*PI*16.25*16.25*0
REF*PO*0020070902
REF*ST*04970
REF*DP*043
DTM*999*20070901
RMR*IK*497020070902*PI*31.9*31.9*0
REF*PO*0020070903
REF*ST*04970
REF*DP*043
DTM*999*20070902
RMR*IK*497020070903*PI*7.35*7.35*0
REF*PO*0020070904
REF*ST*04970
REF*DP*043
DTM*999*20070903
RMR*IK*497020070904*PI*4.9*4.9*0
REF*PO*0020070905
REF*ST*04970
REF*DP*043
DTM*999*20070904
RMR*IK*497020070905*PI*11.9*11.9*0
REF*PO*0020070906
REF*ST*04970
REF*DP*043
DTM*999*20070905
RMR*IK*502320070904*PI*32.4*32.4*0
REF*PO*0020070907
REF*ST*05023
REF*DP*043
DTM*999*20070904
RMR*IK*704520070904*PI*41*41*0
REF*PO*0020070905
REF*ST*07045
REF*DP*043
DTM*999*20070904
RMR*IK*704520070905*PI*11.9*11.9*0
REF*PO*0020070906
REF*ST*07045
REF*DP*043
DTM*999*20070905
RMR*IK*706420070905*PI*92.55*92.55*0
REF*PO*0020070906
REF*ST*07064
REF*DP*043
DTM*999*20070905
RMR*IK*706620070904*PI*9.8*9.8*0
REF*PO*0020070905
REF*ST*07066
REF*DP*043
DTM*999*20070904
RMR*IK*706620070905*PI*41.2*41.2*0
REF*PO*0020070906
REF*ST*07066
REF*DP*043
DTM*999*20070905
RMR*IK*707620070830*PI*62.05*62.05*0
REF*PO*0020070831
REF*ST*07076
REF*DP*043
DTM*999*20070830
RMR*IK*707620070831*PI*110.6*110.6*0
REF*PO*0020070901
REF*ST*07076
REF*DP*043
DTM*999*20070831
RMR*IK*707620070901*PI*34.15*34.15*0
REF*PO*0020070902
REF*ST*07076
REF*DP*043
DTM*999*20070901
RMR*IK*707620070903*PI*2.45*2.45*0
REF*PO*0020070904
REF*ST*07076
REF*DP*043
DTM*999*20070903
RMR*IK*707620070904*PI*21.5*21.5*0
REF*PO*0020070905
REF*ST*07076
REF*DP*043
DTM*999*20070904
RMR*IK*707620070905*PI*17*17*0
REF*PO*0020070906
REF*ST*07076
REF*DP*043
DTM*999*20070905
RMR*IK*714620070904*PI*10.95*10.95*0
REF*PO*0020070905
REF*ST*07146
REF*DP*043
DTM*999*20070904
RMR*IK*714620070905*PI*4.25*4.25*0
REF*PO*0020070906
REF*ST*07146
REF*DP*043
DTM*999*20070905
RMR*IK*715420070904*PI*24*24*0
REF*PO*0020070905
REF*ST*07154
REF*DP*043
DTM*999*20070904
RMR*IK*715420070905*PI*30.6*30.6*0
REF*PO*0020070906
REF*ST*07154
REF*DP*043
DTM*999*20070905
RMR*IK*723920070923*PI*-2.45*-2.45*0
REF*PO*0020070925
REF*ST*07239
REF*DP*043
DTM*999*20070923
RMR*IK*725520070830*PI*97.5*97.5*0
REF*PO*0020070831
REF*ST*07255
REF*DP*043
DTM*999*20070830
RMR*IK*725520070831*PI*111.1*111.1*0
REF*PO*0020070901
REF*ST*07255
REF*DP*043
DTM*999*20070831
RMR*IK*725520070901*PI*93.35*93.35*0
REF*PO*0020070902
REF*ST*07255
REF*DP*043
DTM*999*20070901
RMR*IK*725520070902*PI*35.95*35.95*0
REF*PO*0020070903
REF*ST*07255
REF*DP*043
DTM*999*20070902
RMR*IK*725520070903*PI*41.35*41.35*0
REF*PO*0020070904
REF*ST*07255
REF*DP*043
DTM*999*20070903
RMR*IK*725520070904*PI*76.65*76.65*0
REF*PO*0020070905
REF*ST*07255
REF*DP*043
DTM*999*20070904
RMR*IK*725520070905*PI*18.75*18.75*0
REF*PO*0020070906
REF*ST*07255
REF*DP*043
DTM*999*20070905
RMR*IK*735420070830*PI*22.05*22.05*0
REF*PO*0020070831
REF*ST*07354
REF*DP*043
DTM*999*20070830
RMR*IK*735420070831*PI*88.85*88.85*0
REF*PO*0020070901
REF*ST*07354
REF*DP*043
DTM*999*20070831
RMR*IK*735420070901*PI*71.9*71.9*0
REF*PO*0020070902
REF*ST*07354
REF*DP*043
DTM*999*20070901
RMR*IK*735420070902*PI*4.25*4.25*0
REF*PO*0020070903
REF*ST*07354
REF*DP*043
DTM*999*20070902
RMR*IK*735420070903*PI*20.75*20.75*0
REF*PO*0020070904
REF*ST*07354
REF*DP*043
DTM*999*20070903
RMR*IK*735420070904*PI*4.25*4.25*0
REF*PO*0020070905
REF*ST*07354
REF*DP*043
DTM*999*20070904
RMR*IK*735420070905*PI*8.5*8.5*0
REF*PO*0020070906
REF*ST*07354
REF*DP*043
DTM*999*20070905
RMR*IK*735820070830*PI*8.15*8.15*0
REF*PO*0020070831
REF*ST*07358
REF*DP*043
DTM*999*20070830
RMR*IK*735820070831*PI*7.9*7.9*0
REF*PO*0020070901
REF*ST*07358
REF*DP*043
DTM*999*20070831
RMR*IK*735820070901*PI*34.4*34.4*0
REF*PO*0020070902
REF*ST*07358
REF*DP*043
DTM*999*20070901
RMR*IK*735820070902*PI*63.55*63.55*0
REF*PO*0020070903
REF*ST*07358
REF*DP*043
DTM*999*20070902
RMR*IK*735820070903*PI*65.75*65.75*0
REF*PO*0020070904
REF*ST*07358
REF*DP*043
DTM*999*20070903
RMR*IK*735820070904*PI*20.7*20.7*0
REF*PO*0020070905
REF*ST*07358
REF*DP*043
DTM*999*20070904
RMR*IK*735820070905*PI*2.45*2.45*0
REF*PO*0020070906
REF*ST*07358
REF*DP*043
DTM*999*20070905
RMR*IK*743720070905*PI*9*9*0
REF*PO*0020070906
REF*ST*07437
REF*DP*043
DTM*999*20070905
RMR*IK*746020070830*PI*19.8*19.8*0
REF*PO*0020070831
REF*ST*07460
REF*DP*043
DTM*999*20070830
RMR*IK*746020070831*PI*47.45*47.45*0
REF*PO*0020070901
REF*ST*07460
REF*DP*043
DTM*999*20070831
RMR*IK*746020070901*PI*80.45*80.45*0
REF*PO*0020070902
REF*ST*07460
REF*DP*043
DTM*999*20070901
RMR*IK*746020070902*PI*51*51*0
REF*PO*0020070903
REF*ST*07460
REF*DP*043
DTM*999*20070902
RMR*IK*746020070903*PI*7.3*7.3*0
REF*PO*0020070904
REF*ST*07460
REF*DP*043
DTM*999*20070903
RMR*IK*746020070904*PI*4*4*0
REF*PO*0020070905
REF*ST*07460
REF*DP*043
DTM*999*20070904
RMR*IK*746020070905*PI*6.9*6.9*0
REF*PO*0020070906
REF*ST*07460
REF*DP*043
DTM*999*20070905
RMR*IK*746120070830*PI*30.5*30.5*0
REF*PO*0020070831
REF*ST*07461
REF*DP*043
DTM*999*20070830
RMR*IK*746120070831*PI*13.4*13.4*0
REF*PO*0020070901
REF*ST*07461
REF*DP*043
DTM*999*20070831
RMR*IK*746120070901*PI*26.3*26.3*0
REF*PO*0020070902
REF*ST*07461
REF*DP*043
DTM*999*20070901
RMR*IK*746120070902*PI*22.05*22.05*0
REF*PO*0020070903
REF*ST*07461
REF*DP*043
DTM*999*20070902
RMR*IK*746120070903*PI*2.45*2.45*0
REF*PO*0020070904
REF*ST*07461
REF*DP*043
DTM*999*20070903
RMR*IK*746120070904*PI*6.9*6.9*0
REF*PO*0020070905
REF*ST*07461
REF*DP*043
DTM*999*20070904
RMR*IK*746120070905*PI*2.45*2.45*0
REF*PO*0020070906
REF*ST*07461
REF*DP*043
DTM*999*20070905
RMR*IK*755820070904*PI*4.25*4.25*0
REF*PO*0020070905
REF*ST*07558
REF*DP*043
DTM*999*20070904
RMR*IK*760720070830*PI*26.9*26.9*0
REF*PO*0020070831
REF*ST*07607
REF*DP*043
DTM*999*20070830
RMR*IK*760720070831*PI*67.3*67.3*0
REF*PO*0020070901
REF*ST*07607
REF*DP*043
DTM*999*20070831
RMR*IK*760720070901*PI*40.7*40.7*0
REF*PO*0020070902
REF*ST*07607
REF*DP*043
DTM*999*20070901
RMR*IK*760720070902*PI*40.3*40.3*0
REF*PO*0020070903
REF*ST*07607
REF*DP*043
DTM*999*20070902
RMR*IK*760720070903*PI*32.75*32.75*0
REF*PO*0020070904
REF*ST*07607
REF*DP*043
DTM*999*20070903
RMR*IK*760720070904*PI*28.8*28.8*0
REF*PO*0020070905
REF*ST*07607
REF*DP*043
DTM*999*20070904
RMR*IK*761020070831*PI*5.25*5.25*0
REF*PO*0020070901
REF*ST*07610
REF*DP*043
DTM*999*20070831
RMR*IK*761020070903*PI*3*3*0
REF*PO*0020070904
REF*ST*07610
REF*DP*043
DTM*999*20070903
RMR*IK*761020070905*PI*28.85*28.85*0
REF*PO*0020070906
REF*ST*07610
REF*DP*043
DTM*999*20070905
RMR*IK*763720070905*PI*14.5*14.5*0
REF*PO*0020070906
REF*ST*07637
REF*DP*043
DTM*999*20070905
RMR*IK*771820070904*PI*13.8*13.8*0
REF*PO*0020070905
REF*ST*07718
REF*DP*043
DTM*999*20070904
RMR*IK*771820070905*PI*2.45*2.45*0
REF*PO*0020070906
REF*ST*07718
REF*DP*043
DTM*999*20070905
RMR*IK*771920070901*PI*28.3*28.3*0
REF*PO*0020070902
REF*ST*07719
REF*DP*043
DTM*999*20070901
RMR*IK*771920070902*PI*44.65*44.65*0
REF*PO*0020070903
REF*ST*07719
REF*DP*043
DTM*999*20070902
RMR*IK*771920070904*PI*7.35*7.35*0
REF*PO*0020070905
REF*ST*07719
REF*DP*043
DTM*999*20070904
RMR*IK*771920070905*PI*23.2*23.2*0
REF*PO*0020070906
REF*ST*07719
REF*DP*043
DTM*999*20070905
RMR*IK*951320070830*PI*6*6*0
REF*PO*0020070831
REF*ST*09513
REF*DP*043
DTM*999*20070830
RMR*IK*951320070901*PI*36.5*36.5*0
REF*PO*0020070902
REF*ST*09513
REF*DP*043
DTM*999*20070901
RMR*IK*951320070903*PI*37.5*37.5*0
REF*PO*0020070904
REF*ST*09513
REF*DP*043
DTM*999*20070903
RMR*IK*951320070904*PI*20.7*20.7*0
REF*PO*0020070905
REF*ST*09513
REF*DP*043
DTM*999*20070904
RMR*IK*956020070905*PI*4*4*0
REF*PO*0020070906
REF*ST*09560
REF*DP*043
DTM*999*20070905
RMR*IK*957120070904*PI*45.4*45.4*0
REF*PO*0020070905
REF*ST*09571
REF*DP*043
DTM*999*20070904
RMR*IK*957120070905*PI*36.65*36.65*0
REF*PO*0020070906
REF*ST*09571
REF*DP*043
DTM*999*20070905
RMR*IK*962020070904*PI*34.6*34.6*0
REF*PO*0020070905
REF*ST*09620
REF*DP*043
DTM*999*20070904
RMR*IK*962020070905*PI*30.1*30.1*0
REF*PO*0020070906
REF*ST*09620
REF*DP*043
DTM*999*20070905
RMR*IK*962220070905*PI*9.4*9.4*0
REF*PO*0020070906
REF*ST*09622
REF*DP*043
DTM*999*20070905
RMR*IK*962520070905*PI*4*4*0
REF*PO*0020070906
REF*ST*09625
REF*DP*043
DTM*999*20070905
RMR*IK*962920070830*PI*19.15*19.15*0
REF*PO*0020070831
REF*ST*09629
REF*DP*043
DTM*999*20070830
RMR*IK*962920070831*PI*49.75*49.75*0
REF*PO*0020070901
REF*ST*09629
REF*DP*043
DTM*999*20070831
RMR*IK*962920070901*PI*39.65*39.65*0
REF*PO*0020070902
REF*ST*09629
REF*DP*043
DTM*999*20070901
RMR*IK*962920070902*PI*56.65*56.65*0
REF*PO*0020070903
REF*ST*09629
REF*DP*043
DTM*999*20070902
RMR*IK*962920070903*PI*20.4*20.4*0
REF*PO*0020070904
REF*ST*09629
REF*DP*043
DTM*999*20070903
RMR*IK*962920070904*PI*36.15*36.15*0
REF*PO*0020070905
REF*ST*09629
REF*DP*043
DTM*999*20070904
RMR*IK*962920070905*PI*78.15*78.15*0
REF*PO*0020070906
REF*ST*09629
REF*DP*043
DTM*999*20070905
RMR*IK*963320070830*PI*29*29*0
REF*PO*0020070831
REF*ST*09633
REF*DP*043
DTM*999*20070830
RMR*IK*963320070831*PI*64*64*0
REF*PO*0020070901
REF*ST*09633
REF*DP*043
DTM*999*20070831
RMR*IK*963320070901*PI*31.7*31.7*0
REF*PO*0020070902
REF*ST*09633
REF*DP*043
DTM*999*20070901
RMR*IK*963320070902*PI*34.3*34.3*0
REF*PO*0020070903
REF*ST*09633
REF*DP*043
DTM*999*20070902
RMR*IK*963320070903*PI*46.65*46.65*0
REF*PO*0020070904
REF*ST*09633
REF*DP*043
DTM*999*20070903
RMR*IK*963320070904*PI*35.95*35.95*0
REF*PO*0020070905
REF*ST*09633
REF*DP*043
DTM*999*20070904
RMR*IK*963320070905*PI*17.7*17.7*0
REF*PO*0020070906
REF*ST*09633
REF*DP*043
DTM*999*20070905
RMR*IK*963920070905*PI*23.8*23.8*0
REF*PO*0020070906
REF*ST*09639
REF*DP*043
DTM*999*20070905
RMR*IK*964820070830*PI*17.9*17.9*0
REF*PO*0020070831
REF*ST*09648
REF*DP*043
DTM*999*20070830
RMR*IK*964820070831*PI*36.45*36.45*0
REF*PO*0020070901
REF*ST*09648
REF*DP*043
DTM*999*20070831
RMR*IK*964820070901*PI*54.55*54.55*0
REF*PO*0020070902
REF*ST*09648
REF*DP*043
DTM*999*20070901
RMR*IK*964820070902*PI*8.7*8.7*0
REF*PO*0020070903
REF*ST*09648
REF*DP*043
DTM*999*20070902
RMR*IK*964820070903*PI*21.15*21.15*0
REF*PO*0020070904
REF*ST*09648
REF*DP*043
DTM*999*20070903
RMR*IK*964820070904*PI*12.5*12.5*0
REF*PO*0020070905
REF*ST*09648
REF*DP*043
DTM*999*20070904
RMR*IK*964820070905*PI*23.85*23.85*0
REF*PO*0020070906
REF*ST*09648
REF*DP*043
DTM*999*20070905
RMR*IK*967420070830*PI*45.65*45.65*0
REF*PO*0020070831
REF*ST*09674
REF*DP*043
DTM*999*20070830
RMR*IK*967420070831*PI*32.95*32.95*0
REF*PO*0020070901
REF*ST*09674
REF*DP*043
DTM*999*20070831
RMR*IK*967420070901*PI*25.65*25.65*0
REF*PO*0020070902
REF*ST*09674
REF*DP*043
DTM*999*20070901
RMR*IK*967420070902*PI*15.4*15.4*0
REF*PO*0020070903
REF*ST*09674
REF*DP*043
DTM*999*20070902
RMR*IK*967420070903*PI*20.7*20.7*0
REF*PO*0020070904
REF*ST*09674
REF*DP*043
DTM*999*20070903
RMR*IK*967420070905*PI*23.85*23.85*0
REF*PO*0020070906
REF*ST*09674
REF*DP*043
DTM*999*20070905
RMR*IK*975820070830*PI*40.7*40.7*0
REF*PO*0020070831
REF*ST*09758
REF*DP*043
DTM*999*20070830
RMR*IK*975820070831*PI*7.35*7.35*0
REF*PO*0020070901
REF*ST*09758
REF*DP*043
DTM*999*20070831
RMR*IK*975820070901*PI*11.15*11.15*0
REF*PO*0020070902
REF*ST*09758
REF*DP*043
DTM*999*20070901
RMR*IK*975820070902*PI*19.8*19.8*0
REF*PO*0020070903
REF*ST*09758
REF*DP*043
DTM*999*20070902
RMR*IK*975820070903*PI*9.8*9.8*0
REF*PO*0020070904
REF*ST*09758
REF*DP*043
DTM*999*20070903
RMR*IK*975820070905*PI*8*8*0
REF*PO*0020070906
REF*ST*09758
REF*DP*043
DTM*999*20070905
SE*1449*0001
GE*1*1000088
IEA*1*001000088
ISA*00*          *00*          *08*9254291001     *12*6154525825     *071002*0421*U*00400*000000157*0*P*>
GS*PD*9254291001*6154525825*20071002*0421*157*X*004010
ST*852*0001
XQ*H*20071002
N9*AD*T00000040
LIN**IN*002904411*ZZ*43*UP*831664001160*****DG*3*VS*00000
ZA*QS***006*20070930
CTP**UCP*1.15
SDQ*EA*ZZ*5070*4
LIN**IN*002904411*ZZ*43*UP*831664001160*****DG*1*VS*00000
ZA*QS***006*20071001
CTP**UCP*1.15
SDQ*EA*ZZ*3082*11*3083*5*3084*18*3103*6*3143*29*3289*4*3348*6*3644*51*3646*87*3661*18
SDQ*EA*ZZ*3672*16*3675*4*3685*12*3701*3*3703*17*3713*20*3715*17*3836*22*3848*1*3876*6
SDQ*EA*ZZ*3941*40*4093*9*4103*15*4189*2*4198*2*4244*10*4308*2*4475*12*4719*27*4769*2
SDQ*EA*ZZ*4883*3*4898*2*4970*3*7045*5*7059*2*7066*6*7076*6*7132*6*7160*8*7354*12
SDQ*EA*ZZ*7358*33*7362*21*7388*6*7460*10*7461*46*7607*40*7610*13*7718*5*7719*9*9513*2
SDQ*EA*ZZ*9571*9*9620*26*9621*11*9625*8*9629*23*9633*16*9648*7*9674*6*9728*2*9758*4
LIN**IN*002904411*ZZ*43*UP*831664001160*****DG*5*VS*00000
ZA*QS***006*20071001
CTP**UCP*1.15
SDQ*EA*ZZ*9571*2
CTT*3
SE*22*0001
ST*852*0002
XQ*H*20071002
N9*AD*T00000040
LIN**IN*016303311*ZZ*43*UP*831664001283*****DG*1*VS*00000
ZA*QS***006*20071001
CTP**UCP*9
SDQ*EA*ZZ*3646*1
CTT*1
SE*9*0002
ST*852*0003
XQ*H*20071002
N9*AD*T00000040
LIN**IN*078857311*ZZ*43*UP*831664001337*****DG*1*VS*00000
ZA*QS***006*20070930
CTP**UCP*2
SDQ*EA*ZZ*5077*12
LIN**IN*078857311*ZZ*43*UP*831664001337*****DG*3*VS*00000
ZA*QS***006*20070930
CTP**UCP*2
SDQ*EA*ZZ*5070*1
LIN**IN*078857311*ZZ*43*UP*831664001337*****DG*1*VS*00000
ZA*QS***006*20071001
CTP**UCP*2
SDQ*EA*ZZ*3063*4*3080*9*3083*1*3084*5*3103*1*3348*4*3408*2*3646*5*3672*5*3685*3
SDQ*EA*ZZ*3703*4*3822*6*3876*1*3931*2*3941*10*3966*1*3978*2*4033*4*4071*4*4103*7
SDQ*EA*ZZ*4198*8*4308*3*4475*2*4717*5*4719*7*4769*12*4898*2*4970*5*7066*1*7132*1
SDQ*EA*ZZ*7160*2*7255*4*7358*1*7388*9*7460*2*7461*4*7607*2*7610*2*7629*2*7719*1
SDQ*EA*ZZ*9217*2*9620*7*9633*7*9648*1*9714*5
LIN**IN*078857311*ZZ*43*UP*831664001337*****DG*8*VS*00000
ZA*QS***006*20071001
CTP**UCP*2
SDQ*EA*ZZ*3836*2*3876*1
CTT*4
SE*25*0003
ST*852*0004
XQ*H*20071002
N9*AD*T00000040
LIN**IN*078857911*ZZ*43*UP*831664001344*****DG*1*VS*00000
ZA*QS***006*20070930
CTP**UCP*4.5
SDQ*EA*ZZ*5023*2*5077*1
ZA*QS***006*20071001
CTP**UCP*4.5
SDQ*EA*ZZ*3084*1*3143*3*3685*1*3996*4*4093*2*4244*3*4719*1*4723*2*7132*1*7354*1
SDQ*EA*ZZ*7358*3*7558*1*7607*1*7610*4*9217*1*9648*1
CTT*1
SE*13*0004
ST*852*0005
XQ*H*20071002
N9*AD*T00000040
LIN**IN*079180612*ZZ*43*UP*831664001368*****DG*1*VS*00000
ZA*QS***006*20071001
CTP**UCP*4.25
SDQ*EA*ZZ*3080*3*3083*1*3084*2*3602*5*3646*1*3701*2*3848*3*3957*4*3978*2*3996*1
SDQ*EA*ZZ*4189*7*4198*1*4244*1*4883*2*4970*1*7160*3*7354*4*7610*5*9629*1*9633*1
LIN**IN*079180612*ZZ*43*UP*831664001368*****DG*3*VS*00000
ZA*QS***006*20071001
CTP**UCP*4.25
SDQ*EA*ZZ*3143*1
LIN**IN*079180612*ZZ*43*UP*831664001368*****DG*5*VS*00000
ZA*QS***006*20071001
CTP**UCP*4.25
SDQ*EA*ZZ*3080*2
CTT*3
SE*18*0005
ST*852*0006
XQ*H*20071002
N9*AD*T00000040
LIN**IN*096698911*ZZ*43*UP*831664001115*****DG*1*VS*00000
ZA*QS***006*20071001
CTP**UCP*8.75
SDQ*EA*ZZ*4719*1*9633*1
LIN**IN*096698911*ZZ*43*UP*831664001115*****DG*4*VS*00000
ZA*QS***006*20071001
CTP**UCP*8.75
SDQ*EA*ZZ*3703*2
CTT*2
SE*13*0006
ST*852*0007
XQ*H*20071002
N9*AD*T00000040
LIN**IN*097095611*ZZ*43*UP*831664000019*****DG*3*VS*00000
ZA*QS***006*20070930
CTP**UCP*1.12
SDQ*EA*ZZ*5070*4
LIN**IN*097095611*ZZ*43*UP*831664000019*****DG*1*VS*00000
ZA*QS***006*20071001
CTP**UCP*1.12
SDQ*EA*ZZ*3080*2*3082*6*3701*3*4189*2*7558*3*9217*2*9714*3
CTT*2
SE*13*0007
ST*852*0008
XQ*H*20071002
N9*AD*T00000040
LIN**IN*097096711*ZZ*43*UP*831664000484*****DG*1*VS*00000
ZA*QS***006*20071001
CTP**UCP*7.9
SDQ*EA*ZZ*9571*2
LIN**IN*097096711*ZZ*43*UP*831664000484*****DG*5*VS*00000
ZA*QS***006*20071001
CTP**UCP*7.9
SDQ*EA*ZZ*3103*1
CTT*2
SE*13*0008
ST*852*0009
XQ*H*20071002
N9*AD*T00000040
LIN**IN*097097511*ZZ*43*UP*831664000910*****DG*1*VS*00000
ZA*QS***006*20071001
CTP**UCP*6.9
SDQ*EA*ZZ*3063*1*3103*1*3602*1*4719*1*7154*1
LIN**IN*097097511*ZZ*43*UP*831664000910*****DG*4*VS*00000
ZA*QS***006*20071001
CTP**UCP*6.9
SDQ*EA*ZZ*3978*1
LIN**IN*097097511*ZZ*43*UP*831664000910*****DG*5*VS*00000
ZA*QS***006*20071001
CTP**UCP*6.9
SDQ*EA*ZZ*3103*1
CTT*3
SE*17*0009
ST*852*0010
XQ*H*20071002
N9*AD*T00000040
LIN**IN*097097611*ZZ*43*UP*831664000514*****DG*1*VS*00000
ZA*QS***006*20071001
CTP**UCP*1.4
SDQ*EA*ZZ*3083*2*3084*5*3103*1*3602*1*3661*4*3675*1*3685*4*3713*4*3715*8*3822*1
SDQ*EA*ZZ*3848*2*3941*13*3996*2*4071*3*4103*2*4198*2*4244*1*4717*2*4883*8*4970*2
SDQ*EA*ZZ*7066*2*7069*2*7076*1*7255*3*7358*1*7461*3*7607*3*7610*16*7718*4*9513*1
SDQ*EA*ZZ*9560*6*9629*2*9633*1*9648*10*9714*1
LIN**IN*097097611*ZZ*43*UP*831664000514*****DG*5*VS*00000
ZA*QS***006*20071001
CTP**UCP*1.4
SDQ*EA*ZZ*3876*4
CTT*2
SE*16*0010
ST*852*0011
XQ*H*20071002
N9*AD*T00000040
LIN**IN*097097711*ZZ*43*UP*831664000521*****DG*1*VS*00000
ZA*QS***006*20070930
CTP**UCP*2.45
SDQ*EA*ZZ*5077*1
LIN**IN*097097711*ZZ*43*UP*831664000521*****DG*3*VS*00000
ZA*QS***006*20070930
CTP**UCP*2.45
SDQ*EA*ZZ*5070*4
LIN**IN*097097711*ZZ*43*UP*831664000521*****DG*1*VS*00000
ZA*QS***006*20071001
CTP**UCP*2.45
SDQ*EA*ZZ*3063*8*3080*2*3082*2*3083*3*3084*7*3103*16*3143*26*3194*1*3289*5*3348*7
SDQ*EA*ZZ*3408*4*3602*2*3644*4*3646*33*3672*12*3675*7*3685*1*3701*17*3703*24*3713*14
SDQ*EA*ZZ*3715*5*3822*2*3876*4*3905*1*3931*1*3939*1*3941*13*3978*4*3994*1*4071*5
SDQ*EA*ZZ*4093*17*4103*4*4122*1*4189*14*4198*9*4244*13*4308*7*4475*6*4717*6*4719*17
SDQ*EA*ZZ*4723*4*4769*5*4898*2*4970*1*7028*9*7045*7*7059*2*7066*8*7069*5*7076*1
SDQ*EA*ZZ*7132*2*7154*8*7160*4*7255*10*7354*3*7358*17*7362*3*7388*1*7460*5*7461*5
SDQ*EA*ZZ*7607*9*7610*2*7718*4*7719*4*9217*6*9571*3*9620*7*9625*5*9629*6*9633*12
SDQ*EA*ZZ*9648*5*9674*10*9758*1
LIN**IN*097097711*ZZ*43*UP*831664000521*****DG*5*VS*00000
ZA*QS***006*20071001
CTP**UCP*2.45
SDQ*EA*ZZ*3103*3*3996*1
CTT*4
SE*28*0011
ST*852*0012
XQ*H*20071002
N9*AD*T00000040
LIN**IN*097097811*ZZ*43*UP*831664000538*****DG*1*VS*00000
ZA*QS***006*20071001
CTP**UCP*7.25
SDQ*EA*ZZ*3083*2*3646*2*3675*2*3703*2*3848*1*3876*1*3994*1*4244*3*4717*1*4723*1
SDQ*EA*ZZ*7066*2*7069*1*7132*4*7255*3*7354*2*7358*1*7461*2*7607*2*7719*3*9217*1
SDQ*EA*ZZ*9571*1*9620*2*9629*2*9648*2
CTT*1
SE*11*0012
ST*852*0013
XQ*H*20071002
N9*AD*T00000040
LIN**IN*097098111*ZZ*43*UP*831664000972*****DG*1*VS*00000
ZA*QS***006*20071001
CTP**UCP*.65
SDQ*EA*ZZ*9620*1
CTT*1
SE*9*0013
GE*13*157
IEA*1*000000157
*** SUPERTRACS READY FOR INPUT
