ISA*00*          *00*          *09*006985290EFT   *12*6154525825     *071110*0301*U*00400*001000094*0*P*>
GS*RA*006985290EFT*6154525825*20071110*0301*1000094*X*004010
ST*820*0001
BPR*I*30461.08*C*ACH*CCP*01*021000018*DA*0300955622*9008965873**01*064102601*DA*3000289*20071113*VEN
TRN*3*770250806*9008965873
DTM*097*20071110
N1*PR*KMART CORPORATION*1*008965873
N1*PE*YOUNGS FARMS*92*00069099588
N1*SE*YOUNGS FARMS*92*00069099588
ENT*1
RMR*IK*306320071011*PI*18.05*18.05*0
REF*PO*0020071012
REF*ST*03063
REF*DP*043
DTM*999*20071011
RMR*IK*306320071012*PI*18.75*18.75*0
REF*PO*0020071013
REF*ST*03063
REF*DP*043
DTM*999*20071012
RMR*IK*306320071013*PI*62.5*62.5*0
REF*PO*0020071014
REF*ST*03063
REF*DP*043
DTM*999*20071013
RMR*IK*306320071014*PI*86.35*86.35*0
REF*PO*0020071015
REF*ST*03063
REF*DP*043
DTM*999*20071014
RMR*IK*306320071015*PI*49*49*0
REF*PO*0020071016
REF*ST*03063
REF*DP*043
DTM*999*20071015
RMR*IK*306320071016*PI*73.05*73.05*0
REF*PO*0020071017
REF*ST*03063
REF*DP*043
DTM*999*20071016
RMR*IK*306320071017*PI*20.9*20.9*0
REF*PO*0020071018
REF*ST*03063
REF*DP*043
DTM*999*20071017
RMR*IK*308020071011*PI*14.16*14.16*0
REF*PO*0020071012
REF*ST*03080
REF*DP*043
DTM*999*20071011
RMR*IK*308020071012*PI*14.43*14.43*0
REF*PO*0020071013
REF*ST*03080
REF*DP*043
DTM*999*20071012
RMR*IK*308020071013*PI*6.1*6.1*0
REF*PO*0020071014
REF*ST*03080
REF*DP*043
DTM*999*20071013
RMR*IK*308020071014*PI*9.1*9.1*0
REF*PO*0020071015
REF*ST*03080
REF*DP*043
DTM*999*20071014
RMR*IK*308020071015*PI*13.3*13.3*0
REF*PO*0020071016
REF*ST*03080
REF*DP*043
DTM*999*20071015
RMR*IK*308020071016*PI*7.12*7.12*0
REF*PO*0020071017
REF*ST*03080
REF*DP*043
DTM*999*20071016
RMR*IK*308220071011*PI*15.95*15.95*0
REF*PO*0020071012
REF*ST*03082
REF*DP*043
DTM*999*20071011
RMR*IK*308220071012*PI*1.75*1.75*0
REF*PO*0020071013
REF*ST*03082
REF*DP*043
DTM*999*20071012
RMR*IK*308220071013*PI*5.25*5.25*0
REF*PO*0020071014
REF*ST*03082
REF*DP*043
DTM*999*20071013
RMR*IK*308320071011*PI*93.15*93.15*0
REF*PO*0020071012
REF*ST*03083
REF*DP*043
DTM*999*20071011
RMR*IK*308320071012*PI*68.2*68.2*0
REF*PO*0020071013
REF*ST*03083
REF*DP*043
DTM*999*20071012
RMR*IK*308320071013*PI*86.8*86.8*0
REF*PO*0020071014
REF*ST*03083
REF*DP*043
DTM*999*20071013
RMR*IK*308320071014*PI*27.8*27.8*0
REF*PO*0020071015
REF*ST*03083
REF*DP*043
DTM*999*20071014
RMR*IK*308320071015*PI*42.9*42.9*0
REF*PO*0020071016
REF*ST*03083
REF*DP*043
DTM*999*20071015
RMR*IK*308320071016*PI*48.55*48.55*0
REF*PO*0020071017
REF*ST*03083
REF*DP*043
DTM*999*20071016
RMR*IK*308320071017*PI*29.05*29.05*0
REF*PO*0020071018
REF*ST*03083
REF*DP*043
DTM*999*20071017
RMR*IK*308420071011*PI*53.5*53.5*0
REF*PO*0020071012
REF*ST*03084
REF*DP*043
DTM*999*20071011
RMR*IK*308420071012*PI*148.75*148.75*0
REF*PO*0020071013
REF*ST*03084
REF*DP*043
DTM*999*20071012
RMR*IK*308420071013*PI*112.8*112.8*0
REF*PO*0020071014
REF*ST*03084
REF*DP*043
DTM*999*20071013
RMR*IK*308420071014*PI*53.5*53.5*0
REF*PO*0020071015
REF*ST*03084
REF*DP*043
DTM*999*20071014
RMR*IK*308420071015*PI*111.05*111.05*0
REF*PO*0020071016
REF*ST*03084
REF*DP*043
DTM*999*20071015
RMR*IK*308420071016*PI*30.05*30.05*0
REF*PO*0020071017
REF*ST*03084
REF*DP*043
DTM*999*20071016
RMR*IK*308420071017*PI*46.95*46.95*0
REF*PO*0020071018
REF*ST*03084
REF*DP*043
DTM*999*20071017
RMR*IK*310320071011*PI*44.75*44.75*0
REF*PO*0020071012
REF*ST*03103
REF*DP*043
DTM*999*20071011
RMR*IK*310320071012*PI*29.6*29.6*0
REF*PO*0020071013
REF*ST*03103
REF*DP*043
DTM*999*20071012
RMR*IK*310320071013*PI*21.35*21.35*0
REF*PO*0020071014
REF*ST*03103
REF*DP*043
DTM*999*20071013
RMR*IK*310320071014*PI*35.65*35.65*0
REF*PO*0020071015
REF*ST*03103
REF*DP*043
DTM*999*20071014
RMR*IK*310320071015*PI*38.25*38.25*0
REF*PO*0020071016
REF*ST*03103
REF*DP*043
DTM*999*20071015
RMR*IK*310320071016*PI*15.15*15.15*0
REF*PO*0020071017
REF*ST*03103
REF*DP*043
DTM*999*20071016
RMR*IK*310320071017*PI*20.7*20.7*0
REF*PO*0020071018
REF*ST*03103
REF*DP*043
DTM*999*20071017
RMR*IK*314320071011*PI*14.15*14.15*0
REF*PO*0020071012
REF*ST*03143
REF*DP*043
DTM*999*20071011
RMR*IK*314320071012*PI*7.55*7.55*0
REF*PO*0020071013
REF*ST*03143
REF*DP*043
DTM*999*20071012
RMR*IK*314320071013*PI*9.2*9.2*0
REF*PO*0020071014
REF*ST*03143
REF*DP*043
DTM*999*20071013
RMR*IK*314320071015*PI*9.2*9.2*0
REF*PO*0020071016
REF*ST*03143
REF*DP*043
DTM*999*20071015
RMR*IK*314320071017*PI*5.6*5.6*0
REF*PO*0020071018
REF*ST*03143
REF*DP*043
DTM*999*20071017
RMR*IK*319420071011*PI*13.25*13.25*0
REF*PO*0020071012
REF*ST*03194
REF*DP*043
DTM*999*20071011
RMR*IK*319420071012*PI*28*28*0
REF*PO*0020071013
REF*ST*03194
REF*DP*043
DTM*999*20071012
RMR*IK*319420071013*PI*19.5*19.5*0
REF*PO*0020071014
REF*ST*03194
REF*DP*043
DTM*999*20071013
RMR*IK*319420071014*PI*13.7*13.7*0
REF*PO*0020071015
REF*ST*03194
REF*DP*043
DTM*999*20071014
RMR*IK*319420071015*PI*10.5*10.5*0
REF*PO*0020071016
REF*ST*03194
REF*DP*043
DTM*999*20071015
RMR*IK*328920071012*PI*2.8*2.8*0
REF*PO*0020071013
REF*ST*03289
REF*DP*043
DTM*999*20071012
RMR*IK*328920071013*PI*3.15*3.15*0
REF*PO*0020071014
REF*ST*03289
REF*DP*043
DTM*999*20071013
RMR*IK*328920071014*PI*15.35*15.35*0
REF*PO*0020071015
REF*ST*03289
REF*DP*043
DTM*999*20071014
RMR*IK*328920071015*PI*6.5*6.5*0
REF*PO*0020071016
REF*ST*03289
REF*DP*043
DTM*999*20071015
RMR*IK*328920071016*PI*4.05*4.05*0
REF*PO*0020071017
REF*ST*03289
REF*DP*043
DTM*999*20071016
RMR*IK*334820071011*PI*24.7*24.7*0
REF*PO*0020071012
REF*ST*03348
REF*DP*043
DTM*999*20071011
RMR*IK*334820071012*PI*69.1*69.1*0
REF*PO*0020071013
REF*ST*03348
REF*DP*043
DTM*999*20071012
RMR*IK*334820071013*PI*64.85*64.85*0
REF*PO*0020071014
REF*ST*03348
REF*DP*043
DTM*999*20071013
RMR*IK*334820071014*PI*58.4*58.4*0
REF*PO*0020071015
REF*ST*03348
REF*DP*043
DTM*999*20071014
RMR*IK*334820071015*PI*14.85*14.85*0
REF*PO*0020071016
REF*ST*03348
REF*DP*043
DTM*999*20071015
RMR*IK*334820071016*PI*24.3*24.3*0
REF*PO*0020071017
REF*ST*03348
REF*DP*043
DTM*999*20071016
RMR*IK*334820071017*PI*29.7*29.7*0
REF*PO*0020071018
REF*ST*03348
REF*DP*043
DTM*999*20071017
RMR*IK*340820071011*PI*15.4*15.4*0
REF*PO*0020071012
REF*ST*03408
REF*DP*043
DTM*999*20071011
RMR*IK*340820071012*PI*5.25*5.25*0
REF*PO*0020071013
REF*ST*03408
REF*DP*043
DTM*999*20071012
RMR*IK*340820071013*PI*3.5*3.5*0
REF*PO*0020071014
REF*ST*03408
REF*DP*043
DTM*999*20071013
RMR*IK*340820071014*PI*2.8*2.8*0
REF*PO*0020071015
REF*ST*03408
REF*DP*043
DTM*999*20071014
RMR*IK*340820071015*PI*6.3*6.3*0
REF*PO*0020071016
REF*ST*03408
REF*DP*043
DTM*999*20071015
RMR*IK*340820071016*PI*12.65*12.65*0
REF*PO*0020071017
REF*ST*03408
REF*DP*043
DTM*999*20071016
RMR*IK*340820071017*PI*12.6*12.6*0
REF*PO*0020071018
REF*ST*03408
REF*DP*043
DTM*999*20071017
RMR*IK*360220071011*PI*15.75*15.75*0
REF*PO*0020071012
REF*ST*03602
REF*DP*043
DTM*999*20071011
RMR*IK*360220071012*PI*41.8*41.8*0
REF*PO*0020071013
REF*ST*03602
REF*DP*043
DTM*999*20071012
RMR*IK*360220071013*PI*23.3*23.3*0
REF*PO*0020071014
REF*ST*03602
REF*DP*043
DTM*999*20071013
RMR*IK*360220071014*PI*25.35*25.35*0
REF*PO*0020071015
REF*ST*03602
REF*DP*043
DTM*999*20071014
RMR*IK*360220071015*PI*13*13*0
REF*PO*0020071016
REF*ST*03602
REF*DP*043
DTM*999*20071015
RMR*IK*360220071016*PI*31.9*31.9*0
REF*PO*0020071017
REF*ST*03602
REF*DP*043
DTM*999*20071016
RMR*IK*360220071017*PI*23.85*23.85*0
REF*PO*0020071018
REF*ST*03602
REF*DP*043
DTM*999*20071017
RMR*IK*364420071011*PI*8.75*8.75*0
REF*PO*0020071012
REF*ST*03644
REF*DP*043
DTM*999*20071011
RMR*IK*364420071012*PI*90.2*90.2*0
REF*PO*0020071013
REF*ST*03644
REF*DP*043
DTM*999*20071012
RMR*IK*364420071013*PI*123.95*123.95*0
REF*PO*0020071014
REF*ST*03644
REF*DP*043
DTM*999*20071013
RMR*IK*364420071014*PI*41.25*41.25*0
REF*PO*0020071015
REF*ST*03644
REF*DP*043
DTM*999*20071014
RMR*IK*364420071015*PI*31.25*31.25*0
REF*PO*0020071016
REF*ST*03644
REF*DP*043
DTM*999*20071015
RMR*IK*364420071016*PI*8.65*8.65*0
REF*PO*0020071017
REF*ST*03644
REF*DP*043
DTM*999*20071016
RMR*IK*364420071017*PI*12.65*12.65*0
REF*PO*0020071018
REF*ST*03644
REF*DP*043
DTM*999*20071017
RMR*IK*364620071011*PI*192.5*192.5*0
REF*PO*0020071012
REF*ST*03646
REF*DP*043
DTM*999*20071011
RMR*IK*364620071012*PI*136.55*136.55*0
REF*PO*0020071013
REF*ST*03646
REF*DP*043
DTM*999*20071012
RMR*IK*364620071013*PI*519.1*519.1*0
REF*PO*0020071014
REF*ST*03646
REF*DP*043
DTM*999*20071013
RMR*IK*364620071014*PI*357.4*357.4*0
REF*PO*0020071015
REF*ST*03646
REF*DP*043
DTM*999*20071014
RMR*IK*364620071015*PI*322.2*322.2*0
REF*PO*0020071016
REF*ST*03646
REF*DP*043
DTM*999*20071015
RMR*IK*364620071016*PI*338*338*0
REF*PO*0020071017
REF*ST*03646
REF*DP*043
DTM*999*20071016
RMR*IK*364620071017*PI*519.75*519.75*0
REF*PO*0020071018
REF*ST*03646
REF*DP*043
DTM*999*20071017
RMR*IK*366120071011*PI*12.4*12.4*0
REF*PO*0020071012
REF*ST*03661
REF*DP*043
DTM*999*20071011
RMR*IK*366120071012*PI*12.75*12.75*0
REF*PO*0020071013
REF*ST*03661
REF*DP*043
DTM*999*20071012
RMR*IK*366120071013*PI*10.5*10.5*0
REF*PO*0020071014
REF*ST*03661
REF*DP*043
DTM*999*20071013
RMR*IK*366120071014*PI*20.3*20.3*0
REF*PO*0020071015
REF*ST*03661
REF*DP*043
DTM*999*20071014
RMR*IK*366120071015*PI*2*2*0
REF*PO*0020071016
REF*ST*03661
REF*DP*043
DTM*999*20071015
RMR*IK*366120071016*PI*1.75*1.75*0
REF*PO*0020071017
REF*ST*03661
REF*DP*043
DTM*999*20071016
RMR*IK*366120071017*PI*5.25*5.25*0
REF*PO*0020071018
REF*ST*03661
REF*DP*043
DTM*999*20071017
RMR*IK*367220071011*PI*22.8*22.8*0
REF*PO*0020071012
REF*ST*03672
REF*DP*043
DTM*999*20071011
RMR*IK*367220071012*PI*66.65*66.65*0
REF*PO*0020071013
REF*ST*03672
REF*DP*043
DTM*999*20071012
RMR*IK*367220071013*PI*196.85*196.85*0
REF*PO*0020071014
REF*ST*03672
REF*DP*043
DTM*999*20071013
RMR*IK*367220071014*PI*62.25*62.25*0
REF*PO*0020071015
REF*ST*03672
REF*DP*043
DTM*999*20071014
RMR*IK*367220071015*PI*47.1*47.1*0
REF*PO*0020071016
REF*ST*03672
REF*DP*043
DTM*999*20071015
RMR*IK*367220071016*PI*78.9*78.9*0
REF*PO*0020071017
REF*ST*03672
REF*DP*043
DTM*999*20071016
RMR*IK*367220071017*PI*73.9*73.9*0
REF*PO*0020071018
REF*ST*03672
REF*DP*043
DTM*999*20071017
RMR*IK*367520071011*PI*2.3*2.3*0
REF*PO*0020071012
REF*ST*03675
REF*DP*043
DTM*999*20071011
RMR*IK*367520071013*PI*17*17*0
REF*PO*0020071014
REF*ST*03675
REF*DP*043
DTM*999*20071013
RMR*IK*367520071016*PI*42.5*42.5*0
REF*PO*0020071017
REF*ST*03675
REF*DP*043
DTM*999*20071016
RMR*IK*368520071011*PI*10.45*10.45*0
REF*PO*0020071012
REF*ST*03685
REF*DP*043
DTM*999*20071011
RMR*IK*368520071012*PI*47.55*47.55*0
REF*PO*0020071013
REF*ST*03685
REF*DP*043
DTM*999*20071012
RMR*IK*368520071013*PI*57.45*57.45*0
REF*PO*0020071014
REF*ST*03685
REF*DP*043
DTM*999*20071013
RMR*IK*368520071014*PI*9.75*9.75*0
REF*PO*0020071015
REF*ST*03685
REF*DP*043
DTM*999*20071014
RMR*IK*368520071015*PI*10.45*10.45*0
REF*PO*0020071016
REF*ST*03685
REF*DP*043
DTM*999*20071015
RMR*IK*368520071016*PI*32.35*32.35*0
REF*PO*0020071017
REF*ST*03685
REF*DP*043
DTM*999*20071016
RMR*IK*368520071017*PI*10.9*10.9*0
REF*PO*0020071018
REF*ST*03685
REF*DP*043
DTM*999*20071017
RMR*IK*370120071011*PI*12.75*12.75*0
REF*PO*0020071012
REF*ST*03701
REF*DP*043
DTM*999*20071011
RMR*IK*370120071013*PI*1.12*1.12*0
REF*PO*0020071014
REF*ST*03701
REF*DP*043
DTM*999*20071013
RMR*IK*370120071014*PI*4.25*4.25*0
REF*PO*0020071015
REF*ST*03701
REF*DP*043
DTM*999*20071014
RMR*IK*370120071016*PI*1.15*1.15*0
REF*PO*0020071017
REF*ST*03701
REF*DP*043
DTM*999*20071016
RMR*IK*370120071017*PI*1.12*1.12*0
REF*PO*0020071018
REF*ST*03701
REF*DP*043
DTM*999*20071017
RMR*IK*370320071011*PI*266.75*266.75*0
REF*PO*0020071012
REF*ST*03703
REF*DP*043
DTM*999*20071011
RMR*IK*370320071012*PI*300.25*300.25*0
REF*PO*0020071013
REF*ST*03703
REF*DP*043
DTM*999*20071012
RMR*IK*370320071013*PI*441.4*441.4*0
REF*PO*0020071014
REF*ST*03703
REF*DP*043
DTM*999*20071013
RMR*IK*370320071014*PI*457.65*457.65*0
REF*PO*0020071015
REF*ST*03703
REF*DP*043
DTM*999*20071014
RMR*IK*370320071015*PI*463.15*463.15*0
REF*PO*0020071016
REF*ST*03703
REF*DP*043
DTM*999*20071015
RMR*IK*370320071016*PI*252.45*252.45*0
REF*PO*0020071017
REF*ST*03703
REF*DP*043
DTM*999*20071016
RMR*IK*370320071017*PI*271.4*271.4*0
REF*PO*0020071018
REF*ST*03703
REF*DP*043
DTM*999*20071017
RMR*IK*370320071102*PI*-3.5*-3.5*0
REF*PO*0020071103
REF*ST*03703
REF*DP*043
DTM*999*20071102
RMR*IK*371320071011*PI*48.6*48.6*0
REF*PO*0020071012
REF*ST*03713
REF*DP*043
DTM*999*20071011
RMR*IK*371320071012*PI*47.15*47.15*0
REF*PO*0020071013
REF*ST*03713
REF*DP*043
DTM*999*20071012
RMR*IK*371320071013*PI*121*121*0
REF*PO*0020071014
REF*ST*03713
REF*DP*043
DTM*999*20071013
RMR*IK*371320071014*PI*61.1*61.1*0
REF*PO*0020071015
REF*ST*03713
REF*DP*043
DTM*999*20071014
RMR*IK*371320071015*PI*26.15*26.15*0
REF*PO*0020071016
REF*ST*03713
REF*DP*043
DTM*999*20071015
RMR*IK*371320071016*PI*3.45*3.45*0
REF*PO*0020071017
REF*ST*03713
REF*DP*043
DTM*999*20071016
RMR*IK*371320071017*PI*39.2*39.2*0
REF*PO*0020071018
REF*ST*03713
REF*DP*043
DTM*999*20071017
RMR*IK*371520071011*PI*195.8*195.8*0
REF*PO*0020071012
REF*ST*03715
REF*DP*043
DTM*999*20071011
RMR*IK*371520071012*PI*146.75*146.75*0
REF*PO*0020071013
REF*ST*03715
REF*DP*043
DTM*999*20071012
RMR*IK*371520071013*PI*133.2*133.2*0
REF*PO*0020071014
REF*ST*03715
REF*DP*043
DTM*999*20071013
RMR*IK*371520071014*PI*14.7*14.7*0
REF*PO*0020071015
REF*ST*03715
REF*DP*043
DTM*999*20071014
RMR*IK*371520071015*PI*128.5*128.5*0
REF*PO*0020071016
REF*ST*03715
REF*DP*043
DTM*999*20071015
RMR*IK*371520071016*PI*154.7*154.7*0
REF*PO*0020071017
REF*ST*03715
REF*DP*043
DTM*999*20071016
RMR*IK*371520071017*PI*143.8*143.8*0
REF*PO*0020071018
REF*ST*03715
REF*DP*043
DTM*999*20071017
RMR*IK*382220071011*PI*54.2*54.2*0
REF*PO*0020071012
REF*ST*03822
REF*DP*043
DTM*999*20071011
RMR*IK*382220071012*PI*27*27*0
REF*PO*0020071013
REF*ST*03822
REF*DP*043
DTM*999*20071012
RMR*IK*382220071013*PI*113.6*113.6*0
REF*PO*0020071014
REF*ST*03822
REF*DP*043
DTM*999*20071013
RMR*IK*382220071014*PI*52.7*52.7*0
REF*PO*0020071015
REF*ST*03822
REF*DP*043
DTM*999*20071014
RMR*IK*382220071015*PI*24.5*24.5*0
REF*PO*0020071016
REF*ST*03822
REF*DP*043
DTM*999*20071015
RMR*IK*382220071016*PI*14.45*14.45*0
REF*PO*0020071017
REF*ST*03822
REF*DP*043
DTM*999*20071016
RMR*IK*382220071017*PI*33.75*33.75*0
REF*PO*0020071018
REF*ST*03822
REF*DP*043
DTM*999*20071017
RMR*IK*383620071011*PI*78.2*78.2*0
REF*PO*0020071012
REF*ST*03836
REF*DP*043
DTM*999*20071011
RMR*IK*383620071012*PI*152.25*152.25*0
REF*PO*0020071013
REF*ST*03836
REF*DP*043
DTM*999*20071012
RMR*IK*383620071013*PI*194.25*194.25*0
REF*PO*0020071014
REF*ST*03836
REF*DP*043
DTM*999*20071013
RMR*IK*383620071014*PI*84.1*84.1*0
REF*PO*0020071015
REF*ST*03836
REF*DP*043
DTM*999*20071014
RMR*IK*383620071015*PI*69.8*69.8*0
REF*PO*0020071016
REF*ST*03836
REF*DP*043
DTM*999*20071015
RMR*IK*383620071016*PI*46.7*46.7*0
REF*PO*0020071017
REF*ST*03836
REF*DP*043
DTM*999*20071016
RMR*IK*383620071017*PI*38.85*38.85*0
REF*PO*0020071018
REF*ST*03836
REF*DP*043
DTM*999*20071017
RMR*IK*384820071011*PI*22.85*22.85*0
REF*PO*0020071012
REF*ST*03848
REF*DP*043
DTM*999*20071011
RMR*IK*384820071012*PI*14.8*14.8*0
REF*PO*0020071013
REF*ST*03848
REF*DP*043
DTM*999*20071012
RMR*IK*384820071013*PI*32.5*32.5*0
REF*PO*0020071014
REF*ST*03848
REF*DP*043
DTM*999*20071013
RMR*IK*384820071014*PI*2.55*2.55*0
REF*PO*0020071015
REF*ST*03848
REF*DP*043
DTM*999*20071014
RMR*IK*384820071015*PI*10.15*10.15*0
REF*PO*0020071016
REF*ST*03848
REF*DP*043
DTM*999*20071015
RMR*IK*384820071016*PI*3.5*3.5*0
REF*PO*0020071017
REF*ST*03848
REF*DP*043
DTM*999*20071016
RMR*IK*384820071017*PI*7.7*7.7*0
REF*PO*0020071018
REF*ST*03848
REF*DP*043
DTM*999*20071017
RMR*IK*387620071011*PI*49.2*49.2*0
REF*PO*0020071012
REF*ST*03876
REF*DP*043
DTM*999*20071011
RMR*IK*387620071012*PI*159.6*159.6*0
REF*PO*0020071013
REF*ST*03876
REF*DP*043
DTM*999*20071012
RMR*IK*387620071013*PI*80.8*80.8*0
REF*PO*0020071014
REF*ST*03876
REF*DP*043
DTM*999*20071013
RMR*IK*387620071014*PI*80.65*80.65*0
REF*PO*0020071015
REF*ST*03876
REF*DP*043
DTM*999*20071014
RMR*IK*387620071015*PI*13.8*13.8*0
REF*PO*0020071016
REF*ST*03876
REF*DP*043
DTM*999*20071015
RMR*IK*387620071016*PI*8.05*8.05*0
REF*PO*0020071017
REF*ST*03876
REF*DP*043
DTM*999*20071016
RMR*IK*387620071017*PI*8.05*8.05*0
REF*PO*0020071018
REF*ST*03876
REF*DP*043
DTM*999*20071017
RMR*IK*390520071011*PI*8.5*8.5*0
REF*PO*0020071012
REF*ST*03905
REF*DP*043
DTM*999*20071011
RMR*IK*390520071013*PI*5.25*5.25*0
REF*PO*0020071014
REF*ST*03905
REF*DP*043
DTM*999*20071013
RMR*IK*390520071014*PI*3.5*3.5*0
REF*PO*0020071015
REF*ST*03905
REF*DP*043
DTM*999*20071014
RMR*IK*390520071015*PI*3.25*3.25*0
REF*PO*0020071016
REF*ST*03905
REF*DP*043
DTM*999*20071015
RMR*IK*393120071011*PI*1.4*1.4*0
REF*PO*0020071012
REF*ST*03931
REF*DP*043
DTM*999*20071011
RMR*IK*393120071012*PI*10.55*10.55*0
REF*PO*0020071013
REF*ST*03931
REF*DP*043
DTM*999*20071012
RMR*IK*393120071013*PI*1.15*1.15*0
REF*PO*0020071014
REF*ST*03931
REF*DP*043
DTM*999*20071013
RMR*IK*393120071015*PI*5.6*5.6*0
REF*PO*0020071016
REF*ST*03931
REF*DP*043
DTM*999*20071015
RMR*IK*393120071016*PI*16.6*16.6*0
REF*PO*0020071017
REF*ST*03931
REF*DP*043
DTM*999*20071016
RMR*IK*394120071011*PI*114.3*114.3*0
REF*PO*0020071012
REF*ST*03941
REF*DP*043
DTM*999*20071011
RMR*IK*394120071012*PI*131.2*131.2*0
REF*PO*0020071013
REF*ST*03941
REF*DP*043
DTM*999*20071012
RMR*IK*394120071013*PI*234.05*234.05*0
REF*PO*0020071014
REF*ST*03941
REF*DP*043
DTM*999*20071013
RMR*IK*394120071014*PI*80.9*80.9*0
REF*PO*0020071015
REF*ST*03941
REF*DP*043
DTM*999*20071014
RMR*IK*394120071015*PI*87.7*87.7*0
REF*PO*0020071016
REF*ST*03941
REF*DP*043
DTM*999*20071015
RMR*IK*394120071016*PI*123.1*123.1*0
REF*PO*0020071017
REF*ST*03941
REF*DP*043
DTM*999*20071016
RMR*IK*394120071017*PI*27.9*27.9*0
REF*PO*0020071018
REF*ST*03941
REF*DP*043
DTM*999*20071017
RMR*IK*394620071015*PI*7*7*0
REF*PO*0020071016
REF*ST*03946
REF*DP*043
DTM*999*20071015
RMR*IK*394620071016*PI*11.43*11.43*0
REF*PO*0020071017
REF*ST*03946
REF*DP*043
DTM*999*20071016
RMR*IK*394620071017*PI*1.75*1.75*0
REF*PO*0020071018
REF*ST*03946
REF*DP*043
DTM*999*20071017
RMR*IK*396620071011*PI*9.8*9.8*0
REF*PO*0020071012
REF*ST*03966
REF*DP*043
DTM*999*20071011
RMR*IK*396620071012*PI*2.8*2.8*0
REF*PO*0020071013
REF*ST*03966
REF*DP*043
DTM*999*20071012
RMR*IK*396620071013*PI*3.7*3.7*0
REF*PO*0020071014
REF*ST*03966
REF*DP*043
DTM*999*20071013
RMR*IK*396620071015*PI*1.4*1.4*0
REF*PO*0020071016
REF*ST*03966
REF*DP*043
DTM*999*20071015
RMR*IK*396620071016*PI*3.25*3.25*0
REF*PO*0020071017
REF*ST*03966
REF*DP*043
DTM*999*20071016
RMR*IK*397820071011*PI*25.8*25.8*0
REF*PO*0020071012
REF*ST*03978
REF*DP*043
DTM*999*20071011
RMR*IK*397820071012*PI*54.2*54.2*0
REF*PO*0020071013
REF*ST*03978
REF*DP*043
DTM*999*20071012
RMR*IK*397820071013*PI*51.9*51.9*0
REF*PO*0020071014
REF*ST*03978
REF*DP*043
DTM*999*20071013
RMR*IK*397820071014*PI*91.05*91.05*0
REF*PO*0020071015
REF*ST*03978
REF*DP*043
DTM*999*20071014
RMR*IK*397820071015*PI*66*66*0
REF*PO*0020071016
REF*ST*03978
REF*DP*043
DTM*999*20071015
RMR*IK*397820071016*PI*35*35*0
REF*PO*0020071017
REF*ST*03978
REF*DP*043
DTM*999*20071016
RMR*IK*397820071017*PI*43.65*43.65*0
REF*PO*0020071018
REF*ST*03978
REF*DP*043
DTM*999*20071017
RMR*IK*399120071013*PI*6.3*6.3*0
REF*PO*0020071014
REF*ST*03991
REF*DP*043
DTM*999*20071013
RMR*IK*399120071015*PI*3.25*3.25*0
REF*PO*0020071016
REF*ST*03991
REF*DP*043
DTM*999*20071015
RMR*IK*399120071016*PI*4.95*4.95*0
REF*PO*0020071017
REF*ST*03991
REF*DP*043
DTM*999*20071016
RMR*IK*399420071011*PI*1.75*1.75*0
REF*PO*0020071012
REF*ST*03994
REF*DP*043
DTM*999*20071011
RMR*IK*399420071012*PI*3.5*3.5*0
REF*PO*0020071013
REF*ST*03994
REF*DP*043
DTM*999*20071012
RMR*IK*399420071017*PI*8.4*8.4*0
REF*PO*0020071018
REF*ST*03994
REF*DP*043
DTM*999*20071017
RMR*IK*399620071011*PI*1.75*1.75*0
REF*PO*0020071012
REF*ST*03996
REF*DP*043
DTM*999*20071011
RMR*IK*399620071012*PI*12.8*12.8*0
REF*PO*0020071013
REF*ST*03996
REF*DP*043
DTM*999*20071012
RMR*IK*399620071013*PI*11.75*11.75*0
REF*PO*0020071014
REF*ST*03996
REF*DP*043
DTM*999*20071013
RMR*IK*399620071014*PI*1.75*1.75*0
REF*PO*0020071015
REF*ST*03996
REF*DP*043
DTM*999*20071014
RMR*IK*399620071015*PI*13.95*13.95*0
REF*PO*0020071016
REF*ST*03996
REF*DP*043
DTM*999*20071015
RMR*IK*407120071011*PI*34.05*34.05*0
REF*PO*0020071012
REF*ST*04071
REF*DP*043
DTM*999*20071011
RMR*IK*407120071012*PI*36.45*36.45*0
REF*PO*0020071013
REF*ST*04071
REF*DP*043
DTM*999*20071012
RMR*IK*407120071013*PI*15.8*15.8*0
REF*PO*0020071014
REF*ST*04071
REF*DP*043
DTM*999*20071013
RMR*IK*407120071014*PI*14*14*0
REF*PO*0020071015
REF*ST*04071
REF*DP*043
DTM*999*20071014
RMR*IK*407120071015*PI*1.75*1.75*0
REF*PO*0020071016
REF*ST*04071
REF*DP*043
DTM*999*20071015
RMR*IK*407120071016*PI*27.2*27.2*0
REF*PO*0020071017
REF*ST*04071
REF*DP*043
DTM*999*20071016
RMR*IK*407120071017*PI*5.25*5.25*0
REF*PO*0020071018
REF*ST*04071
REF*DP*043
DTM*999*20071017
RMR*IK*409320071011*PI*224.85*224.85*0
REF*PO*0020071012
REF*ST*04093
REF*DP*043
DTM*999*20071011
RMR*IK*409320071012*PI*306*306*0
REF*PO*0020071013
REF*ST*04093
REF*DP*043
DTM*999*20071012
RMR*IK*409320071013*PI*314.35*314.35*0
REF*PO*0020071014
REF*ST*04093
REF*DP*043
DTM*999*20071013
RMR*IK*409320071014*PI*245.7*245.7*0
REF*PO*0020071015
REF*ST*04093
REF*DP*043
DTM*999*20071014
RMR*IK*409320071015*PI*184.7*184.7*0
REF*PO*0020071016
REF*ST*04093
REF*DP*043
DTM*999*20071015
RMR*IK*409320071016*PI*117.7*117.7*0
REF*PO*0020071017
REF*ST*04093
REF*DP*043
DTM*999*20071016
RMR*IK*409320071017*PI*317.45*317.45*0
REF*PO*0020071018
REF*ST*04093
REF*DP*043
DTM*999*20071017
RMR*IK*410320071011*PI*117.8*117.8*0
REF*PO*0020071012
REF*ST*04103
REF*DP*043
DTM*999*20071011
RMR*IK*410320071012*PI*93.95*93.95*0
REF*PO*0020071013
REF*ST*04103
REF*DP*043
DTM*999*20071012
RMR*IK*410320071013*PI*292.1*292.1*0
REF*PO*0020071014
REF*ST*04103
REF*DP*043
DTM*999*20071013
RMR*IK*410320071014*PI*221.25*221.25*0
REF*PO*0020071015
REF*ST*04103
REF*DP*043
DTM*999*20071014
RMR*IK*410320071015*PI*153.3*153.3*0
REF*PO*0020071016
REF*ST*04103
REF*DP*043
DTM*999*20071015
RMR*IK*410320071016*PI*151.3*151.3*0
REF*PO*0020071017
REF*ST*04103
REF*DP*043
DTM*999*20071016
RMR*IK*410320071017*PI*143.85*143.85*0
REF*PO*0020071018
REF*ST*04103
REF*DP*043
DTM*999*20071017
RMR*IK*412220071011*PI*18.49*18.49*0
REF*PO*0020071012
REF*ST*04122
REF*DP*043
DTM*999*20071011
RMR*IK*412220071012*PI*50.39*50.39*0
REF*PO*0020071013
REF*ST*04122
REF*DP*043
DTM*999*20071012
RMR*IK*412220071013*PI*27.71*27.71*0
REF*PO*0020071014
REF*ST*04122
REF*DP*043
DTM*999*20071013
RMR*IK*412220071014*PI*15.22*15.22*0
REF*PO*0020071015
REF*ST*04122
REF*DP*043
DTM*999*20071014
RMR*IK*412220071015*PI*7.35*7.35*0
REF*PO*0020071016
REF*ST*04122
REF*DP*043
DTM*999*20071015
RMR*IK*412220071016*PI*4.54*4.54*0
REF*PO*0020071017
REF*ST*04122
REF*DP*043
DTM*999*20071016
RMR*IK*412220071017*PI*9.45*9.45*0
REF*PO*0020071018
REF*ST*04122
REF*DP*043
DTM*999*20071017
RMR*IK*418920071011*PI*4.95*4.95*0
REF*PO*0020071012
REF*ST*04189
REF*DP*043
DTM*999*20071011
RMR*IK*418920071014*PI*7.64*7.64*0
REF*PO*0020071015
REF*ST*04189
REF*DP*043
DTM*999*20071014
RMR*IK*418920071015*PI*6.9*6.9*0
REF*PO*0020071016
REF*ST*04189
REF*DP*043
DTM*999*20071015
RMR*IK*418920071016*PI*4.25*4.25*0
REF*PO*0020071017
REF*ST*04189
REF*DP*043
DTM*999*20071016
RMR*IK*419820071011*PI*43.55*43.55*0
REF*PO*0020071012
REF*ST*04198
REF*DP*043
DTM*999*20071011
RMR*IK*419820071012*PI*25.65*25.65*0
REF*PO*0020071013
REF*ST*04198
REF*DP*043
DTM*999*20071012
RMR*IK*419820071013*PI*17.9*17.9*0
REF*PO*0020071014
REF*ST*04198
REF*DP*043
DTM*999*20071013
RMR*IK*419820071014*PI*15.75*15.75*0
REF*PO*0020071015
REF*ST*04198
REF*DP*043
DTM*999*20071014
RMR*IK*419820071015*PI*20.6*20.6*0
REF*PO*0020071016
REF*ST*04198
REF*DP*043
DTM*999*20071015
RMR*IK*419820071016*PI*7.5*7.5*0
REF*PO*0020071017
REF*ST*04198
REF*DP*043
DTM*999*20071016
RMR*IK*424420071011*PI*181.85*181.85*0
REF*PO*0020071012
REF*ST*04244
REF*DP*043
DTM*999*20071011
RMR*IK*424420071012*PI*210.9*210.9*0
REF*PO*0020071013
REF*ST*04244
REF*DP*043
DTM*999*20071012
RMR*IK*424420071013*PI*307.95*307.95*0
REF*PO*0020071014
REF*ST*04244
REF*DP*043
DTM*999*20071013
RMR*IK*424420071014*PI*314.45*314.45*0
REF*PO*0020071015
REF*ST*04244
REF*DP*043
DTM*999*20071014
RMR*IK*424420071015*PI*191.85*191.85*0
REF*PO*0020071016
REF*ST*04244
REF*DP*043
DTM*999*20071015
RMR*IK*424420071016*PI*175.15*175.15*0
REF*PO*0020071017
REF*ST*04244
REF*DP*043
DTM*999*20071016
RMR*IK*424420071017*PI*254.3*254.3*0
REF*PO*0020071018
REF*ST*04244
REF*DP*043
DTM*999*20071017
RMR*IK*430820071011*PI*61.85*61.85*0
REF*PO*0020071012
REF*ST*04308
REF*DP*043
DTM*999*20071011
RMR*IK*430820071012*PI*35.9*35.9*0
REF*PO*0020071013
REF*ST*04308
REF*DP*043
DTM*999*20071012
RMR*IK*430820071013*PI*72.35*72.35*0
REF*PO*0020071014
REF*ST*04308
REF*DP*043
DTM*999*20071013
RMR*IK*430820071014*PI*36.35*36.35*0
REF*PO*0020071015
REF*ST*04308
REF*DP*043
DTM*999*20071014
RMR*IK*430820071015*PI*32.3*32.3*0
REF*PO*0020071016
REF*ST*04308
REF*DP*043
DTM*999*20071015
RMR*IK*430820071016*PI*28.7*28.7*0
REF*PO*0020071017
REF*ST*04308
REF*DP*043
DTM*999*20071016
RMR*IK*430820071017*PI*48.85*48.85*0
REF*PO*0020071018
REF*ST*04308
REF*DP*043
DTM*999*20071017
RMR*IK*447520071011*PI*139.05*139.05*0
REF*PO*0020071012
REF*ST*04475
REF*DP*043
DTM*999*20071011
RMR*IK*447520071012*PI*27.85*27.85*0
REF*PO*0020071013
REF*ST*04475
REF*DP*043
DTM*999*20071012
RMR*IK*447520071013*PI*9.5*9.5*0
REF*PO*0020071014
REF*ST*04475
REF*DP*043
DTM*999*20071013
RMR*IK*447520071014*PI*7*7*0
REF*PO*0020071015
REF*ST*04475
REF*DP*043
DTM*999*20071014
RMR*IK*447520071015*PI*13*13*0
REF*PO*0020071016
REF*ST*04475
REF*DP*043
DTM*999*20071015
RMR*IK*447520071016*PI*7*7*0
REF*PO*0020071017
REF*ST*04475
REF*DP*043
DTM*999*20071016
RMR*IK*447520071017*PI*18.6*18.6*0
REF*PO*0020071018
REF*ST*04475
REF*DP*043
DTM*999*20071017
RMR*IK*448920071011*PI*5.6*5.6*0
REF*PO*0020071012
REF*ST*04489
REF*DP*043
DTM*999*20071011
RMR*IK*448920071013*PI*13.25*13.25*0
REF*PO*0020071014
REF*ST*04489
REF*DP*043
DTM*999*20071013
RMR*IK*448920071014*PI*13*13*0
REF*PO*0020071015
REF*ST*04489
REF*DP*043
DTM*999*20071014
RMR*IK*448920071016*PI*3.5*3.5*0
REF*PO*0020071017
REF*ST*04489
REF*DP*043
DTM*999*20071016
RMR*IK*471720071011*PI*25.45*25.45*0
REF*PO*0020071012
REF*ST*04717
REF*DP*043
DTM*999*20071011
RMR*IK*471720071012*PI*14.1*14.1*0
REF*PO*0020071013
REF*ST*04717
REF*DP*043
DTM*999*20071012
RMR*IK*471720071013*PI*19.05*19.05*0
REF*PO*0020071014
REF*ST*04717
REF*DP*043
DTM*999*20071013
RMR*IK*471720071014*PI*3.4*3.4*0
REF*PO*0020071015
REF*ST*04717
REF*DP*043
DTM*999*20071014
RMR*IK*471720071015*PI*5*5*0
REF*PO*0020071016
REF*ST*04717
REF*DP*043
DTM*999*20071015
RMR*IK*471720071016*PI*3.15*3.15*0
REF*PO*0020071017
REF*ST*04717
REF*DP*043
DTM*999*20071016
RMR*IK*471720071017*PI*4.25*4.25*0
REF*PO*0020071018
REF*ST*04717
REF*DP*043
DTM*999*20071017
RMR*IK*471920071011*PI*343.35*343.35*0
REF*PO*0020071012
REF*ST*04719
REF*DP*043
DTM*999*20071011
RMR*IK*471920071012*PI*327.45*327.45*0
REF*PO*0020071013
REF*ST*04719
REF*DP*043
DTM*999*20071012
RMR*IK*471920071013*PI*198.3*198.3*0
REF*PO*0020071014
REF*ST*04719
REF*DP*043
DTM*999*20071013
RMR*IK*471920071014*PI*43*43*0
REF*PO*0020071015
REF*ST*04719
REF*DP*043
DTM*999*20071014
RMR*IK*471920071015*PI*16.1*16.1*0
REF*PO*0020071016
REF*ST*04719
REF*DP*043
DTM*999*20071015
RMR*IK*471920071016*PI*62.3*62.3*0
REF*PO*0020071017
REF*ST*04719
REF*DP*043
DTM*999*20071016
RMR*IK*471920071017*PI*43.7*43.7*0
REF*PO*0020071018
REF*ST*04719
REF*DP*043
DTM*999*20071017
RMR*IK*472320071012*PI*2.9*2.9*0
REF*PO*0020071013
REF*ST*04723
REF*DP*043
DTM*999*20071012
RMR*IK*472320071013*PI*11.05*11.05*0
REF*PO*0020071014
REF*ST*04723
REF*DP*043
DTM*999*20071013
RMR*IK*472320071014*PI*23.02*23.02*0
REF*PO*0020071015
REF*ST*04723
REF*DP*043
DTM*999*20071014
RMR*IK*472320071015*PI*8.12*8.12*0
REF*PO*0020071016
REF*ST*04723
REF*DP*043
DTM*999*20071015
RMR*IK*472320071017*PI*1.75*1.75*0
REF*PO*0020071018
REF*ST*04723
REF*DP*043
DTM*999*20071017
RMR*IK*476920071012*PI*15.65*15.65*0
REF*PO*0020071013
REF*ST*04769
REF*DP*043
DTM*999*20071012
RMR*IK*476920071013*PI*11.3*11.3*0
REF*PO*0020071014
REF*ST*04769
REF*DP*043
DTM*999*20071013
RMR*IK*488320071013*PI*1.15*1.15*0
REF*PO*0020071014
REF*ST*04883
REF*DP*043
DTM*999*20071013
RMR*IK*488320071016*PI*2*2*0
REF*PO*0020071017
REF*ST*04883
REF*DP*043
DTM*999*20071016
RMR*IK*489820071011*PI*2.3*2.3*0
REF*PO*0020071012
REF*ST*04898
REF*DP*043
DTM*999*20071011
RMR*IK*489820071012*PI*6.9*6.9*0
REF*PO*0020071013
REF*ST*04898
REF*DP*043
DTM*999*20071012
RMR*IK*489820071013*PI*10.55*10.55*0
REF*PO*0020071014
REF*ST*04898
REF*DP*043
DTM*999*20071013
RMR*IK*489820071014*PI*26.7*26.7*0
REF*PO*0020071015
REF*ST*04898
REF*DP*043
DTM*999*20071014
RMR*IK*489820071015*PI*7*7*0
REF*PO*0020071016
REF*ST*04898
REF*DP*043
DTM*999*20071015
RMR*IK*489820071017*PI*2.8*2.8*0
REF*PO*0020071018
REF*ST*04898
REF*DP*043
DTM*999*20071017
RMR*IK*495320071011*PI*3.5*3.5*0
REF*PO*0020071012
REF*ST*04953
REF*DP*043
DTM*999*20071011
RMR*IK*495320071012*PI*3.25*3.25*0
REF*PO*0020071013
REF*ST*04953
REF*DP*043
DTM*999*20071012
RMR*IK*495320071017*PI*1.75*1.75*0
REF*PO*0020071018
REF*ST*04953
REF*DP*043
DTM*999*20071017
RMR*IK*497020071011*PI*2*2*0
REF*PO*0020071012
REF*ST*04970
REF*DP*043
DTM*999*20071011
RMR*IK*497020071013*PI*14.1*14.1*0
REF*PO*0020071014
REF*ST*04970
REF*DP*043
DTM*999*20071013
RMR*IK*497020071014*PI*1.75*1.75*0
REF*PO*0020071015
REF*ST*04970
REF*DP*043
DTM*999*20071014
RMR*IK*497020071015*PI*2*2*0
REF*PO*0020071016
REF*ST*04970
REF*DP*043
DTM*999*20071015
RMR*IK*497020071017*PI*6.5*6.5*0
REF*PO*0020071018
REF*ST*04970
REF*DP*043
DTM*999*20071017
RMR*IK*502320071011*PI*19.25*19.25*0
REF*PO*0020071013
REF*ST*05023
REF*DP*043
DTM*999*20071011
RMR*IK*502320071012*PI*22.8*22.8*0
REF*PO*0020071014
REF*ST*05023
REF*DP*043
DTM*999*20071012
RMR*IK*502320071013*PI*12.8*12.8*0
REF*PO*0020071015
REF*ST*05023
REF*DP*043
DTM*999*20071013
RMR*IK*502320071015*PI*1.15*1.15*0
REF*PO*0020071017
REF*ST*05023
REF*DP*043
DTM*999*20071015
RMR*IK*502320071017*PI*5.1*5.1*0
REF*PO*0020071019
REF*ST*05023
REF*DP*043
DTM*999*20071017
RMR*IK*506620071011*PI*7*7*0
REF*PO*0020071013
REF*ST*05066
REF*DP*043
DTM*999*20071011
RMR*IK*506620071017*PI*3.5*3.5*0
REF*PO*0020071019
REF*ST*05066
REF*DP*043
DTM*999*20071017
RMR*IK*507020071011*PI*38.13*38.13*0
REF*PO*0020071013
REF*ST*05070
REF*DP*043
DTM*999*20071011
RMR*IK*507020071012*PI*3.39*3.39*0
REF*PO*0020071014
REF*ST*05070
REF*DP*043
DTM*999*20071012
RMR*IK*507020071013*PI*3.45*3.45*0
REF*PO*0020071015
REF*ST*05070
REF*DP*043
DTM*999*20071013
RMR*IK*507020071014*PI*4.57*4.57*0
REF*PO*0020071016
REF*ST*05070
REF*DP*043
DTM*999*20071014
RMR*IK*507720071011*PI*4.95*4.95*0
REF*PO*0020071013
REF*ST*05077
REF*DP*043
DTM*999*20071011
RMR*IK*507720071012*PI*2.8*2.8*0
REF*PO*0020071014
REF*ST*05077
REF*DP*043
DTM*999*20071012
RMR*IK*507720071014*PI*3.5*3.5*0
REF*PO*0020071016
REF*ST*05077
REF*DP*043
DTM*999*20071014
RMR*IK*507720071015*PI*9.8*9.8*0
REF*PO*0020071017
REF*ST*05077
REF*DP*043
DTM*999*20071015
RMR*IK*702820071011*PI*48*48*0
REF*PO*0020071012
REF*ST*07028
REF*DP*043
DTM*999*20071011
RMR*IK*702820071012*PI*22.8*22.8*0
REF*PO*0020071013
REF*ST*07028
REF*DP*043
DTM*999*20071012
RMR*IK*702820071013*PI*13.7*13.7*0
REF*PO*0020071014
REF*ST*07028
REF*DP*043
DTM*999*20071013
RMR*IK*702820071014*PI*1.4*1.4*0
REF*PO*0020071015
REF*ST*07028
REF*DP*043
DTM*999*20071014
RMR*IK*702820071015*PI*3.5*3.5*0
REF*PO*0020071016
REF*ST*07028
REF*DP*043
DTM*999*20071015
RMR*IK*702820071016*PI*3.5*3.5*0
REF*PO*0020071018
REF*ST*07028
REF*DP*043
DTM*999*20071016
RMR*IK*702820071016*PI*6*6*0
REF*PO*0020071017
REF*ST*07028
REF*DP*043
DTM*999*20071016
RMR*IK*702820071017*PI*14.45*14.45*0
REF*PO*0020071018
REF*ST*07028
REF*DP*043
DTM*999*20071017
RMR*IK*704520071011*PI*5.45*5.45*0
REF*PO*0020071012
REF*ST*07045
REF*DP*043
DTM*999*20071011
RMR*IK*704520071012*PI*8.05*8.05*0
REF*PO*0020071013
REF*ST*07045
REF*DP*043
DTM*999*20071012
RMR*IK*704520071013*PI*6.9*6.9*0
REF*PO*0020071014
REF*ST*07045
REF*DP*043
DTM*999*20071013
RMR*IK*704520071014*PI*21.75*21.75*0
REF*PO*0020071015
REF*ST*07045
REF*DP*043
DTM*999*20071014
RMR*IK*704520071015*PI*16.05*16.05*0
REF*PO*0020071016
REF*ST*07045
REF*DP*043
DTM*999*20071015
RMR*IK*704520071016*PI*3.5*3.5*0
REF*PO*0020071017
REF*ST*07045
REF*DP*043
DTM*999*20071016
RMR*IK*704520071017*PI*23.05*23.05*0
REF*PO*0020071018
REF*ST*07045
REF*DP*043
DTM*999*20071017
RMR*IK*705920071012*PI*1.75*1.75*0
REF*PO*0020071013
REF*ST*07059
REF*DP*043
DTM*999*20071012
RMR*IK*705920071013*PI*3.5*3.5*0
REF*PO*0020071014
REF*ST*07059
REF*DP*043
DTM*999*20071013
RMR*IK*705920071014*PI*5.2*5.2*0
REF*PO*0020071015
REF*ST*07059
REF*DP*043
DTM*999*20071014
RMR*IK*705920071016*PI*2.8*2.8*0
REF*PO*0020071017
REF*ST*07059
REF*DP*043
DTM*999*20071016
RMR*IK*705920071017*PI*6.7*6.7*0
REF*PO*0020071018
REF*ST*07059
REF*DP*043
DTM*999*20071017
RMR*IK*706420071011*PI*19.1*19.1*0
REF*PO*0020071012
REF*ST*07064
REF*DP*043
DTM*999*20071011
RMR*IK*706420071015*PI*6.5*6.5*0
REF*PO*0020071016
REF*ST*07064
REF*DP*043
DTM*999*20071015
RMR*IK*706420071016*PI*3.25*3.25*0
REF*PO*0020071017
REF*ST*07064
REF*DP*043
DTM*999*20071016
RMR*IK*706620071011*PI*118.2*118.2*0
REF*PO*0020071012
REF*ST*07066
REF*DP*043
DTM*999*20071011
RMR*IK*706620071012*PI*227.65*227.65*0
REF*PO*0020071013
REF*ST*07066
REF*DP*043
DTM*999*20071012
RMR*IK*706620071013*PI*255.65*255.65*0
REF*PO*0020071014
REF*ST*07066
REF*DP*043
DTM*999*20071013
RMR*IK*706620071014*PI*203.2*203.2*0
REF*PO*0020071015
REF*ST*07066
REF*DP*043
DTM*999*20071014
RMR*IK*706620071015*PI*71.75*71.75*0
REF*PO*0020071016
REF*ST*07066
REF*DP*043
DTM*999*20071015
RMR*IK*706620071016*PI*28.95*28.95*0
REF*PO*0020071017
REF*ST*07066
REF*DP*043
DTM*999*20071016
RMR*IK*706620071017*PI*58*58*0
REF*PO*0020071018
REF*ST*07066
REF*DP*043
DTM*999*20071017
RMR*IK*707620071011*PI*73.05*73.05*0
REF*PO*0020071012
REF*ST*07076
REF*DP*043
DTM*999*20071011
RMR*IK*707620071012*PI*26.25*26.25*0
REF*PO*0020071013
REF*ST*07076
REF*DP*043
DTM*999*20071012
RMR*IK*707620071013*PI*50.1*50.1*0
REF*PO*0020071014
REF*ST*07076
REF*DP*043
DTM*999*20071013
RMR*IK*707620071014*PI*28.25*28.25*0
REF*PO*0020071015
REF*ST*07076
REF*DP*043
DTM*999*20071014
RMR*IK*707620071015*PI*11.55*11.55*0
REF*PO*0020071016
REF*ST*07076
REF*DP*043
DTM*999*20071015
RMR*IK*707620071016*PI*46.5*46.5*0
REF*PO*0020071017
REF*ST*07076
REF*DP*043
DTM*999*20071016
RMR*IK*707620071017*PI*4.65*4.65*0
REF*PO*0020071018
REF*ST*07076
REF*DP*043
DTM*999*20071017
RMR*IK*713220071011*PI*32.65*32.65*0
REF*PO*0020071012
REF*ST*07132
REF*DP*043
DTM*999*20071011
RMR*IK*713220071012*PI*13.35*13.35*0
REF*PO*0020071013
REF*ST*07132
REF*DP*043
DTM*999*20071012
RMR*IK*713220071013*PI*27.1*27.1*0
REF*PO*0020071014
REF*ST*07132
REF*DP*043
DTM*999*20071013
RMR*IK*713220071014*PI*16.25*16.25*0
REF*PO*0020071015
REF*ST*07132
REF*DP*043
DTM*999*20071014
RMR*IK*713220071015*PI*3.5*3.5*0
REF*PO*0020071016
REF*ST*07132
REF*DP*043
DTM*999*20071015
RMR*IK*713220071016*PI*1.75*1.75*0
REF*PO*0020071017
REF*ST*07132
REF*DP*043
DTM*999*20071016
RMR*IK*713220071017*PI*8.75*8.75*0
REF*PO*0020071018
REF*ST*07132
REF*DP*043
DTM*999*20071017
RMR*IK*715420071011*PI*5.2*5.2*0
REF*PO*0020071012
REF*ST*07154
REF*DP*043
DTM*999*20071011
RMR*IK*715420071012*PI*10.85*10.85*0
REF*PO*0020071013
REF*ST*07154
REF*DP*043
DTM*999*20071012
RMR*IK*715420071013*PI*3.5*3.5*0
REF*PO*0020071014
REF*ST*07154
REF*DP*043
DTM*999*20071013
RMR*IK*715420071015*PI*2.8*2.8*0
REF*PO*0020071016
REF*ST*07154
REF*DP*043
DTM*999*20071015
RMR*IK*716020071012*PI*2.3*2.3*0
REF*PO*0020071013
REF*ST*07160
REF*DP*043
DTM*999*20071012
RMR*IK*716020071013*PI*8.5*8.5*0
REF*PO*0020071014
REF*ST*07160
REF*DP*043
DTM*999*20071013
RMR*IK*716020071017*PI*4.25*4.25*0
REF*PO*0020071018
REF*ST*07160
REF*DP*043
DTM*999*20071017
RMR*IK*725520071011*PI*62.45*62.45*0
REF*PO*0020071012
REF*ST*07255
REF*DP*043
DTM*999*20071011
RMR*IK*725520071012*PI*131.9*131.9*0
REF*PO*0020071013
REF*ST*07255
REF*DP*043
DTM*999*20071012
RMR*IK*725520071013*PI*107.25*107.25*0
REF*PO*0020071014
REF*ST*07255
REF*DP*043
DTM*999*20071013
RMR*IK*725520071014*PI*145.5*145.5*0
REF*PO*0020071015
REF*ST*07255
REF*DP*043
DTM*999*20071014
RMR*IK*725520071015*PI*57.2*57.2*0
REF*PO*0020071016
REF*ST*07255
REF*DP*043
DTM*999*20071015
RMR*IK*725520071016*PI*13.7*13.7*0
REF*PO*0020071017
REF*ST*07255
REF*DP*043
DTM*999*20071016
RMR*IK*725520071017*PI*53.25*53.25*0
REF*PO*0020071018
REF*ST*07255
REF*DP*043
DTM*999*20071017
RMR*IK*735420071011*PI*40.15*40.15*0
REF*PO*0020071012
REF*ST*07354
REF*DP*043
DTM*999*20071011
RMR*IK*735420071012*PI*59.75*59.75*0
REF*PO*0020071013
REF*ST*07354
REF*DP*043
DTM*999*20071012
RMR*IK*735420071013*PI*81.35*81.35*0
REF*PO*0020071014
REF*ST*07354
REF*DP*043
DTM*999*20071013
RMR*IK*735420071014*PI*38.25*38.25*0
REF*PO*0020071015
REF*ST*07354
REF*DP*043
DTM*999*20071014
RMR*IK*735420071015*PI*51.35*51.35*0
REF*PO*0020071016
REF*ST*07354
REF*DP*043
DTM*999*20071015
RMR*IK*735420071016*PI*2.9*2.9*0
REF*PO*0020071017
REF*ST*07354
REF*DP*043
DTM*999*20071016
RMR*IK*735420071017*PI*10.35*10.35*0
REF*PO*0020071018
REF*ST*07354
REF*DP*043
DTM*999*20071017
RMR*IK*735820071011*PI*198.45*198.45*0
REF*PO*0020071012
REF*ST*07358
REF*DP*043
DTM*999*20071011
RMR*IK*735820071012*PI*168.8*168.8*0
REF*PO*0020071013
REF*ST*07358
REF*DP*043
DTM*999*20071012
RMR*IK*735820071013*PI*222.5*222.5*0
REF*PO*0020071014
REF*ST*07358
REF*DP*043
DTM*999*20071013
RMR*IK*735820071014*PI*202.35*202.35*0
REF*PO*0020071015
REF*ST*07358
REF*DP*043
DTM*999*20071014
RMR*IK*735820071015*PI*131.85*131.85*0
REF*PO*0020071016
REF*ST*07358
REF*DP*043
DTM*999*20071015
RMR*IK*735820071016*PI*68.95*68.95*0
REF*PO*0020071017
REF*ST*07358
REF*DP*043
DTM*999*20071016
RMR*IK*735820071017*PI*261.25*261.25*0
REF*PO*0020071018
REF*ST*07358
REF*DP*043
DTM*999*20071017
RMR*IK*736020071011*PI*4.2*4.2*0
REF*PO*0020071012
REF*ST*07360
REF*DP*043
DTM*999*20071011
RMR*IK*736220071011*PI*42.9*42.9*0
REF*PO*0020071012
REF*ST*07362
REF*DP*043
DTM*999*20071011
RMR*IK*736220071012*PI*43.55*43.55*0
REF*PO*0020071013
REF*ST*07362
REF*DP*043
DTM*999*20071012
RMR*IK*736220071013*PI*20.75*20.75*0
REF*PO*0020071014
REF*ST*07362
REF*DP*043
DTM*999*20071013
RMR*IK*736220071014*PI*25.9*25.9*0
REF*PO*0020071015
REF*ST*07362
REF*DP*043
DTM*999*20071014
RMR*IK*736220071015*PI*25.8*25.8*0
REF*PO*0020071016
REF*ST*07362
REF*DP*043
DTM*999*20071015
RMR*IK*736220071016*PI*11.5*11.5*0
REF*PO*0020071017
REF*ST*07362
REF*DP*043
DTM*999*20071016
RMR*IK*736220071017*PI*18.5*18.5*0
REF*PO*0020071018
REF*ST*07362
REF*DP*043
DTM*999*20071017
RMR*IK*738820071011*PI*4.95*4.95*0
REF*PO*0020071012
REF*ST*07388
REF*DP*043
DTM*999*20071011
RMR*IK*738820071012*PI*7*7*0
REF*PO*0020071013
REF*ST*07388
REF*DP*043
DTM*999*20071012
RMR*IK*738820071013*PI*6.95*6.95*0
REF*PO*0020071014
REF*ST*07388
REF*DP*043
DTM*999*20071013
RMR*IK*738820071015*PI*2.3*2.3*0
REF*PO*0020071016
REF*ST*07388
REF*DP*043
DTM*999*20071015
RMR*IK*738820071016*PI*9.95*9.95*0
REF*PO*0020071017
REF*ST*07388
REF*DP*043
DTM*999*20071016
RMR*IK*743720071016*PI*3.4*3.4*0
REF*PO*0020071017
REF*ST*07437
REF*DP*043
DTM*999*20071016
RMR*IK*743720071017*PI*10.2*10.2*0
REF*PO*0020071018
REF*ST*07437
REF*DP*043
DTM*999*20071017
RMR*IK*746020071011*PI*60.4*60.4*0
REF*PO*0020071012
REF*ST*07460
REF*DP*043
DTM*999*20071011
RMR*IK*746020071012*PI*134.45*134.45*0
REF*PO*0020071013
REF*ST*07460
REF*DP*043
DTM*999*20071012
RMR*IK*746020071013*PI*33.8*33.8*0
REF*PO*0020071014
REF*ST*07460
REF*DP*043
DTM*999*20071013
RMR*IK*746020071014*PI*14.95*14.95*0
REF*PO*0020071015
REF*ST*07460
REF*DP*043
DTM*999*20071014
RMR*IK*746020071016*PI*1.15*1.15*0
REF*PO*0020071017
REF*ST*07460
REF*DP*043
DTM*999*20071016
RMR*IK*746120071011*PI*77.3*77.3*0
REF*PO*0020071012
REF*ST*07461
REF*DP*043
DTM*999*20071011
RMR*IK*746120071012*PI*210.25*210.25*0
REF*PO*0020071013
REF*ST*07461
REF*DP*043
DTM*999*20071012
RMR*IK*746120071013*PI*136.5*136.5*0
REF*PO*0020071014
REF*ST*07461
REF*DP*043
DTM*999*20071013
RMR*IK*746120071014*PI*22.75*22.75*0
REF*PO*0020071015
REF*ST*07461
REF*DP*043
DTM*999*20071014
RMR*IK*746120071015*PI*13.25*13.25*0
REF*PO*0020071016
REF*ST*07461
REF*DP*043
DTM*999*20071015
RMR*IK*746120071016*PI*24.35*24.35*0
REF*PO*0020071017
REF*ST*07461
REF*DP*043
DTM*999*20071016
RMR*IK*746120071017*PI*87.8*87.8*0
REF*PO*0020071018
REF*ST*07461
REF*DP*043
DTM*999*20071017
RMR*IK*755820071011*PI*7*7*0
REF*PO*0020071012
REF*ST*07558
REF*DP*043
DTM*999*20071011
RMR*IK*755820071012*PI*7*7*0
REF*PO*0020071013
REF*ST*07558
REF*DP*043
DTM*999*20071012
RMR*IK*755820071013*PI*12.25*12.25*0
REF*PO*0020071014
REF*ST*07558
REF*DP*043
DTM*999*20071013
RMR*IK*755820071014*PI*1.75*1.75*0
REF*PO*0020071015
REF*ST*07558
REF*DP*043
DTM*999*20071014
RMR*IK*755820071015*PI*67.2*67.2*0
REF*PO*0020071016
REF*ST*07558
REF*DP*043
DTM*999*20071015
RMR*IK*755820071016*PI*24.8*24.8*0
REF*PO*0020071017
REF*ST*07558
REF*DP*043
DTM*999*20071016
RMR*IK*755820071017*PI*22.75*22.75*0
REF*PO*0020071018
REF*ST*07558
REF*DP*043
DTM*999*20071017
RMR*IK*760720071011*PI*280.9*280.9*0
REF*PO*0020071012
REF*ST*07607
REF*DP*043
DTM*999*20071011
RMR*IK*760720071012*PI*130.2*130.2*0
REF*PO*0020071013
REF*ST*07607
REF*DP*043
DTM*999*20071012
RMR*IK*760720071013*PI*197.35*197.35*0
REF*PO*0020071014
REF*ST*07607
REF*DP*043
DTM*999*20071013
RMR*IK*760720071014*PI*231.8*231.8*0
REF*PO*0020071015
REF*ST*07607
REF*DP*043
DTM*999*20071014
RMR*IK*760720071015*PI*63.15*63.15*0
REF*PO*0020071016
REF*ST*07607
REF*DP*043
DTM*999*20071015
RMR*IK*760720071016*PI*33.3*33.3*0
REF*PO*0020071017
REF*ST*07607
REF*DP*043
DTM*999*20071016
RMR*IK*760720071017*PI*10.95*10.95*0
REF*PO*0020071018
REF*ST*07607
REF*DP*043
DTM*999*20071017
RMR*IK*761020071011*PI*125.65*125.65*0
REF*PO*0020071012
REF*ST*07610
REF*DP*043
DTM*999*20071011
RMR*IK*761020071012*PI*85.25*85.25*0
REF*PO*0020071013
REF*ST*07610
REF*DP*043
DTM*999*20071012
RMR*IK*761020071013*PI*126.3*126.3*0
REF*PO*0020071014
REF*ST*07610
REF*DP*043
DTM*999*20071013
RMR*IK*761020071014*PI*98.1*98.1*0
REF*PO*0020071015
REF*ST*07610
REF*DP*043
DTM*999*20071014
RMR*IK*761020071015*PI*31.85*31.85*0
REF*PO*0020071016
REF*ST*07610
REF*DP*043
DTM*999*20071015
RMR*IK*761020071016*PI*39.35*39.35*0
REF*PO*0020071017
REF*ST*07610
REF*DP*043
DTM*999*20071016
RMR*IK*761020071017*PI*29.3*29.3*0
REF*PO*0020071018
REF*ST*07610
REF*DP*043
DTM*999*20071017
RMR*IK*762920071011*PI*7*7*0
REF*PO*0020071012
REF*ST*07629
REF*DP*043
DTM*999*20071011
RMR*IK*762920071012*PI*7*7*0
REF*PO*0020071013
REF*ST*07629
REF*DP*043
DTM*999*20071012
RMR*IK*762920071013*PI*28.05*28.05*0
REF*PO*0020071014
REF*ST*07629
REF*DP*043
DTM*999*20071013
RMR*IK*762920071014*PI*8.5*8.5*0
REF*PO*0020071015
REF*ST*07629
REF*DP*043
DTM*999*20071014
RMR*IK*762920071017*PI*4.25*4.25*0
REF*PO*0020071018
REF*ST*07629
REF*DP*043
DTM*999*20071017
RMR*IK*771820071011*PI*30.6*30.6*0
REF*PO*0020071012
REF*ST*07718
REF*DP*043
DTM*999*20071011
RMR*IK*771820071012*PI*147.7*147.7*0
REF*PO*0020071013
REF*ST*07718
REF*DP*043
DTM*999*20071012
RMR*IK*771820071013*PI*35.6*35.6*0
REF*PO*0020071014
REF*ST*07718
REF*DP*043
DTM*999*20071013
RMR*IK*771820071014*PI*31.2*31.2*0
REF*PO*0020071015
REF*ST*07718
REF*DP*043
DTM*999*20071014
RMR*IK*771820071015*PI*33.9*33.9*0
REF*PO*0020071016
REF*ST*07718
REF*DP*043
DTM*999*20071015
RMR*IK*771820071016*PI*21.95*21.95*0
REF*PO*0020071017
REF*ST*07718
REF*DP*043
DTM*999*20071016
RMR*IK*771820071017*PI*26.1*26.1*0
REF*PO*0020071018
REF*ST*07718
REF*DP*043
DTM*999*20071017
RMR*IK*771920071011*PI*10.9*10.9*0
REF*PO*0020071012
REF*ST*07719
REF*DP*043
DTM*999*20071011
RMR*IK*771920071012*PI*7.5*7.5*0
REF*PO*0020071013
REF*ST*07719
REF*DP*043
DTM*999*20071012
RMR*IK*771920071013*PI*31.25*31.25*0
REF*PO*0020071014
REF*ST*07719
REF*DP*043
DTM*999*20071013
RMR*IK*771920071014*PI*3.25*3.25*0
REF*PO*0020071015
REF*ST*07719
REF*DP*043
DTM*999*20071014
RMR*IK*771920071015*PI*7.75*7.75*0
REF*PO*0020071016
REF*ST*07719
REF*DP*043
DTM*999*20071015
RMR*IK*771920071017*PI*18.9*18.9*0
REF*PO*0020071018
REF*ST*07719
REF*DP*043
DTM*999*20071017
RMR*IK*921720071011*PI*6.37*6.37*0
REF*PO*0020071012
REF*ST*09217
REF*DP*043
DTM*999*20071011
RMR*IK*921720071012*PI*3.5*3.5*0
REF*PO*0020071013
REF*ST*09217
REF*DP*043
DTM*999*20071012
RMR*IK*921720071013*PI*10.74*10.74*0
REF*PO*0020071014
REF*ST*09217
REF*DP*043
DTM*999*20071013
RMR*IK*921720071014*PI*25.75*25.75*0
REF*PO*0020071015
REF*ST*09217
REF*DP*043
DTM*999*20071014
RMR*IK*921720071015*PI*10.74*10.74*0
REF*PO*0020071016
REF*ST*09217
REF*DP*043
DTM*999*20071015
RMR*IK*957120071011*PI*3.45*3.45*0
REF*PO*0020071012
REF*ST*09571
REF*DP*043
DTM*999*20071011
RMR*IK*957120071012*PI*6.25*6.25*0
REF*PO*0020071013
REF*ST*09571
REF*DP*043
DTM*999*20071012
RMR*IK*957120071013*PI*4.95*4.95*0
REF*PO*0020071014
REF*ST*09571
REF*DP*043
DTM*999*20071013
RMR*IK*957120071014*PI*3.5*3.5*0
REF*PO*0020071015
REF*ST*09571
REF*DP*043
DTM*999*20071014
RMR*IK*957120071015*PI*5.8*5.8*0
REF*PO*0020071016
REF*ST*09571
REF*DP*043
DTM*999*20071015
RMR*IK*957120071016*PI*4.9*4.9*0
REF*PO*0020071017
REF*ST*09571
REF*DP*043
DTM*999*20071016
RMR*IK*962020071011*PI*123.35*123.35*0
REF*PO*0020071012
REF*ST*09620
REF*DP*043
DTM*999*20071011
RMR*IK*962020071012*PI*169.45*169.45*0
REF*PO*0020071013
REF*ST*09620
REF*DP*043
DTM*999*20071012
RMR*IK*962020071013*PI*128.4*128.4*0
REF*PO*0020071014
REF*ST*09620
REF*DP*043
DTM*999*20071013
RMR*IK*962020071014*PI*26.3*26.3*0
REF*PO*0020071015
REF*ST*09620
REF*DP*043
DTM*999*20071014
RMR*IK*962020071015*PI*77.55*77.55*0
REF*PO*0020071016
REF*ST*09620
REF*DP*043
DTM*999*20071015
RMR*IK*962020071016*PI*31.7*31.7*0
REF*PO*0020071017
REF*ST*09620
REF*DP*043
DTM*999*20071016
RMR*IK*962020071017*PI*44.25*44.25*0
REF*PO*0020071018
REF*ST*09620
REF*DP*043
DTM*999*20071017
RMR*IK*962120071011*PI*68.05*68.05*0
REF*PO*0020071012
REF*ST*09621
REF*DP*043
DTM*999*20071011
RMR*IK*962120071012*PI*136.6*136.6*0
REF*PO*0020071013
REF*ST*09621
REF*DP*043
DTM*999*20071012
RMR*IK*962120071013*PI*178.1*178.1*0
REF*PO*0020071014
REF*ST*09621
REF*DP*043
DTM*999*20071013
RMR*IK*962120071014*PI*81.35*81.35*0
REF*PO*0020071015
REF*ST*09621
REF*DP*043
DTM*999*20071014
RMR*IK*962120071015*PI*73.25*73.25*0
REF*PO*0020071016
REF*ST*09621
REF*DP*043
DTM*999*20071015
RMR*IK*962120071016*PI*79*79*0
REF*PO*0020071017
REF*ST*09621
REF*DP*043
DTM*999*20071016
RMR*IK*962120071017*PI*43.65*43.65*0
REF*PO*0020071018
REF*ST*09621
REF*DP*043
DTM*999*20071017
RMR*IK*962520071011*PI*41.15*41.15*0
REF*PO*0020071012
REF*ST*09625
REF*DP*043
DTM*999*20071011
RMR*IK*962520071012*PI*47.05*47.05*0
REF*PO*0020071013
REF*ST*09625
REF*DP*043
DTM*999*20071012
RMR*IK*962520071013*PI*24.95*24.95*0
REF*PO*0020071014
REF*ST*09625
REF*DP*043
DTM*999*20071013
RMR*IK*962520071014*PI*21*21*0
REF*PO*0020071015
REF*ST*09625
REF*DP*043
DTM*999*20071014
RMR*IK*962520071015*PI*7*7*0
REF*PO*0020071016
REF*ST*09625
REF*DP*043
DTM*999*20071015
RMR*IK*962520071016*PI*16.1*16.1*0
REF*PO*0020071017
REF*ST*09625
REF*DP*043
DTM*999*20071016
RMR*IK*962520071017*PI*4.65*4.65*0
REF*PO*0020071018
REF*ST*09625
REF*DP*043
DTM*999*20071017
RMR*IK*962920071011*PI*81.8*81.8*0
REF*PO*0020071012
REF*ST*09629
REF*DP*043
DTM*999*20071011
RMR*IK*962920071012*PI*52.4*52.4*0
REF*PO*0020071013
REF*ST*09629
REF*DP*043
DTM*999*20071012
RMR*IK*962920071013*PI*86.7*86.7*0
REF*PO*0020071014
REF*ST*09629
REF*DP*043
DTM*999*20071013
RMR*IK*962920071014*PI*71.9*71.9*0
REF*PO*0020071015
REF*ST*09629
REF*DP*043
DTM*999*20071014
RMR*IK*962920071015*PI*39.8*39.8*0
REF*PO*0020071016
REF*ST*09629
REF*DP*043
DTM*999*20071015
RMR*IK*962920071016*PI*19.1*19.1*0
REF*PO*0020071017
REF*ST*09629
REF*DP*043
DTM*999*20071016
RMR*IK*962920071017*PI*38*38*0
REF*PO*0020071018
REF*ST*09629
REF*DP*043
DTM*999*20071017
RMR*IK*963320071011*PI*66.85*66.85*0
REF*PO*0020071012
REF*ST*09633
REF*DP*043
DTM*999*20071011
RMR*IK*963320071012*PI*35.85*35.85*0
REF*PO*0020071013
REF*ST*09633
REF*DP*043
DTM*999*20071012
RMR*IK*963320071013*PI*20.9*20.9*0
REF*PO*0020071014
REF*ST*09633
REF*DP*043
DTM*999*20071013
RMR*IK*963320071014*PI*28.25*28.25*0
REF*PO*0020071015
REF*ST*09633
REF*DP*043
DTM*999*20071014
RMR*IK*963320071017*PI*3.45*3.45*0
REF*PO*0020071018
REF*ST*09633
REF*DP*043
DTM*999*20071017
RMR*IK*963920071011*PI*2*2*0
REF*PO*0020071012
REF*ST*09639
REF*DP*043
DTM*999*20071011
RMR*IK*963920071012*PI*2*2*0
REF*PO*0020071013
REF*ST*09639
REF*DP*043
DTM*999*20071012
RMR*IK*963920071016*PI*4.25*4.25*0
REF*PO*0020071017
REF*ST*09639
REF*DP*043
DTM*999*20071016
RMR*IK*964820071011*PI*211*211*0
REF*PO*0020071012
REF*ST*09648
REF*DP*043
DTM*999*20071011
RMR*IK*964820071012*PI*260.1*260.1*0
REF*PO*0020071013
REF*ST*09648
REF*DP*043
DTM*999*20071012
RMR*IK*964820071013*PI*223.45*223.45*0
REF*PO*0020071014
REF*ST*09648
REF*DP*043
DTM*999*20071013
RMR*IK*964820071014*PI*219.05*219.05*0
REF*PO*0020071015
REF*ST*09648
REF*DP*043
DTM*999*20071014
RMR*IK*964820071015*PI*125.1*125.1*0
REF*PO*0020071016
REF*ST*09648
REF*DP*043
DTM*999*20071015
RMR*IK*964820071016*PI*87.95*87.95*0
REF*PO*0020071017
REF*ST*09648
REF*DP*043
DTM*999*20071016
RMR*IK*964820071017*PI*111.9*111.9*0
REF*PO*0020071018
REF*ST*09648
REF*DP*043
DTM*999*20071017
RMR*IK*967420071011*PI*287.25*287.25*0
REF*PO*0020071012
REF*ST*09674
REF*DP*043
DTM*999*20071011
RMR*IK*967420071012*PI*256.8*256.8*0
REF*PO*0020071013
REF*ST*09674
REF*DP*043
DTM*999*20071012
RMR*IK*967420071013*PI*241.8*241.8*0
REF*PO*0020071014
REF*ST*09674
REF*DP*043
DTM*999*20071013
RMR*IK*967420071014*PI*54.85*54.85*0
REF*PO*0020071015
REF*ST*09674
REF*DP*043
DTM*999*20071014
RMR*IK*967420071015*PI*24.15*24.15*0
REF*PO*0020071016
REF*ST*09674
REF*DP*043
DTM*999*20071015
RMR*IK*967420071016*PI*12.65*12.65*0
REF*PO*0020071017
REF*ST*09674
REF*DP*043
DTM*999*20071016
RMR*IK*967420071017*PI*16.15*16.15*0
REF*PO*0020071018
REF*ST*09674
REF*DP*043
DTM*999*20071017
RMR*IK*971420071011*PI*2.24*2.24*0
REF*PO*0020071012
REF*ST*09714
REF*DP*043
DTM*999*20071011
RMR*IK*971420071012*PI*3.99*3.99*0
REF*PO*0020071013
REF*ST*09714
REF*DP*043
DTM*999*20071012
RMR*IK*971420071013*PI*5.25*5.25*0
REF*PO*0020071014
REF*ST*09714
REF*DP*043
DTM*999*20071013
RMR*IK*971420071014*PI*2*2*0
REF*PO*0020071015
REF*ST*09714
REF*DP*043
DTM*999*20071014
RMR*IK*971420071015*PI*8.2*8.2*0
REF*PO*0020071016
REF*ST*09714
REF*DP*043
DTM*999*20071015
RMR*IK*971420071016*PI*3.5*3.5*0
REF*PO*0020071017
REF*ST*09714
REF*DP*043
DTM*999*20071016
RMR*IK*975820071011*PI*10.95*10.95*0
REF*PO*0020071012
REF*ST*09758
REF*DP*043
DTM*999*20071011
RMR*IK*975820071012*PI*4.3*4.3*0
REF*PO*0020071013
REF*ST*09758
REF*DP*043
DTM*999*20071012
RMR*IK*975820071013*PI*12.2*12.2*0
REF*PO*0020071014
REF*ST*09758
REF*DP*043
DTM*999*20071013
RMR*IK*975820071014*PI*47.95*47.95*0
REF*PO*0020071015
REF*ST*09758
REF*DP*043
DTM*999*20071014
RMR*IK*975820071015*PI*6.6*6.6*0
REF*PO*0020071016
REF*ST*09758
REF*DP*043
DTM*999*20071015
RMR*IK*975820071016*PI*16.95*16.95*0
REF*PO*0020071017
REF*ST*09758
REF*DP*043
DTM*999*20071016
RMR*IK*975820071017*PI*4.95*4.95*0
REF*PO*0020071018
REF*ST*09758
REF*DP*043
DTM*999*20071017
SE*2684*0001
GE*1*1000094
IEA*1*001000094
ISA*00*          *00*          *08*9254291001     *12*6154525825     *071113*0420*U*00400*000000199*0*P*>
GS*PD*9254291001*6154525825*20071113*0420*199*X*004010
ST*852*0001
XQ*H*20071113
N9*AD*T00000040
LIN**IN*002904411*ZZ*43*UP*831664001160*****DG*1*VS*00000
ZA*QS***006*20071112
CTP**UCP*.65
SDQ*EA*ZZ*3063*6*3103*4*3672*4*4719*2*9621*7*9629*2
LIN**IN*002904411*ZZ*43*UP*831664001160*****DG*3*VS*00000
ZA*QS***006*20071112
CTP**UCP*.65
SDQ*EA*ZZ*9620*3
LIN**IN*002904411*ZZ*43*UP*831664001160*****DG*5*VS*00000
ZA*QS***006*20071112
CTP**UCP*.65
SDQ*EA*ZZ*3978*12
CTT*3
SE*17*0001
ST*852*0002
XQ*H*20071113
N9*AD*T00000040
LIN**IN*096698911*ZZ*43*UP*831664001115*****DG*1*VS*00000
ZA*QS***006*20071112
CTP**UCP*8.75
SDQ*EA*ZZ*9648*2
CTT*1
SE*9*0002
ST*852*0003
XQ*H*20071113
N9*AD*T00000040
LIN**IN*097095211*ZZ*43*UP*831664000552*****DG*1*VS*00000
ZA*QS***006*20071112
CTP**UCP*3.1
SDQ*EA*ZZ*3348*3*3602*8*3685*1*3713*3*4072*1*4122*4*4198*6*4451*2*4723*10*4760*6
SDQ*EA*ZZ*7388*1*7718*4*9571*3*9625*1*9629*8*9714*2
CTT*1
SE*10*0003
ST*852*0004
XQ*H*20071113
N9*AD*T00000040
LIN**IN*097095311*ZZ*43*UP*831664000569*****DG*1*VS*00000
ZA*QS***006*20071112
CTP**UCP*7.2
SDQ*EA*ZZ*3929*1
CTT*1
SE*9*0004
ST*852*0005
XQ*H*20071113
N9*AD*T00000040
LIN**IN*097096111*ZZ*43*UP*831664000330*****DG*1*VS*00000
ZA*QS***006*20071112
CTP**UCP*1.95
SDQ*EA*ZZ*3103*1*9621*1
LIN**IN*097096111*ZZ*43*UP*831664000330*****DG*3*VS*00000
ZA*QS***006*20071112
CTP**UCP*1.95
SDQ*EA*ZZ*9620*2
CTT*2
SE*13*0005
ST*852*0006
XQ*H*20071113
N9*AD*T00000040
LIN**IN*097097711*ZZ*43*UP*831664000521*****DG*1*VS*00000
ZA*QS***006*20071112
CTP**UCP*1.75
SDQ*EA*ZZ*9648*2
CTT*1
SE*9*0006
GE*6*199
IEA*1*000000199
*** SUPERTRACS READY FOR INPUT
