ISA*00*          *00*          *09*006985290EFT   *12*6154525825     *061020*2304*U*00400*001000044*0*P*>
GS*RA*006985290EFT*6154525825*20061020*2304*1000044*X*004010
ST*820*0001
BPR*I*22957.9*C*ACH*CCP*01*021000018*DA*0300955622*9008965873**01*064102601*DA*3000289*20061024*VEN
TRN*3*770196634*9008965873
DTM*097*20061020
N1*PR*KMART CORPORATION*1*008965873
N1*PE*YOUNGS FARMS*92*00069099588
N1*SE*YOUNGS FARMS*92*00069099588
ENT*1
RMR*IK*306320060921*PI*23.35*23.35*0
REF*PO*0020060922
REF*ST*03063
REF*DP*043
DTM*999*20060921
RMR*IK*306320060922*PI*8.6*8.6*0
REF*PO*0020060923
REF*ST*03063
REF*DP*043
DTM*999*20060922
RMR*IK*306320060923*PI*10.95*10.95*0
REF*PO*0020060924
REF*ST*03063
REF*DP*043
DTM*999*20060923
RMR*IK*306320060925*PI*2.5*2.5*0
REF*PO*0020060926
REF*ST*03063
REF*DP*043
DTM*999*20060925
RMR*IK*306320060926*PI*2.5*2.5*0
REF*PO*0020060927
REF*ST*03063
REF*DP*043
DTM*999*20060926
RMR*IK*306320060927*PI*6.1*6.1*0
REF*PO*0020060928
REF*ST*03063
REF*DP*043
DTM*999*20060927
RMR*IK*308220060921*PI*2.35*2.35*0
REF*PO*0020060922
REF*ST*03082
REF*DP*043
DTM*999*20060921
RMR*IK*308220060922*PI*2.35*2.35*0
REF*PO*0020060923
REF*ST*03082
REF*DP*043
DTM*999*20060922
RMR*IK*308220060924*PI*4.7*4.7*0
REF*PO*0020060925
REF*ST*03082
REF*DP*043
DTM*999*20060924
RMR*IK*308220060925*PI*4.7*4.7*0
REF*PO*0020060926
REF*ST*03082
REF*DP*043
DTM*999*20060925
RMR*IK*308220060926*PI*11.75*11.75*0
REF*PO*0020060927
REF*ST*03082
REF*DP*043
DTM*999*20060926
RMR*IK*308220060927*PI*2.8*2.8*0
REF*PO*0020060928
REF*ST*03082
REF*DP*043
DTM*999*20060927
RMR*IK*308320060921*PI*30.45*30.45*0
REF*PO*0020060922
REF*ST*03083
REF*DP*043
DTM*999*20060921
RMR*IK*308320060922*PI*80.5*80.5*0
REF*PO*0020060923
REF*ST*03083
REF*DP*043
DTM*999*20060922
RMR*IK*308320060923*PI*65.4*65.4*0
REF*PO*0020060924
REF*ST*03083
REF*DP*043
DTM*999*20060923
RMR*IK*308320060924*PI*33.1*33.1*0
REF*PO*0020060925
REF*ST*03083
REF*DP*043
DTM*999*20060924
RMR*IK*308320060925*PI*71.3*71.3*0
REF*PO*0020060926
REF*ST*03083
REF*DP*043
DTM*999*20060925
RMR*IK*308320060926*PI*43.4*43.4*0
REF*PO*0020060927
REF*ST*03083
REF*DP*043
DTM*999*20060926
RMR*IK*308320060927*PI*58.2*58.2*0
REF*PO*0020060928
REF*ST*03083
REF*DP*043
DTM*999*20060927
RMR*IK*308420060921*PI*10.7*10.7*0
REF*PO*0020060922
REF*ST*03084
REF*DP*043
DTM*999*20060921
RMR*IK*308420060922*PI*26.3*26.3*0
REF*PO*0020060923
REF*ST*03084
REF*DP*043
DTM*999*20060922
RMR*IK*308420060923*PI*19.7*19.7*0
REF*PO*0020060924
REF*ST*03084
REF*DP*043
DTM*999*20060923
RMR*IK*308420060924*PI*9.1*9.1*0
REF*PO*0020060925
REF*ST*03084
REF*DP*043
DTM*999*20060924
RMR*IK*308420060925*PI*66.05*66.05*0
REF*PO*0020060926
REF*ST*03084
REF*DP*043
DTM*999*20060925
RMR*IK*308420060926*PI*13.5*13.5*0
REF*PO*0020060927
REF*ST*03084
REF*DP*043
DTM*999*20060926
RMR*IK*308420060927*PI*11.25*11.25*0
REF*PO*0020060928
REF*ST*03084
REF*DP*043
DTM*999*20060927
RMR*IK*310320060921*PI*52.4*52.4*0
REF*PO*0020060922
REF*ST*03103
REF*DP*043
DTM*999*20060921
RMR*IK*310320060922*PI*34.2*34.2*0
REF*PO*0020060923
REF*ST*03103
REF*DP*043
DTM*999*20060922
RMR*IK*310320060923*PI*26.9*26.9*0
REF*PO*0020060924
REF*ST*03103
REF*DP*043
DTM*999*20060923
RMR*IK*310320060924*PI*49.25*49.25*0
REF*PO*0020060925
REF*ST*03103
REF*DP*043
DTM*999*20060924
RMR*IK*310320060925*PI*67.45*67.45*0
REF*PO*0020060926
REF*ST*03103
REF*DP*043
DTM*999*20060925
RMR*IK*310320060926*PI*55.35*55.35*0
REF*PO*0020060927
REF*ST*03103
REF*DP*043
DTM*999*20060926
RMR*IK*310320060927*PI*37.5*37.5*0
REF*PO*0020060928
REF*ST*03103
REF*DP*043
DTM*999*20060927
RMR*IK*314320060921*PI*54.55*54.55*0
REF*PO*0020060922
REF*ST*03143
REF*DP*043
DTM*999*20060921
RMR*IK*314320060922*PI*47.35*47.35*0
REF*PO*0020060923
REF*ST*03143
REF*DP*043
DTM*999*20060922
RMR*IK*314320060923*PI*103.45*103.45*0
REF*PO*0020060924
REF*ST*03143
REF*DP*043
DTM*999*20060923
RMR*IK*314320060924*PI*40.75*40.75*0
REF*PO*0020060925
REF*ST*03143
REF*DP*043
DTM*999*20060924
RMR*IK*314320060925*PI*51.45*51.45*0
REF*PO*0020060926
REF*ST*03143
REF*DP*043
DTM*999*20060925
RMR*IK*314320060926*PI*88*88*0
REF*PO*0020060927
REF*ST*03143
REF*DP*043
DTM*999*20060926
RMR*IK*314320060927*PI*113.2*113.2*0
REF*PO*0020060928
REF*ST*03143
REF*DP*043
DTM*999*20060927
RMR*IK*319420060925*PI*4.7*4.7*0
REF*PO*0020060926
REF*ST*03194
REF*DP*043
DTM*999*20060925
RMR*IK*321920060921*PI*7.05*7.05*0
REF*PO*0020060922
REF*ST*03219
REF*DP*043
DTM*999*20060921
RMR*IK*321920060922*PI*31.4*31.4*0
REF*PO*0020060923
REF*ST*03219
REF*DP*043
DTM*999*20060922
RMR*IK*321920060923*PI*4.7*4.7*0
REF*PO*0020060924
REF*ST*03219
REF*DP*043
DTM*999*20060923
RMR*IK*321920060924*PI*8.95*8.95*0
REF*PO*0020060925
REF*ST*03219
REF*DP*043
DTM*999*20060924
RMR*IK*321920060925*PI*16.45*16.45*0
REF*PO*0020060926
REF*ST*03219
REF*DP*043
DTM*999*20060925
RMR*IK*321920060927*PI*7.7*7.7*0
REF*PO*0020060928
REF*ST*03219
REF*DP*043
DTM*999*20060927
RMR*IK*322320060921*PI*2.35*2.35*0
REF*PO*0020060922
REF*ST*03223
REF*DP*043
DTM*999*20060921
RMR*IK*322320060923*PI*4.2*4.2*0
REF*PO*0020060924
REF*ST*03223
REF*DP*043
DTM*999*20060923
RMR*IK*322320060924*PI*22.9*22.9*0
REF*PO*0020060925
REF*ST*03223
REF*DP*043
DTM*999*20060924
RMR*IK*322320060925*PI*4.2*4.2*0
REF*PO*0020060926
REF*ST*03223
REF*DP*043
DTM*999*20060925
RMR*IK*322320060926*PI*9.4*9.4*0
REF*PO*0020060927
REF*ST*03223
REF*DP*043
DTM*999*20060926
RMR*IK*322320060927*PI*4.7*4.7*0
REF*PO*0020060928
REF*ST*03223
REF*DP*043
DTM*999*20060927
RMR*IK*328920060921*PI*14.7*14.7*0
REF*PO*0020060922
REF*ST*03289
REF*DP*043
DTM*999*20060921
RMR*IK*328920060922*PI*15.05*15.05*0
REF*PO*0020060923
REF*ST*03289
REF*DP*043
DTM*999*20060922
RMR*IK*328920060923*PI*13.65*13.65*0
REF*PO*0020060924
REF*ST*03289
REF*DP*043
DTM*999*20060923
RMR*IK*328920060924*PI*13*13*0
REF*PO*0020060925
REF*ST*03289
REF*DP*043
DTM*999*20060924
RMR*IK*328920060925*PI*12.7*12.7*0
REF*PO*0020060926
REF*ST*03289
REF*DP*043
DTM*999*20060925
RMR*IK*328920060926*PI*11.75*11.75*0
REF*PO*0020060927
REF*ST*03289
REF*DP*043
DTM*999*20060926
RMR*IK*328920060927*PI*69.3*69.3*0
REF*PO*0020060928
REF*ST*03289
REF*DP*043
DTM*999*20060927
RMR*IK*334820060921*PI*13.05*13.05*0
REF*PO*0020060922
REF*ST*03348
REF*DP*043
DTM*999*20060921
RMR*IK*334820060922*PI*9.4*9.4*0
REF*PO*0020060923
REF*ST*03348
REF*DP*043
DTM*999*20060922
RMR*IK*334820060923*PI*24.25*24.25*0
REF*PO*0020060924
REF*ST*03348
REF*DP*043
DTM*999*20060923
RMR*IK*334820060924*PI*11.75*11.75*0
REF*PO*0020060925
REF*ST*03348
REF*DP*043
DTM*999*20060924
RMR*IK*334820060925*PI*15.55*15.55*0
REF*PO*0020060926
REF*ST*03348
REF*DP*043
DTM*999*20060925
RMR*IK*334820060926*PI*12.05*12.05*0
REF*PO*0020060927
REF*ST*03348
REF*DP*043
DTM*999*20060926
RMR*IK*334820060927*PI*37.5*37.5*0
REF*PO*0020060928
REF*ST*03348
REF*DP*043
DTM*999*20060927
RMR*IK*335520060921*PI*5.6*5.6*0
REF*PO*0020060922
REF*ST*03355
REF*DP*043
DTM*999*20060921
RMR*IK*335520060925*PI*2.35*2.35*0
REF*PO*0020060926
REF*ST*03355
REF*DP*043
DTM*999*20060925
RMR*IK*335520060927*PI*7.05*7.05*0
REF*PO*0020060928
REF*ST*03355
REF*DP*043
DTM*999*20060927
RMR*IK*335920060925*PI*2.35*2.35*0
REF*PO*0020060926
REF*ST*03359
REF*DP*043
DTM*999*20060925
RMR*IK*335920060927*PI*14.1*14.1*0
REF*PO*0020060928
REF*ST*03359
REF*DP*043
DTM*999*20060927
RMR*IK*340820060921*PI*2.35*2.35*0
REF*PO*0020060922
REF*ST*03408
REF*DP*043
DTM*999*20060921
RMR*IK*340820060922*PI*16.9*16.9*0
REF*PO*0020060923
REF*ST*03408
REF*DP*043
DTM*999*20060922
RMR*IK*340820060923*PI*15.8*15.8*0
REF*PO*0020060924
REF*ST*03408
REF*DP*043
DTM*999*20060923
RMR*IK*340820060924*PI*4.4*4.4*0
REF*PO*0020060925
REF*ST*03408
REF*DP*043
DTM*999*20060924
RMR*IK*340820060925*PI*26.15*26.15*0
REF*PO*0020060926
REF*ST*03408
REF*DP*043
DTM*999*20060925
RMR*IK*340820060926*PI*52.5*52.5*0
REF*PO*0020060927
REF*ST*03408
REF*DP*043
DTM*999*20060926
RMR*IK*340820060927*PI*42.05*42.05*0
REF*PO*0020060928
REF*ST*03408
REF*DP*043
DTM*999*20060927
RMR*IK*360220060921*PI*7.05*7.05*0
REF*PO*0020060922
REF*ST*03602
REF*DP*043
DTM*999*20060921
RMR*IK*360220060922*PI*47.05*47.05*0
REF*PO*0020060923
REF*ST*03602
REF*DP*043
DTM*999*20060922
RMR*IK*360220060923*PI*28.2*28.2*0
REF*PO*0020060924
REF*ST*03602
REF*DP*043
DTM*999*20060923
RMR*IK*360220060924*PI*16.5*16.5*0
REF*PO*0020060925
REF*ST*03602
REF*DP*043
DTM*999*20060924
RMR*IK*360220060925*PI*26.4*26.4*0
REF*PO*0020060926
REF*ST*03602
REF*DP*043
DTM*999*20060925
RMR*IK*360220060926*PI*8.95*8.95*0
REF*PO*0020060927
REF*ST*03602
REF*DP*043
DTM*999*20060926
RMR*IK*360220060927*PI*31.8*31.8*0
REF*PO*0020060928
REF*ST*03602
REF*DP*043
DTM*999*20060927
RMR*IK*364420060921*PI*20.85*20.85*0
REF*PO*0020060922
REF*ST*03644
REF*DP*043
DTM*999*20060921
RMR*IK*364420060922*PI*95.65*95.65*0
REF*PO*0020060923
REF*ST*03644
REF*DP*043
DTM*999*20060922
RMR*IK*364420060923*PI*16.8*16.8*0
REF*PO*0020060924
REF*ST*03644
REF*DP*043
DTM*999*20060923
RMR*IK*364420060924*PI*16*16*0
REF*PO*0020060925
REF*ST*03644
REF*DP*043
DTM*999*20060924
RMR*IK*364420060925*PI*53.4*53.4*0
REF*PO*0020060926
REF*ST*03644
REF*DP*043
DTM*999*20060925
RMR*IK*364420060926*PI*10.05*10.05*0
REF*PO*0020060927
REF*ST*03644
REF*DP*043
DTM*999*20060926
RMR*IK*364420060927*PI*47.25*47.25*0
REF*PO*0020060928
REF*ST*03644
REF*DP*043
DTM*999*20060927
RMR*IK*364620060921*PI*118.45*118.45*0
REF*PO*0020060922
REF*ST*03646
REF*DP*043
DTM*999*20060921
RMR*IK*364620060922*PI*54.25*54.25*0
REF*PO*0020060923
REF*ST*03646
REF*DP*043
DTM*999*20060922
RMR*IK*364620060923*PI*64.4*64.4*0
REF*PO*0020060924
REF*ST*03646
REF*DP*043
DTM*999*20060923
RMR*IK*364620060924*PI*75.05*75.05*0
REF*PO*0020060925
REF*ST*03646
REF*DP*043
DTM*999*20060924
RMR*IK*364620060925*PI*58.05*58.05*0
REF*PO*0020060926
REF*ST*03646
REF*DP*043
DTM*999*20060925
RMR*IK*364620060926*PI*48.7*48.7*0
REF*PO*0020060927
REF*ST*03646
REF*DP*043
DTM*999*20060926
RMR*IK*364620060927*PI*87.95*87.95*0
REF*PO*0020060928
REF*ST*03646
REF*DP*043
DTM*999*20060927
RMR*IK*366120060921*PI*9.4*9.4*0
REF*PO*0020060922
REF*ST*03661
REF*DP*043
DTM*999*20060921
RMR*IK*366120060922*PI*2.35*2.35*0
REF*PO*0020060923
REF*ST*03661
REF*DP*043
DTM*999*20060922
RMR*IK*367220060921*PI*17.7*17.7*0
REF*PO*0020060922
REF*ST*03672
REF*DP*043
DTM*999*20060921
RMR*IK*367220060922*PI*14.5*14.5*0
REF*PO*0020060923
REF*ST*03672
REF*DP*043
DTM*999*20060922
RMR*IK*367220060923*PI*48.75*48.75*0
REF*PO*0020060924
REF*ST*03672
REF*DP*043
DTM*999*20060923
RMR*IK*367220060924*PI*2.2*2.2*0
REF*PO*0020060925
REF*ST*03672
REF*DP*043
DTM*999*20060924
RMR*IK*367220060925*PI*47.25*47.25*0
REF*PO*0020060926
REF*ST*03672
REF*DP*043
DTM*999*20060925
RMR*IK*367220060926*PI*25.8*25.8*0
REF*PO*0020060927
REF*ST*03672
REF*DP*043
DTM*999*20060926
RMR*IK*367220060927*PI*50.5*50.5*0
REF*PO*0020060928
REF*ST*03672
REF*DP*043
DTM*999*20060927
RMR*IK*367520060921*PI*40.35*40.35*0
REF*PO*0020060922
REF*ST*03675
REF*DP*043
DTM*999*20060921
RMR*IK*367520060922*PI*26.05*26.05*0
REF*PO*0020060923
REF*ST*03675
REF*DP*043
DTM*999*20060922
RMR*IK*367520060923*PI*15.25*15.25*0
REF*PO*0020060924
REF*ST*03675
REF*DP*043
DTM*999*20060923
RMR*IK*367520060924*PI*8.95*8.95*0
REF*PO*0020060925
REF*ST*03675
REF*DP*043
DTM*999*20060924
RMR*IK*367520060925*PI*2.35*2.35*0
REF*PO*0020060926
REF*ST*03675
REF*DP*043
DTM*999*20060925
RMR*IK*367520060926*PI*23.6*23.6*0
REF*PO*0020060927
REF*ST*03675
REF*DP*043
DTM*999*20060926
RMR*IK*367520060927*PI*16.85*16.85*0
REF*PO*0020060928
REF*ST*03675
REF*DP*043
DTM*999*20060927
RMR*IK*368520060921*PI*2.35*2.35*0
REF*PO*0020060922
REF*ST*03685
REF*DP*043
DTM*999*20060921
RMR*IK*368520060922*PI*17.15*17.15*0
REF*PO*0020060923
REF*ST*03685
REF*DP*043
DTM*999*20060922
RMR*IK*368520060923*PI*32.65*32.65*0
REF*PO*0020060924
REF*ST*03685
REF*DP*043
DTM*999*20060923
RMR*IK*368520060924*PI*4.4*4.4*0
REF*PO*0020060925
REF*ST*03685
REF*DP*043
DTM*999*20060924
RMR*IK*368520060925*PI*23.25*23.25*0
REF*PO*0020060926
REF*ST*03685
REF*DP*043
DTM*999*20060925
RMR*IK*368520060926*PI*14.1*14.1*0
REF*PO*0020060927
REF*ST*03685
REF*DP*043
DTM*999*20060926
RMR*IK*368520060927*PI*74.3*74.3*0
REF*PO*0020060928
REF*ST*03685
REF*DP*043
DTM*999*20060927
RMR*IK*370120060921*PI*9.4*9.4*0
REF*PO*0020060923
REF*ST*03701
REF*DP*043
DTM*999*20060921
RMR*IK*370120060921*PI*50.2*50.2*0
REF*PO*0020060922
REF*ST*03701
REF*DP*043
DTM*999*20060921
RMR*IK*370120060923*PI*7.25*7.25*0
REF*PO*0020060924
REF*ST*03701
REF*DP*043
DTM*999*20060923
RMR*IK*370120060924*PI*9.8*9.8*0
REF*PO*0020060925
REF*ST*03701
REF*DP*043
DTM*999*20060924
RMR*IK*370120060926*PI*61.9*61.9*0
REF*PO*0020060927
REF*ST*03701
REF*DP*043
DTM*999*20060926
RMR*IK*370120060927*PI*127.2*127.2*0
REF*PO*0020060928
REF*ST*03701
REF*DP*043
DTM*999*20060927
RMR*IK*370320060921*PI*73.95*73.95*0
REF*PO*0020060922
REF*ST*03703
REF*DP*043
DTM*999*20060921
RMR*IK*370320060922*PI*110.25*110.25*0
REF*PO*0020060923
REF*ST*03703
REF*DP*043
DTM*999*20060922
RMR*IK*370320060923*PI*29*29*0
REF*PO*0020060924
REF*ST*03703
REF*DP*043
DTM*999*20060923
RMR*IK*370320060924*PI*86.9*86.9*0
REF*PO*0020060925
REF*ST*03703
REF*DP*043
DTM*999*20060924
RMR*IK*370320060925*PI*149.25*149.25*0
REF*PO*0020060926
REF*ST*03703
REF*DP*043
DTM*999*20060925
RMR*IK*370320060926*PI*68.7*68.7*0
REF*PO*0020060927
REF*ST*03703
REF*DP*043
DTM*999*20060926
RMR*IK*370320060927*PI*164.3*164.3*0
REF*PO*0020060928
REF*ST*03703
REF*DP*043
DTM*999*20060927
RMR*IK*371320060921*PI*76.95*76.95*0
REF*PO*0020060922
REF*ST*03713
REF*DP*043
DTM*999*20060921
RMR*IK*371320060922*PI*34.5*34.5*0
REF*PO*0020060923
REF*ST*03713
REF*DP*043
DTM*999*20060922
RMR*IK*371320060923*PI*41.45*41.45*0
REF*PO*0020060924
REF*ST*03713
REF*DP*043
DTM*999*20060923
RMR*IK*371320060924*PI*16.8*16.8*0
REF*PO*0020060925
REF*ST*03713
REF*DP*043
DTM*999*20060924
RMR*IK*371320060925*PI*28*28*0
REF*PO*0020060926
REF*ST*03713
REF*DP*043
DTM*999*20060925
RMR*IK*371320060926*PI*36.3*36.3*0
REF*PO*0020060927
REF*ST*03713
REF*DP*043
DTM*999*20060926
RMR*IK*371320060927*PI*45.55*45.55*0
REF*PO*0020060928
REF*ST*03713
REF*DP*043
DTM*999*20060927
RMR*IK*371520060921*PI*27.6*27.6*0
REF*PO*0020060922
REF*ST*03715
REF*DP*043
DTM*999*20060921
RMR*IK*371520060922*PI*36.9*36.9*0
REF*PO*0020060923
REF*ST*03715
REF*DP*043
DTM*999*20060922
RMR*IK*371520060923*PI*30*30*0
REF*PO*0020060924
REF*ST*03715
REF*DP*043
DTM*999*20060923
RMR*IK*371520060924*PI*33.7*33.7*0
REF*PO*0020060925
REF*ST*03715
REF*DP*043
DTM*999*20060924
RMR*IK*371520060925*PI*5.95*5.95*0
REF*PO*0020060926
REF*ST*03715
REF*DP*043
DTM*999*20060925
RMR*IK*371520060926*PI*30.2*30.2*0
REF*PO*0020060927
REF*ST*03715
REF*DP*043
DTM*999*20060926
RMR*IK*371520060927*PI*11.75*11.75*0
REF*PO*0020060928
REF*ST*03715
REF*DP*043
DTM*999*20060927
RMR*IK*382220060921*PI*24.8*24.8*0
REF*PO*0020060922
REF*ST*03822
REF*DP*043
DTM*999*20060921
RMR*IK*382220060922*PI*19.15*19.15*0
REF*PO*0020060923
REF*ST*03822
REF*DP*043
DTM*999*20060922
RMR*IK*382220060923*PI*1.1*1.1*0
REF*PO*0020060924
REF*ST*03822
REF*DP*043
DTM*999*20060923
RMR*IK*382220060924*PI*62.15*62.15*0
REF*PO*0020060925
REF*ST*03822
REF*DP*043
DTM*999*20060924
RMR*IK*382220060925*PI*44.3*44.3*0
REF*PO*0020060926
REF*ST*03822
REF*DP*043
DTM*999*20060925
RMR*IK*382220060926*PI*36*36*0
REF*PO*0020060927
REF*ST*03822
REF*DP*043
DTM*999*20060926
RMR*IK*382220060927*PI*69.05*69.05*0
REF*PO*0020060928
REF*ST*03822
REF*DP*043
DTM*999*20060927
RMR*IK*383620060921*PI*14.15*14.15*0
REF*PO*0020060922
REF*ST*03836
REF*DP*043
DTM*999*20060921
RMR*IK*383620060922*PI*39.1*39.1*0
REF*PO*0020060923
REF*ST*03836
REF*DP*043
DTM*999*20060922
RMR*IK*383620060923*PI*39.35*39.35*0
REF*PO*0020060924
REF*ST*03836
REF*DP*043
DTM*999*20060923
RMR*IK*383620060924*PI*21.8*21.8*0
REF*PO*0020060925
REF*ST*03836
REF*DP*043
DTM*999*20060924
RMR*IK*383620060925*PI*59.6*59.6*0
REF*PO*0020060926
REF*ST*03836
REF*DP*043
DTM*999*20060925
RMR*IK*383620060926*PI*59.8*59.8*0
REF*PO*0020060927
REF*ST*03836
REF*DP*043
DTM*999*20060926
RMR*IK*383620060927*PI*25.1*25.1*0
REF*PO*0020060928
REF*ST*03836
REF*DP*043
DTM*999*20060927
RMR*IK*384820060921*PI*2.2*2.2*0
REF*PO*0020060922
REF*ST*03848
REF*DP*043
DTM*999*20060921
RMR*IK*384820060922*PI*30.1*30.1*0
REF*PO*0020060923
REF*ST*03848
REF*DP*043
DTM*999*20060922
RMR*IK*384820060923*PI*19.1*19.1*0
REF*PO*0020060924
REF*ST*03848
REF*DP*043
DTM*999*20060923
RMR*IK*384820060924*PI*24.3*24.3*0
REF*PO*0020060925
REF*ST*03848
REF*DP*043
DTM*999*20060924
RMR*IK*384820060925*PI*40.75*40.75*0
REF*PO*0020060926
REF*ST*03848
REF*DP*043
DTM*999*20060925
RMR*IK*384820060926*PI*29.6*29.6*0
REF*PO*0020060927
REF*ST*03848
REF*DP*043
DTM*999*20060926
RMR*IK*384820060927*PI*12.6*12.6*0
REF*PO*0020060928
REF*ST*03848
REF*DP*043
DTM*999*20060927
RMR*IK*387620060922*PI*3.3*3.3*0
REF*PO*0020060923
REF*ST*03876
REF*DP*043
DTM*999*20060922
RMR*IK*387620060923*PI*16.7*16.7*0
REF*PO*0020060924
REF*ST*03876
REF*DP*043
DTM*999*20060923
RMR*IK*387620060924*PI*9.4*9.4*0
REF*PO*0020060925
REF*ST*03876
REF*DP*043
DTM*999*20060924
RMR*IK*387620060925*PI*5.65*5.65*0
REF*PO*0020060926
REF*ST*03876
REF*DP*043
DTM*999*20060925
RMR*IK*387620060927*PI*3.45*3.45*0
REF*PO*0020060928
REF*ST*03876
REF*DP*043
DTM*999*20060927
RMR*IK*390520060921*PI*21.8*21.8*0
REF*PO*0020060922
REF*ST*03905
REF*DP*043
DTM*999*20060921
RMR*IK*390520060922*PI*14.55*14.55*0
REF*PO*0020060923
REF*ST*03905
REF*DP*043
DTM*999*20060922
RMR*IK*390520060923*PI*19*19*0
REF*PO*0020060924
REF*ST*03905
REF*DP*043
DTM*999*20060923
RMR*IK*390520060924*PI*62.9*62.9*0
REF*PO*0020060925
REF*ST*03905
REF*DP*043
DTM*999*20060924
RMR*IK*390520060925*PI*1.9*1.9*0
REF*PO*0020060926
REF*ST*03905
REF*DP*043
DTM*999*20060925
RMR*IK*390520060927*PI*35.4*35.4*0
REF*PO*0020060928
REF*ST*03905
REF*DP*043
DTM*999*20060927
RMR*IK*393920060921*PI*8.9*8.9*0
REF*PO*0020060922
REF*ST*03939
REF*DP*043
DTM*999*20060921
RMR*IK*393920060922*PI*4.7*4.7*0
REF*PO*0020060923
REF*ST*03939
REF*DP*043
DTM*999*20060922
RMR*IK*393920060923*PI*19.2*19.2*0
REF*PO*0020060924
REF*ST*03939
REF*DP*043
DTM*999*20060923
RMR*IK*393920060926*PI*1.4*1.4*0
REF*PO*0020060927
REF*ST*03939
REF*DP*043
DTM*999*20060926
RMR*IK*393920060927*PI*23.15*23.15*0
REF*PO*0020060928
REF*ST*03939
REF*DP*043
DTM*999*20060927
RMR*IK*394120060921*PI*86.55*86.55*0
REF*PO*0020060922
REF*ST*03941
REF*DP*043
DTM*999*20060921
RMR*IK*394120060922*PI*31.35*31.35*0
REF*PO*0020060923
REF*ST*03941
REF*DP*043
DTM*999*20060922
RMR*IK*394120060923*PI*34.3*34.3*0
REF*PO*0020060924
REF*ST*03941
REF*DP*043
DTM*999*20060923
RMR*IK*394120060924*PI*67.7*67.7*0
REF*PO*0020060925
REF*ST*03941
REF*DP*043
DTM*999*20060924
RMR*IK*394120060925*PI*71.65*71.65*0
REF*PO*0020060926
REF*ST*03941
REF*DP*043
DTM*999*20060925
RMR*IK*394120060926*PI*26.45*26.45*0
REF*PO*0020060927
REF*ST*03941
REF*DP*043
DTM*999*20060926
RMR*IK*394120060927*PI*49.95*49.95*0
REF*PO*0020060928
REF*ST*03941
REF*DP*043
DTM*999*20060927
RMR*IK*395720060921*PI*39.95*39.95*0
REF*PO*0020060922
REF*ST*03957
REF*DP*043
DTM*999*20060921
RMR*IK*395720060922*PI*130.5*130.5*0
REF*PO*0020060923
REF*ST*03957
REF*DP*043
DTM*999*20060922
RMR*IK*395720060923*PI*32.15*32.15*0
REF*PO*0020060924
REF*ST*03957
REF*DP*043
DTM*999*20060923
RMR*IK*395720060924*PI*8*8*0
REF*PO*0020060925
REF*ST*03957
REF*DP*043
DTM*999*20060924
RMR*IK*395720060925*PI*87.8*87.8*0
REF*PO*0020060926
REF*ST*03957
REF*DP*043
DTM*999*20060925
RMR*IK*395720060926*PI*4.7*4.7*0
REF*PO*0020060927
REF*ST*03957
REF*DP*043
DTM*999*20060926
RMR*IK*395720060927*PI*19.6*19.6*0
REF*PO*0020060928
REF*ST*03957
REF*DP*043
DTM*999*20060927
RMR*IK*396620060921*PI*26.8*26.8*0
REF*PO*0020060922
REF*ST*03966
REF*DP*043
DTM*999*20060921
RMR*IK*396620060922*PI*14.1*14.1*0
REF*PO*0020060923
REF*ST*03966
REF*DP*043
DTM*999*20060922
RMR*IK*396620060923*PI*35.45*35.45*0
REF*PO*0020060924
REF*ST*03966
REF*DP*043
DTM*999*20060923
RMR*IK*396620060924*PI*6.9*6.9*0
REF*PO*0020060925
REF*ST*03966
REF*DP*043
DTM*999*20060924
RMR*IK*396620060925*PI*16.15*16.15*0
REF*PO*0020060926
REF*ST*03966
REF*DP*043
DTM*999*20060925
RMR*IK*396620060926*PI*81.95*81.95*0
REF*PO*0020060927
REF*ST*03966
REF*DP*043
DTM*999*20060926
RMR*IK*396620060927*PI*36.7*36.7*0
REF*PO*0020060928
REF*ST*03966
REF*DP*043
DTM*999*20060927
RMR*IK*396720060922*PI*4.2*4.2*0
REF*PO*0020060923
REF*ST*03967
REF*DP*043
DTM*999*20060922
RMR*IK*396720060923*PI*4.7*4.7*0
REF*PO*0020060924
REF*ST*03967
REF*DP*043
DTM*999*20060923
RMR*IK*396720060924*PI*7.05*7.05*0
REF*PO*0020060925
REF*ST*03967
REF*DP*043
DTM*999*20060924
RMR*IK*396720060926*PI*4.7*4.7*0
REF*PO*0020060927
REF*ST*03967
REF*DP*043
DTM*999*20060926
RMR*IK*396720060927*PI*2.35*2.35*0
REF*PO*0020060928
REF*ST*03967
REF*DP*043
DTM*999*20060927
RMR*IK*397520060921*PI*5.15*5.15*0
REF*PO*0020060922
REF*ST*03975
REF*DP*043
DTM*999*20060921
RMR*IK*397520060924*PI*21.15*21.15*0
REF*PO*0020060925
REF*ST*03975
REF*DP*043
DTM*999*20060924
RMR*IK*397520060925*PI*2.8*2.8*0
REF*PO*0020060926
REF*ST*03975
REF*DP*043
DTM*999*20060925
RMR*IK*397520060927*PI*23.5*23.5*0
REF*PO*0020060928
REF*ST*03975
REF*DP*043
DTM*999*20060927
RMR*IK*397820060921*PI*63.05*63.05*0
REF*PO*0020060922
REF*ST*03978
REF*DP*043
DTM*999*20060921
RMR*IK*397820060922*PI*80.85*80.85*0
REF*PO*0020060923
REF*ST*03978
REF*DP*043
DTM*999*20060922
RMR*IK*397820060923*PI*112.55*112.55*0
REF*PO*0020060924
REF*ST*03978
REF*DP*043
DTM*999*20060923
RMR*IK*397820060924*PI*22.75*22.75*0
REF*PO*0020060925
REF*ST*03978
REF*DP*043
DTM*999*20060924
RMR*IK*397820060925*PI*81.1*81.1*0
REF*PO*0020060926
REF*ST*03978
REF*DP*043
DTM*999*20060925
RMR*IK*397820060926*PI*24*24*0
REF*PO*0020060927
REF*ST*03978
REF*DP*043
DTM*999*20060926
RMR*IK*397820060927*PI*47.9*47.9*0
REF*PO*0020060928
REF*ST*03978
REF*DP*043
DTM*999*20060927
RMR*IK*399420060921*PI*54.35*54.35*0
REF*PO*0020060922
REF*ST*03994
REF*DP*043
DTM*999*20060921
RMR*IK*399420060922*PI*66.2*66.2*0
REF*PO*0020060923
REF*ST*03994
REF*DP*043
DTM*999*20060922
RMR*IK*399420060923*PI*76.1*76.1*0
REF*PO*0020060924
REF*ST*03994
REF*DP*043
DTM*999*20060923
RMR*IK*399420060924*PI*23.7*23.7*0
REF*PO*0020060925
REF*ST*03994
REF*DP*043
DTM*999*20060924
RMR*IK*399420060925*PI*79.9*79.9*0
REF*PO*0020060926
REF*ST*03994
REF*DP*043
DTM*999*20060925
RMR*IK*399420060926*PI*48*48*0
REF*PO*0020060927
REF*ST*03994
REF*DP*043
DTM*999*20060926
RMR*IK*399420060927*PI*41.45*41.45*0
REF*PO*0020060928
REF*ST*03994
REF*DP*043
DTM*999*20060927
RMR*IK*399620060921*PI*50.65*50.65*0
REF*PO*0020060922
REF*ST*03996
REF*DP*043
DTM*999*20060921
RMR*IK*399620060922*PI*30.15*30.15*0
REF*PO*0020060923
REF*ST*03996
REF*DP*043
DTM*999*20060922
RMR*IK*399620060923*PI*24.8*24.8*0
REF*PO*0020060924
REF*ST*03996
REF*DP*043
DTM*999*20060923
RMR*IK*399620060924*PI*4.4*4.4*0
REF*PO*0020060925
REF*ST*03996
REF*DP*043
DTM*999*20060924
RMR*IK*399620060925*PI*5.5*5.5*0
REF*PO*0020060926
REF*ST*03996
REF*DP*043
DTM*999*20060925
RMR*IK*399620060926*PI*22.85*22.85*0
REF*PO*0020060927
REF*ST*03996
REF*DP*043
DTM*999*20060926
RMR*IK*399620060927*PI*20.9*20.9*0
REF*PO*0020060928
REF*ST*03996
REF*DP*043
DTM*999*20060927
RMR*IK*403320060924*PI*6.6*6.6*0
REF*PO*0020060925
REF*ST*04033
REF*DP*043
DTM*999*20060924
RMR*IK*403320060926*PI*3.3*3.3*0
REF*PO*0020060927
REF*ST*04033
REF*DP*043
DTM*999*20060926
RMR*IK*403320060927*PI*12.6*12.6*0
REF*PO*0020060928
REF*ST*04033
REF*DP*043
DTM*999*20060927
RMR*IK*407120060921*PI*9.6*9.6*0
REF*PO*0020060922
REF*ST*04071
REF*DP*043
DTM*999*20060921
RMR*IK*407120060922*PI*2.35*2.35*0
REF*PO*0020060923
REF*ST*04071
REF*DP*043
DTM*999*20060922
RMR*IK*407120060923*PI*33.3*33.3*0
REF*PO*0020060924
REF*ST*04071
REF*DP*043
DTM*999*20060923
RMR*IK*407120060924*PI*7.25*7.25*0
REF*PO*0020060925
REF*ST*04071
REF*DP*043
DTM*999*20060924
RMR*IK*407120060925*PI*7.05*7.05*0
REF*PO*0020060926
REF*ST*04071
REF*DP*043
DTM*999*20060925
RMR*IK*407120060926*PI*28.4*28.4*0
REF*PO*0020060927
REF*ST*04071
REF*DP*043
DTM*999*20060926
RMR*IK*407120060927*PI*2.2*2.2*0
REF*PO*0020060928
REF*ST*04071
REF*DP*043
DTM*999*20060927
RMR*IK*409320060921*PI*100.25*100.25*0
REF*PO*0020060922
REF*ST*04093
REF*DP*043
DTM*999*20060921
RMR*IK*409320060922*PI*107.95*107.95*0
REF*PO*0020060923
REF*ST*04093
REF*DP*043
DTM*999*20060922
RMR*IK*409320060923*PI*85.75*85.75*0
REF*PO*0020060924
REF*ST*04093
REF*DP*043
DTM*999*20060923
RMR*IK*409320060924*PI*124*124*0
REF*PO*0020060925
REF*ST*04093
REF*DP*043
DTM*999*20060924
RMR*IK*409320060925*PI*78.7*78.7*0
REF*PO*0020060926
REF*ST*04093
REF*DP*043
DTM*999*20060925
RMR*IK*409320060926*PI*89.1*89.1*0
REF*PO*0020060927
REF*ST*04093
REF*DP*043
DTM*999*20060926
RMR*IK*409320060927*PI*104.45*104.45*0
REF*PO*0020060928
REF*ST*04093
REF*DP*043
DTM*999*20060927
RMR*IK*410320060921*PI*57.55*57.55*0
REF*PO*0020060922
REF*ST*04103
REF*DP*043
DTM*999*20060921
RMR*IK*410320060922*PI*33.9*33.9*0
REF*PO*0020060923
REF*ST*04103
REF*DP*043
DTM*999*20060922
RMR*IK*410320060923*PI*42.55*42.55*0
REF*PO*0020060924
REF*ST*04103
REF*DP*043
DTM*999*20060923
RMR*IK*410320060924*PI*36.15*36.15*0
REF*PO*0020060925
REF*ST*04103
REF*DP*043
DTM*999*20060924
RMR*IK*410320060925*PI*93.75*93.75*0
REF*PO*0020060926
REF*ST*04103
REF*DP*043
DTM*999*20060925
RMR*IK*410320060926*PI*41.35*41.35*0
REF*PO*0020060927
REF*ST*04103
REF*DP*043
DTM*999*20060926
RMR*IK*410320060927*PI*45.15*45.15*0
REF*PO*0020060928
REF*ST*04103
REF*DP*043
DTM*999*20060927
RMR*IK*412220060921*PI*25.85*25.85*0
REF*PO*0020060922
REF*ST*04122
REF*DP*043
DTM*999*20060921
RMR*IK*412220060922*PI*14.1*14.1*0
REF*PO*0020060923
REF*ST*04122
REF*DP*043
DTM*999*20060922
RMR*IK*412220060923*PI*34.75*34.75*0
REF*PO*0020060924
REF*ST*04122
REF*DP*043
DTM*999*20060923
RMR*IK*412220060924*PI*4.7*4.7*0
REF*PO*0020060925
REF*ST*04122
REF*DP*043
DTM*999*20060924
RMR*IK*412220060925*PI*11.75*11.75*0
REF*PO*0020060926
REF*ST*04122
REF*DP*043
DTM*999*20060925
RMR*IK*412220060926*PI*23.2*23.2*0
REF*PO*0020060927
REF*ST*04122
REF*DP*043
DTM*999*20060926
RMR*IK*412220060927*PI*4.7*4.7*0
REF*PO*0020060928
REF*ST*04122
REF*DP*043
DTM*999*20060927
RMR*IK*418920060921*PI*75.8*75.8*0
REF*PO*0020060922
REF*ST*04189
REF*DP*043
DTM*999*20060921
RMR*IK*418920060922*PI*118.15*118.15*0
REF*PO*0020060923
REF*ST*04189
REF*DP*043
DTM*999*20060922
RMR*IK*418920060923*PI*29*29*0
REF*PO*0020060924
REF*ST*04189
REF*DP*043
DTM*999*20060923
RMR*IK*418920060924*PI*11.75*11.75*0
REF*PO*0020060925
REF*ST*04189
REF*DP*043
DTM*999*20060924
RMR*IK*418920060925*PI*38.95*38.95*0
REF*PO*0020060926
REF*ST*04189
REF*DP*043
DTM*999*20060925
RMR*IK*418920060926*PI*9.4*9.4*0
REF*PO*0020060927
REF*ST*04189
REF*DP*043
DTM*999*20060926
RMR*IK*418920060927*PI*39.6*39.6*0
REF*PO*0020060928
REF*ST*04189
REF*DP*043
DTM*999*20060927
RMR*IK*419820060921*PI*44.5*44.5*0
REF*PO*0020060922
REF*ST*04198
REF*DP*043
DTM*999*20060921
RMR*IK*419820060922*PI*38.25*38.25*0
REF*PO*0020060923
REF*ST*04198
REF*DP*043
DTM*999*20060922
RMR*IK*419820060923*PI*73.85*73.85*0
REF*PO*0020060924
REF*ST*04198
REF*DP*043
DTM*999*20060923
RMR*IK*419820060924*PI*43.9*43.9*0
REF*PO*0020060925
REF*ST*04198
REF*DP*043
DTM*999*20060924
RMR*IK*419820060925*PI*47.9*47.9*0
REF*PO*0020060926
REF*ST*04198
REF*DP*043
DTM*999*20060925
RMR*IK*419820060926*PI*18.1*18.1*0
REF*PO*0020060927
REF*ST*04198
REF*DP*043
DTM*999*20060926
RMR*IK*419820060927*PI*14.8*14.8*0
REF*PO*0020060928
REF*ST*04198
REF*DP*043
DTM*999*20060927
RMR*IK*424420060921*PI*32.45*32.45*0
REF*PO*0020060922
REF*ST*04244
REF*DP*043
DTM*999*20060921
RMR*IK*424420060922*PI*27.2*27.2*0
REF*PO*0020060923
REF*ST*04244
REF*DP*043
DTM*999*20060922
RMR*IK*424420060923*PI*2.35*2.35*0
REF*PO*0020060924
REF*ST*04244
REF*DP*043
DTM*999*20060923
RMR*IK*424420060924*PI*22.8*22.8*0
REF*PO*0020060925
REF*ST*04244
REF*DP*043
DTM*999*20060924
RMR*IK*424420060925*PI*36.15*36.15*0
REF*PO*0020060926
REF*ST*04244
REF*DP*043
DTM*999*20060925
RMR*IK*424420060926*PI*88.85*88.85*0
REF*PO*0020060927
REF*ST*04244
REF*DP*043
DTM*999*20060926
RMR*IK*424420060927*PI*111.25*111.25*0
REF*PO*0020060928
REF*ST*04244
REF*DP*043
DTM*999*20060927
RMR*IK*430820060921*PI*35.85*35.85*0
REF*PO*0020060922
REF*ST*04308
REF*DP*043
DTM*999*20060921
RMR*IK*430820060922*PI*7.5*7.5*0
REF*PO*0020060923
REF*ST*04308
REF*DP*043
DTM*999*20060922
RMR*IK*430820060923*PI*29.45*29.45*0
REF*PO*0020060924
REF*ST*04308
REF*DP*043
DTM*999*20060923
RMR*IK*430820060924*PI*13.7*13.7*0
REF*PO*0020060925
REF*ST*04308
REF*DP*043
DTM*999*20060924
RMR*IK*430820060925*PI*4.7*4.7*0
REF*PO*0020060926
REF*ST*04308
REF*DP*043
DTM*999*20060925
RMR*IK*430820060926*PI*30.8*30.8*0
REF*PO*0020060927
REF*ST*04308
REF*DP*043
DTM*999*20060926
RMR*IK*430820060927*PI*31.1*31.1*0
REF*PO*0020060928
REF*ST*04308
REF*DP*043
DTM*999*20060927
RMR*IK*431220060921*PI*41.45*41.45*0
REF*PO*0020060922
REF*ST*04312
REF*DP*043
DTM*999*20060921
RMR*IK*431220060922*PI*19*19*0
REF*PO*0020060923
REF*ST*04312
REF*DP*043
DTM*999*20060922
RMR*IK*431220060923*PI*49.75*49.75*0
REF*PO*0020060924
REF*ST*04312
REF*DP*043
DTM*999*20060923
RMR*IK*431220060924*PI*34.5*34.5*0
REF*PO*0020060925
REF*ST*04312
REF*DP*043
DTM*999*20060924
RMR*IK*431220060925*PI*24.15*24.15*0
REF*PO*0020060926
REF*ST*04312
REF*DP*043
DTM*999*20060925
RMR*IK*431220060926*PI*23.25*23.25*0
REF*PO*0020060927
REF*ST*04312
REF*DP*043
DTM*999*20060926
RMR*IK*431220060927*PI*54.9*54.9*0
REF*PO*0020060928
REF*ST*04312
REF*DP*043
DTM*999*20060927
RMR*IK*447520060921*PI*58*58*0
REF*PO*0020060922
REF*ST*04475
REF*DP*043
DTM*999*20060921
RMR*IK*447520060922*PI*65.25*65.25*0
REF*PO*0020060923
REF*ST*04475
REF*DP*043
DTM*999*20060922
RMR*IK*447520060923*PI*19.75*19.75*0
REF*PO*0020060924
REF*ST*04475
REF*DP*043
DTM*999*20060923
RMR*IK*447520060924*PI*48.15*48.15*0
REF*PO*0020060925
REF*ST*04475
REF*DP*043
DTM*999*20060924
RMR*IK*447520060925*PI*41.95*41.95*0
REF*PO*0020060926
REF*ST*04475
REF*DP*043
DTM*999*20060925
RMR*IK*447520060926*PI*98.9*98.9*0
REF*PO*0020060927
REF*ST*04475
REF*DP*043
DTM*999*20060926
RMR*IK*447520060927*PI*67.65*67.65*0
REF*PO*0020060928
REF*ST*04475
REF*DP*043
DTM*999*20060927
RMR*IK*448920060923*PI*34.75*34.75*0
REF*PO*0020060924
REF*ST*04489
REF*DP*043
DTM*999*20060923
RMR*IK*448920060924*PI*23.5*23.5*0
REF*PO*0020060925
REF*ST*04489
REF*DP*043
DTM*999*20060924
RMR*IK*448920060926*PI*15.45*15.45*0
REF*PO*0020060927
REF*ST*04489
REF*DP*043
DTM*999*20060926
RMR*IK*448920060927*PI*12.65*12.65*0
REF*PO*0020060928
REF*ST*04489
REF*DP*043
DTM*999*20060927
RMR*IK*471720060921*PI*46.7*46.7*0
REF*PO*0020060922
REF*ST*04717
REF*DP*043
DTM*999*20060921
RMR*IK*471720060922*PI*59.75*59.75*0
REF*PO*0020060923
REF*ST*04717
REF*DP*043
DTM*999*20060922
RMR*IK*471720060923*PI*13.65*13.65*0
REF*PO*0020060924
REF*ST*04717
REF*DP*043
DTM*999*20060923
RMR*IK*471720060924*PI*61.7*61.7*0
REF*PO*0020060925
REF*ST*04717
REF*DP*043
DTM*999*20060924
RMR*IK*471720060925*PI*40.45*40.45*0
REF*PO*0020060926
REF*ST*04717
REF*DP*043
DTM*999*20060925
RMR*IK*471720060926*PI*31.2*31.2*0
REF*PO*0020060927
REF*ST*04717
REF*DP*043
DTM*999*20060926
RMR*IK*471720060927*PI*40.9*40.9*0
REF*PO*0020060928
REF*ST*04717
REF*DP*043
DTM*999*20060927
RMR*IK*471920060921*PI*71*71*0
REF*PO*0020060922
REF*ST*04719
REF*DP*043
DTM*999*20060921
RMR*IK*471920060922*PI*43.9*43.9*0
REF*PO*0020060923
REF*ST*04719
REF*DP*043
DTM*999*20060922
RMR*IK*471920060923*PI*102.4*102.4*0
REF*PO*0020060924
REF*ST*04719
REF*DP*043
DTM*999*20060923
RMR*IK*471920060924*PI*34.65*34.65*0
REF*PO*0020060925
REF*ST*04719
REF*DP*043
DTM*999*20060924
RMR*IK*471920060925*PI*75.15*75.15*0
REF*PO*0020060926
REF*ST*04719
REF*DP*043
DTM*999*20060925
RMR*IK*471920060926*PI*85.5*85.5*0
REF*PO*0020060927
REF*ST*04719
REF*DP*043
DTM*999*20060926
RMR*IK*471920060927*PI*35.75*35.75*0
REF*PO*0020060928
REF*ST*04719
REF*DP*043
DTM*999*20060927
RMR*IK*472320060921*PI*33.55*33.55*0
REF*PO*0020060922
REF*ST*04723
REF*DP*043
DTM*999*20060921
RMR*IK*472320060922*PI*7.25*7.25*0
REF*PO*0020060923
REF*ST*04723
REF*DP*043
DTM*999*20060922
RMR*IK*472320060923*PI*14.1*14.1*0
REF*PO*0020060924
REF*ST*04723
REF*DP*043
DTM*999*20060923
RMR*IK*472320060924*PI*2.8*2.8*0
REF*PO*0020060925
REF*ST*04723
REF*DP*043
DTM*999*20060924
RMR*IK*472320060925*PI*2.35*2.35*0
REF*PO*0020060926
REF*ST*04723
REF*DP*043
DTM*999*20060925
RMR*IK*472320060926*PI*8.45*8.45*0
REF*PO*0020060927
REF*ST*04723
REF*DP*043
DTM*999*20060926
RMR*IK*472320060927*PI*14.5*14.5*0
REF*PO*0020060928
REF*ST*04723
REF*DP*043
DTM*999*20060927
RMR*IK*473920060921*PI*36.85*36.85*0
REF*PO*0020060922
REF*ST*04739
REF*DP*043
DTM*999*20060921
RMR*IK*473920060922*PI*6.6*6.6*0
REF*PO*0020060923
REF*ST*04739
REF*DP*043
DTM*999*20060922
RMR*IK*473920060923*PI*29.2*29.2*0
REF*PO*0020060924
REF*ST*04739
REF*DP*043
DTM*999*20060923
RMR*IK*473920060924*PI*17.55*17.55*0
REF*PO*0020060925
REF*ST*04739
REF*DP*043
DTM*999*20060924
RMR*IK*473920060925*PI*55.75*55.75*0
REF*PO*0020060926
REF*ST*04739
REF*DP*043
DTM*999*20060925
RMR*IK*473920060926*PI*43.7*43.7*0
REF*PO*0020060927
REF*ST*04739
REF*DP*043
DTM*999*20060926
RMR*IK*473920060927*PI*39.65*39.65*0
REF*PO*0020060928
REF*ST*04739
REF*DP*043
DTM*999*20060927
RMR*IK*475320060921*PI*2.35*2.35*0
REF*PO*0020060922
REF*ST*04753
REF*DP*043
DTM*999*20060921
RMR*IK*475320060925*PI*7.25*7.25*0
REF*PO*0020060926
REF*ST*04753
REF*DP*043
DTM*999*20060925
RMR*IK*475320060926*PI*4.55*4.55*0
REF*PO*0020060927
REF*ST*04753
REF*DP*043
DTM*999*20060926
RMR*IK*475320060927*PI*16.3*16.3*0
REF*PO*0020060928
REF*ST*04753
REF*DP*043
DTM*999*20060927
RMR*IK*476920060921*PI*52.1*52.1*0
REF*PO*0020060922
REF*ST*04769
REF*DP*043
DTM*999*20060921
RMR*IK*476920060922*PI*80.55*80.55*0
REF*PO*0020060923
REF*ST*04769
REF*DP*043
DTM*999*20060922
RMR*IK*476920060923*PI*64.2*64.2*0
REF*PO*0020060924
REF*ST*04769
REF*DP*043
DTM*999*20060923
RMR*IK*476920060924*PI*21.2*21.2*0
REF*PO*0020060925
REF*ST*04769
REF*DP*043
DTM*999*20060924
RMR*IK*476920060925*PI*55.4*55.4*0
REF*PO*0020060926
REF*ST*04769
REF*DP*043
DTM*999*20060925
RMR*IK*476920060926*PI*17.55*17.55*0
REF*PO*0020060927
REF*ST*04769
REF*DP*043
DTM*999*20060926
RMR*IK*476920060927*PI*52.95*52.95*0
REF*PO*0020060928
REF*ST*04769
REF*DP*043
DTM*999*20060927
RMR*IK*481720060921*PI*34*34*0
REF*PO*0020060922
REF*ST*04817
REF*DP*043
DTM*999*20060921
RMR*IK*481720060922*PI*24.4*24.4*0
REF*PO*0020060923
REF*ST*04817
REF*DP*043
DTM*999*20060922
RMR*IK*481720060923*PI*23.8*23.8*0
REF*PO*0020060924
REF*ST*04817
REF*DP*043
DTM*999*20060923
RMR*IK*481720060924*PI*15.9*15.9*0
REF*PO*0020060925
REF*ST*04817
REF*DP*043
DTM*999*20060924
RMR*IK*481720060925*PI*12.65*12.65*0
REF*PO*0020060926
REF*ST*04817
REF*DP*043
DTM*999*20060925
RMR*IK*481720060926*PI*28.45*28.45*0
REF*PO*0020060927
REF*ST*04817
REF*DP*043
DTM*999*20060926
RMR*IK*481720060927*PI*2.35*2.35*0
REF*PO*0020060928
REF*ST*04817
REF*DP*043
DTM*999*20060927
RMR*IK*483520060921*PI*2.35*2.35*0
REF*PO*0020060922
REF*ST*04835
REF*DP*043
DTM*999*20060921
RMR*IK*483520060922*PI*4.7*4.7*0
REF*PO*0020060923
REF*ST*04835
REF*DP*043
DTM*999*20060922
RMR*IK*483520060923*PI*11.75*11.75*0
REF*PO*0020060924
REF*ST*04835
REF*DP*043
DTM*999*20060923
RMR*IK*483520060924*PI*2.35*2.35*0
REF*PO*0020060925
REF*ST*04835
REF*DP*043
DTM*999*20060924
RMR*IK*483520060925*PI*11.75*11.75*0
REF*PO*0020060926
REF*ST*04835
REF*DP*043
DTM*999*20060925
RMR*IK*483520060927*PI*8.95*8.95*0
REF*PO*0020060928
REF*ST*04835
REF*DP*043
DTM*999*20060927
RMR*IK*488320060921*PI*4.7*4.7*0
REF*PO*0020060922
REF*ST*04883
REF*DP*043
DTM*999*20060921
RMR*IK*488320060922*PI*22.05*22.05*0
REF*PO*0020060923
REF*ST*04883
REF*DP*043
DTM*999*20060922
RMR*IK*488320060923*PI*7.05*7.05*0
REF*PO*0020060924
REF*ST*04883
REF*DP*043
DTM*999*20060923
RMR*IK*488320060924*PI*7.25*7.25*0
REF*PO*0020060925
REF*ST*04883
REF*DP*043
DTM*999*20060924
RMR*IK*488320060925*PI*10*10*0
REF*PO*0020060926
REF*ST*04883
REF*DP*043
DTM*999*20060925
RMR*IK*488320060926*PI*45.25*45.25*0
REF*PO*0020060927
REF*ST*04883
REF*DP*043
DTM*999*20060926
RMR*IK*488320060927*PI*5.8*5.8*0
REF*PO*0020060928
REF*ST*04883
REF*DP*043
DTM*999*20060927
RMR*IK*489820060921*PI*10.5*10.5*0
REF*PO*0020060922
REF*ST*04898
REF*DP*043
DTM*999*20060921
RMR*IK*489820060922*PI*14.25*14.25*0
REF*PO*0020060923
REF*ST*04898
REF*DP*043
DTM*999*20060922
RMR*IK*489820060923*PI*4.7*4.7*0
REF*PO*0020060924
REF*ST*04898
REF*DP*043
DTM*999*20060923
RMR*IK*489820060924*PI*7.8*7.8*0
REF*PO*0020060925
REF*ST*04898
REF*DP*043
DTM*999*20060924
RMR*IK*489820060925*PI*35*35*0
REF*PO*0020060926
REF*ST*04898
REF*DP*043
DTM*999*20060925
RMR*IK*489820060926*PI*38.7*38.7*0
REF*PO*0020060927
REF*ST*04898
REF*DP*043
DTM*999*20060926
RMR*IK*489820060927*PI*34.5*34.5*0
REF*PO*0020060928
REF*ST*04898
REF*DP*043
DTM*999*20060927
RMR*IK*497020060921*PI*48.9*48.9*0
REF*PO*0020060922
REF*ST*04970
REF*DP*043
DTM*999*20060921
RMR*IK*497020060922*PI*37.2*37.2*0
REF*PO*0020060923
REF*ST*04970
REF*DP*043
DTM*999*20060922
RMR*IK*497020060923*PI*21.65*21.65*0
REF*PO*0020060924
REF*ST*04970
REF*DP*043
DTM*999*20060923
RMR*IK*497020060924*PI*37.55*37.55*0
REF*PO*0020060925
REF*ST*04970
REF*DP*043
DTM*999*20060924
RMR*IK*497020060925*PI*38.75*38.75*0
REF*PO*0020060926
REF*ST*04970
REF*DP*043
DTM*999*20060925
RMR*IK*497020060926*PI*20.4*20.4*0
REF*PO*0020060927
REF*ST*04970
REF*DP*043
DTM*999*20060926
RMR*IK*497020060927*PI*50.75*50.75*0
REF*PO*0020060928
REF*ST*04970
REF*DP*043
DTM*999*20060927
RMR*IK*502320060922*PI*14.1*14.1*0
REF*PO*0020060924
REF*ST*05023
REF*DP*043
DTM*999*20060922
RMR*IK*502320060923*PI*13.45*13.45*0
REF*PO*0020060925
REF*ST*05023
REF*DP*043
DTM*999*20060923
RMR*IK*502320060924*PI*50.05*50.05*0
REF*PO*0020060928
REF*ST*05023
REF*DP*043
DTM*999*20060924
RMR*IK*502320060927*PI*19.3*19.3*0
REF*PO*0020060930
REF*ST*05023
REF*DP*043
DTM*999*20060927
RMR*IK*506620060923*PI*21.15*21.15*0
REF*PO*0020060925
REF*ST*05066
REF*DP*043
DTM*999*20060923
RMR*IK*506620060924*PI*16.45*16.45*0
REF*PO*0020060928
REF*ST*05066
REF*DP*043
DTM*999*20060924
RMR*IK*506620060927*PI*16.9*16.9*0
REF*PO*0020060929
REF*ST*05066
REF*DP*043
DTM*999*20060927
RMR*IK*507020060922*PI*112.05*112.05*0
REF*PO*0020060928
REF*ST*05070
REF*DP*043
DTM*999*20060922
RMR*IK*507020060927*PI*59.15*59.15*0
REF*PO*0020060929
REF*ST*05070
REF*DP*043
DTM*999*20060927
RMR*IK*507720060924*PI*29.55*29.55*0
REF*PO*0020060928
REF*ST*05077
REF*DP*043
DTM*999*20060924
RMR*IK*507720060927*PI*5.6*5.6*0
REF*PO*0020060929
REF*ST*05077
REF*DP*043
DTM*999*20060927
RMR*IK*702820060921*PI*23.95*23.95*0
REF*PO*0020060922
REF*ST*07028
REF*DP*043
DTM*999*20060921
RMR*IK*702820060922*PI*15.6*15.6*0
REF*PO*0020060923
REF*ST*07028
REF*DP*043
DTM*999*20060922
RMR*IK*702820060923*PI*18.8*18.8*0
REF*PO*0020060924
REF*ST*07028
REF*DP*043
DTM*999*20060923
RMR*IK*702820060924*PI*6.9*6.9*0
REF*PO*0020060925
REF*ST*07028
REF*DP*043
DTM*999*20060924
RMR*IK*702820060925*PI*2.35*2.35*0
REF*PO*0020060926
REF*ST*07028
REF*DP*043
DTM*999*20060925
RMR*IK*702820060926*PI*6.6*6.6*0
REF*PO*0020060927
REF*ST*07028
REF*DP*043
DTM*999*20060926
RMR*IK*704520060921*PI*6.55*6.55*0
REF*PO*0020060922
REF*ST*07045
REF*DP*043
DTM*999*20060921
RMR*IK*704520060922*PI*21.95*21.95*0
REF*PO*0020060923
REF*ST*07045
REF*DP*043
DTM*999*20060922
RMR*IK*704520060923*PI*26.2*26.2*0
REF*PO*0020060924
REF*ST*07045
REF*DP*043
DTM*999*20060923
RMR*IK*704520060924*PI*48.05*48.05*0
REF*PO*0020060925
REF*ST*07045
REF*DP*043
DTM*999*20060924
RMR*IK*704520060925*PI*36.1*36.1*0
REF*PO*0020060926
REF*ST*07045
REF*DP*043
DTM*999*20060925
RMR*IK*704520060926*PI*22.1*22.1*0
REF*PO*0020060927
REF*ST*07045
REF*DP*043
DTM*999*20060926
RMR*IK*704520060927*PI*11.6*11.6*0
REF*PO*0020060928
REF*ST*07045
REF*DP*043
DTM*999*20060927
RMR*IK*705920060921*PI*2.2*2.2*0
REF*PO*0020060922
REF*ST*07059
REF*DP*043
DTM*999*20060921
RMR*IK*705920060922*PI*19.9*19.9*0
REF*PO*0020060923
REF*ST*07059
REF*DP*043
DTM*999*20060922
RMR*IK*705920060923*PI*19.95*19.95*0
REF*PO*0020060924
REF*ST*07059
REF*DP*043
DTM*999*20060923
RMR*IK*705920060924*PI*29.2*29.2*0
REF*PO*0020060925
REF*ST*07059
REF*DP*043
DTM*999*20060924
RMR*IK*705920060925*PI*32.15*32.15*0
REF*PO*0020060926
REF*ST*07059
REF*DP*043
DTM*999*20060925
RMR*IK*705920060926*PI*61.9*61.9*0
REF*PO*0020060927
REF*ST*07059
REF*DP*043
DTM*999*20060926
RMR*IK*705920060927*PI*26.75*26.75*0
REF*PO*0020060928
REF*ST*07059
REF*DP*043
DTM*999*20060927
RMR*IK*706420060922*PI*8*8*0
REF*PO*0020060923
REF*ST*07064
REF*DP*043
DTM*999*20060922
RMR*IK*706420060923*PI*50*50*0
REF*PO*0020060924
REF*ST*07064
REF*DP*043
DTM*999*20060923
RMR*IK*706420060924*PI*1.4*1.4*0
REF*PO*0020060925
REF*ST*07064
REF*DP*043
DTM*999*20060924
RMR*IK*706420060925*PI*22.5*22.5*0
REF*PO*0020060926
REF*ST*07064
REF*DP*043
DTM*999*20060925
RMR*IK*706420060926*PI*31.1*31.1*0
REF*PO*0020060927
REF*ST*07064
REF*DP*043
DTM*999*20060926
RMR*IK*706420060927*PI*8.8*8.8*0
REF*PO*0020060928
REF*ST*07064
REF*DP*043
DTM*999*20060927
RMR*IK*706620060921*PI*6.6*6.6*0
REF*PO*0020060922
REF*ST*07066
REF*DP*043
DTM*999*20060921
RMR*IK*706620060922*PI*9.6*9.6*0
REF*PO*0020060923
REF*ST*07066
REF*DP*043
DTM*999*20060922
RMR*IK*706620060923*PI*64.7*64.7*0
REF*PO*0020060924
REF*ST*07066
REF*DP*043
DTM*999*20060923
RMR*IK*706620060924*PI*45.85*45.85*0
REF*PO*0020060925
REF*ST*07066
REF*DP*043
DTM*999*20060924
RMR*IK*706620060925*PI*32.3*32.3*0
REF*PO*0020060926
REF*ST*07066
REF*DP*043
DTM*999*20060925
RMR*IK*706620060926*PI*38.15*38.15*0
REF*PO*0020060927
REF*ST*07066
REF*DP*043
DTM*999*20060926
RMR*IK*706620060927*PI*60.95*60.95*0
REF*PO*0020060928
REF*ST*07066
REF*DP*043
DTM*999*20060927
RMR*IK*706920060921*PI*13.6*13.6*0
REF*PO*0020060922
REF*ST*07069
REF*DP*043
DTM*999*20060921
RMR*IK*706920060922*PI*4.7*4.7*0
REF*PO*0020060923
REF*ST*07069
REF*DP*043
DTM*999*20060922
RMR*IK*706920060923*PI*11.3*11.3*0
REF*PO*0020060924
REF*ST*07069
REF*DP*043
DTM*999*20060923
RMR*IK*706920060924*PI*6.6*6.6*0
REF*PO*0020060925
REF*ST*07069
REF*DP*043
DTM*999*20060924
RMR*IK*706920060925*PI*32.75*32.75*0
REF*PO*0020060926
REF*ST*07069
REF*DP*043
DTM*999*20060925
RMR*IK*706920060926*PI*38.3*38.3*0
REF*PO*0020060927
REF*ST*07069
REF*DP*043
DTM*999*20060926
RMR*IK*706920060927*PI*115.6*115.6*0
REF*PO*0020060928
REF*ST*07069
REF*DP*043
DTM*999*20060927
RMR*IK*707620060921*PI*24.2*24.2*0
REF*PO*0020060922
REF*ST*07076
REF*DP*043
DTM*999*20060921
RMR*IK*707620060922*PI*20.1*20.1*0
REF*PO*0020060923
REF*ST*07076
REF*DP*043
DTM*999*20060922
RMR*IK*707620060923*PI*16.6*16.6*0
REF*PO*0020060924
REF*ST*07076
REF*DP*043
DTM*999*20060923
RMR*IK*707620060924*PI*20.4*20.4*0
REF*PO*0020060925
REF*ST*07076
REF*DP*043
DTM*999*20060924
RMR*IK*707620060925*PI*41.6*41.6*0
REF*PO*0020060926
REF*ST*07076
REF*DP*043
DTM*999*20060925
RMR*IK*707620060926*PI*6.9*6.9*0
REF*PO*0020060927
REF*ST*07076
REF*DP*043
DTM*999*20060926
RMR*IK*707620060927*PI*7.05*7.05*0
REF*PO*0020060928
REF*ST*07076
REF*DP*043
DTM*999*20060927
RMR*IK*713220060921*PI*38.15*38.15*0
REF*PO*0020060922
REF*ST*07132
REF*DP*043
DTM*999*20060921
RMR*IK*713220060922*PI*5.8*5.8*0
REF*PO*0020060923
REF*ST*07132
REF*DP*043
DTM*999*20060922
RMR*IK*713220060923*PI*26.95*26.95*0
REF*PO*0020060924
REF*ST*07132
REF*DP*043
DTM*999*20060923
RMR*IK*713220060924*PI*32.35*32.35*0
REF*PO*0020060925
REF*ST*07132
REF*DP*043
DTM*999*20060924
RMR*IK*713220060925*PI*80.55*80.55*0
REF*PO*0020060926
REF*ST*07132
REF*DP*043
DTM*999*20060925
RMR*IK*713220060926*PI*19.6*19.6*0
REF*PO*0020060927
REF*ST*07132
REF*DP*043
DTM*999*20060926
RMR*IK*713220060927*PI*55.2*55.2*0
REF*PO*0020060928
REF*ST*07132
REF*DP*043
DTM*999*20060927
RMR*IK*715420060921*PI*18.3*18.3*0
REF*PO*0020060922
REF*ST*07154
REF*DP*043
DTM*999*20060921
RMR*IK*715420060922*PI*4.7*4.7*0
REF*PO*0020060923
REF*ST*07154
REF*DP*043
DTM*999*20060922
RMR*IK*715420060923*PI*37.25*37.25*0
REF*PO*0020060924
REF*ST*07154
REF*DP*043
DTM*999*20060923
RMR*IK*715420060924*PI*1.1*1.1*0
REF*PO*0020060925
REF*ST*07154
REF*DP*043
DTM*999*20060924
RMR*IK*715420060925*PI*13.5*13.5*0
REF*PO*0020060926
REF*ST*07154
REF*DP*043
DTM*999*20060925
RMR*IK*715420060927*PI*22.25*22.25*0
REF*PO*0020060928
REF*ST*07154
REF*DP*043
DTM*999*20060927
RMR*IK*718420060921*PI*50.8*50.8*0
REF*PO*0020060922
REF*ST*07184
REF*DP*043
DTM*999*20060921
RMR*IK*718420060922*PI*101.2*101.2*0
REF*PO*0020060923
REF*ST*07184
REF*DP*043
DTM*999*20060922
RMR*IK*718420060923*PI*113.85*113.85*0
REF*PO*0020060924
REF*ST*07184
REF*DP*043
DTM*999*20060923
RMR*IK*718420060924*PI*141.8*141.8*0
REF*PO*0020060925
REF*ST*07184
REF*DP*043
DTM*999*20060924
RMR*IK*718420060925*PI*72.15*72.15*0
REF*PO*0020060926
REF*ST*07184
REF*DP*043
DTM*999*20060925
RMR*IK*718420060926*PI*28.7*28.7*0
REF*PO*0020060927
REF*ST*07184
REF*DP*043
DTM*999*20060926
RMR*IK*718420060927*PI*77.05*77.05*0
REF*PO*0020060928
REF*ST*07184
REF*DP*043
DTM*999*20060927
RMR*IK*725520060921*PI*49.85*49.85*0
REF*PO*0020060922
REF*ST*07255
REF*DP*043
DTM*999*20060921
RMR*IK*725520060922*PI*56.75*56.75*0
REF*PO*0020060923
REF*ST*07255
REF*DP*043
DTM*999*20060922
RMR*IK*725520060923*PI*22.75*22.75*0
REF*PO*0020060924
REF*ST*07255
REF*DP*043
DTM*999*20060923
RMR*IK*725520060924*PI*18.7*18.7*0
REF*PO*0020060925
REF*ST*07255
REF*DP*043
DTM*999*20060924
RMR*IK*725520060925*PI*80.6*80.6*0
REF*PO*0020060926
REF*ST*07255
REF*DP*043
DTM*999*20060925
RMR*IK*725520060926*PI*103.65*103.65*0
REF*PO*0020060927
REF*ST*07255
REF*DP*043
DTM*999*20060926
RMR*IK*725520060927*PI*84.4*84.4*0
REF*PO*0020060928
REF*ST*07255
REF*DP*043
DTM*999*20060927
RMR*IK*735420060921*PI*4.7*4.7*0
REF*PO*0020060922
REF*ST*07354
REF*DP*043
DTM*999*20060921
RMR*IK*735420060922*PI*30.25*30.25*0
REF*PO*0020060923
REF*ST*07354
REF*DP*043
DTM*999*20060922
RMR*IK*735420060923*PI*16.7*16.7*0
REF*PO*0020060924
REF*ST*07354
REF*DP*043
DTM*999*20060923
RMR*IK*735420060925*PI*17.4*17.4*0
REF*PO*0020060926
REF*ST*07354
REF*DP*043
DTM*999*20060925
RMR*IK*735420060926*PI*26.75*26.75*0
REF*PO*0020060927
REF*ST*07354
REF*DP*043
DTM*999*20060926
RMR*IK*735420060927*PI*15.9*15.9*0
REF*PO*0020060928
REF*ST*07354
REF*DP*043
DTM*999*20060927
RMR*IK*735820060921*PI*53.55*53.55*0
REF*PO*0020060922
REF*ST*07358
REF*DP*043
DTM*999*20060921
RMR*IK*735820060922*PI*79.3*79.3*0
REF*PO*0020060923
REF*ST*07358
REF*DP*043
DTM*999*20060922
RMR*IK*735820060923*PI*158.9*158.9*0
REF*PO*0020060924
REF*ST*07358
REF*DP*043
DTM*999*20060923
RMR*IK*735820060924*PI*111.1*111.1*0
REF*PO*0020060925
REF*ST*07358
REF*DP*043
DTM*999*20060924
RMR*IK*735820060925*PI*151.9*151.9*0
REF*PO*0020060926
REF*ST*07358
REF*DP*043
DTM*999*20060925
RMR*IK*735820060926*PI*125.9*125.9*0
REF*PO*0020060927
REF*ST*07358
REF*DP*043
DTM*999*20060926
RMR*IK*735820060927*PI*130.7*130.7*0
REF*PO*0020060928
REF*ST*07358
REF*DP*043
DTM*999*20060927
RMR*IK*736020060921*PI*16.85*16.85*0
REF*PO*0020060922
REF*ST*07360
REF*DP*043
DTM*999*20060921
RMR*IK*736020060922*PI*4.7*4.7*0
REF*PO*0020060923
REF*ST*07360
REF*DP*043
DTM*999*20060922
RMR*IK*736020060923*PI*19*19*0
REF*PO*0020060924
REF*ST*07360
REF*DP*043
DTM*999*20060923
RMR*IK*736020060924*PI*4.7*4.7*0
REF*PO*0020060925
REF*ST*07360
REF*DP*043
DTM*999*20060924
RMR*IK*736020060925*PI*40.05*40.05*0
REF*PO*0020060926
REF*ST*07360
REF*DP*043
DTM*999*20060925
RMR*IK*736020060926*PI*33.05*33.05*0
REF*PO*0020060927
REF*ST*07360
REF*DP*043
DTM*999*20060926
RMR*IK*736020060927*PI*5.6*5.6*0
REF*PO*0020060928
REF*ST*07360
REF*DP*043
DTM*999*20060927
RMR*IK*736220060921*PI*18.5*18.5*0
REF*PO*0020060922
REF*ST*07362
REF*DP*043
DTM*999*20060921
RMR*IK*736220060923*PI*24.5*24.5*0
REF*PO*0020060924
REF*ST*07362
REF*DP*043
DTM*999*20060923
RMR*IK*736220060924*PI*10.55*10.55*0
REF*PO*0020060925
REF*ST*07362
REF*DP*043
DTM*999*20060924
RMR*IK*736220060925*PI*47.95*47.95*0
REF*PO*0020060926
REF*ST*07362
REF*DP*043
DTM*999*20060925
RMR*IK*736220060926*PI*71.3*71.3*0
REF*PO*0020060927
REF*ST*07362
REF*DP*043
DTM*999*20060926
RMR*IK*736220060927*PI*2.35*2.35*0
REF*PO*0020060928
REF*ST*07362
REF*DP*043
DTM*999*20060927
RMR*IK*738820060921*PI*21.15*21.15*0
REF*PO*0020060922
REF*ST*07388
REF*DP*043
DTM*999*20060921
RMR*IK*738820060922*PI*28.15*28.15*0
REF*PO*0020060923
REF*ST*07388
REF*DP*043
DTM*999*20060922
RMR*IK*738820060923*PI*37.15*37.15*0
REF*PO*0020060924
REF*ST*07388
REF*DP*043
DTM*999*20060923
RMR*IK*738820060924*PI*17.7*17.7*0
REF*PO*0020060925
REF*ST*07388
REF*DP*043
DTM*999*20060924
RMR*IK*738820060925*PI*21.3*21.3*0
REF*PO*0020060926
REF*ST*07388
REF*DP*043
DTM*999*20060925
RMR*IK*738820060926*PI*28.45*28.45*0
REF*PO*0020060927
REF*ST*07388
REF*DP*043
DTM*999*20060926
RMR*IK*738820060927*PI*24.25*24.25*0
REF*PO*0020060928
REF*ST*07388
REF*DP*043
DTM*999*20060927
RMR*IK*743720060921*PI*9.6*9.6*0
REF*PO*0020060922
REF*ST*07437
REF*DP*043
DTM*999*20060921
RMR*IK*743720060923*PI*5.8*5.8*0
REF*PO*0020060924
REF*ST*07437
REF*DP*043
DTM*999*20060923
RMR*IK*743720060924*PI*10.8*10.8*0
REF*PO*0020060925
REF*ST*07437
REF*DP*043
DTM*999*20060924
RMR*IK*743720060925*PI*6.75*6.75*0
REF*PO*0020060926
REF*ST*07437
REF*DP*043
DTM*999*20060925
RMR*IK*743720060926*PI*2.2*2.2*0
REF*PO*0020060927
REF*ST*07437
REF*DP*043
DTM*999*20060926
RMR*IK*743720060927*PI*10.35*10.35*0
REF*PO*0020060928
REF*ST*07437
REF*DP*043
DTM*999*20060927
RMR*IK*746020060921*PI*7.7*7.7*0
REF*PO*0020060922
REF*ST*07460
REF*DP*043
DTM*999*20060921
RMR*IK*746020060922*PI*37.7*37.7*0
REF*PO*0020060923
REF*ST*07460
REF*DP*043
DTM*999*20060922
RMR*IK*746020060923*PI*19.3*19.3*0
REF*PO*0020060924
REF*ST*07460
REF*DP*043
DTM*999*20060923
RMR*IK*746020060924*PI*20.15*20.15*0
REF*PO*0020060925
REF*ST*07460
REF*DP*043
DTM*999*20060924
RMR*IK*746020060925*PI*24.35*24.35*0
REF*PO*0020060926
REF*ST*07460
REF*DP*043
DTM*999*20060925
RMR*IK*746020060926*PI*51.95*51.95*0
REF*PO*0020060927
REF*ST*07460
REF*DP*043
DTM*999*20060926
RMR*IK*746020060927*PI*46.7*46.7*0
REF*PO*0020060928
REF*ST*07460
REF*DP*043
DTM*999*20060927
RMR*IK*746120060921*PI*35.5*35.5*0
REF*PO*0020060922
REF*ST*07461
REF*DP*043
DTM*999*20060921
RMR*IK*746120060922*PI*34.95*34.95*0
REF*PO*0020060923
REF*ST*07461
REF*DP*043
DTM*999*20060922
RMR*IK*746120060923*PI*50*50*0
REF*PO*0020060924
REF*ST*07461
REF*DP*043
DTM*999*20060923
RMR*IK*746120060924*PI*57*57*0
REF*PO*0020060925
REF*ST*07461
REF*DP*043
DTM*999*20060924
RMR*IK*746120060925*PI*53.6*53.6*0
REF*PO*0020060926
REF*ST*07461
REF*DP*043
DTM*999*20060925
RMR*IK*746120060926*PI*55.9*55.9*0
REF*PO*0020060927
REF*ST*07461
REF*DP*043
DTM*999*20060926
RMR*IK*746120060927*PI*65.6*65.6*0
REF*PO*0020060928
REF*ST*07461
REF*DP*043
DTM*999*20060927
RMR*IK*755820060921*PI*2.35*2.35*0
REF*PO*0020060922
REF*ST*07558
REF*DP*043
DTM*999*20060921
RMR*IK*755820060923*PI*5.15*5.15*0
REF*PO*0020060924
REF*ST*07558
REF*DP*043
DTM*999*20060923
RMR*IK*755820060924*PI*15.5*15.5*0
REF*PO*0020060925
REF*ST*07558
REF*DP*043
DTM*999*20060924
RMR*IK*755820060925*PI*10.75*10.75*0
REF*PO*0020060926
REF*ST*07558
REF*DP*043
DTM*999*20060925
RMR*IK*755820060926*PI*22.5*22.5*0
REF*PO*0020060927
REF*ST*07558
REF*DP*043
DTM*999*20060926
RMR*IK*755820060927*PI*195.05*195.05*0
REF*PO*0020060928
REF*ST*07558
REF*DP*043
DTM*999*20060927
RMR*IK*760720060921*PI*73.25*73.25*0
REF*PO*0020060922
REF*ST*07607
REF*DP*043
DTM*999*20060921
RMR*IK*760720060922*PI*31.65*31.65*0
REF*PO*0020060923
REF*ST*07607
REF*DP*043
DTM*999*20060922
RMR*IK*760720060923*PI*16.85*16.85*0
REF*PO*0020060924
REF*ST*07607
REF*DP*043
DTM*999*20060923
RMR*IK*760720060924*PI*123.6*123.6*0
REF*PO*0020060925
REF*ST*07607
REF*DP*043
DTM*999*20060924
RMR*IK*760720060925*PI*29.1*29.1*0
REF*PO*0020060926
REF*ST*07607
REF*DP*043
DTM*999*20060925
RMR*IK*760720060926*PI*30.8*30.8*0
REF*PO*0020060927
REF*ST*07607
REF*DP*043
DTM*999*20060926
RMR*IK*760720060927*PI*72.95*72.95*0
REF*PO*0020060928
REF*ST*07607
REF*DP*043
DTM*999*20060927
RMR*IK*761020060921*PI*21.6*21.6*0
REF*PO*0020060922
REF*ST*07610
REF*DP*043
DTM*999*20060921
RMR*IK*761020060922*PI*28.85*28.85*0
REF*PO*0020060923
REF*ST*07610
REF*DP*043
DTM*999*20060922
RMR*IK*761020060923*PI*37.45*37.45*0
REF*PO*0020060924
REF*ST*07610
REF*DP*043
DTM*999*20060923
RMR*IK*761020060924*PI*36.4*36.4*0
REF*PO*0020060925
REF*ST*07610
REF*DP*043
DTM*999*20060924
RMR*IK*761020060925*PI*34.8*34.8*0
REF*PO*0020060926
REF*ST*07610
REF*DP*043
DTM*999*20060925
RMR*IK*761020060926*PI*72.25*72.25*0
REF*PO*0020060927
REF*ST*07610
REF*DP*043
DTM*999*20060926
RMR*IK*761020060927*PI*25.8*25.8*0
REF*PO*0020060928
REF*ST*07610
REF*DP*043
DTM*999*20060927
RMR*IK*762920060921*PI*3.3*3.3*0
REF*PO*0020060922
REF*ST*07629
REF*DP*043
DTM*999*20060921
RMR*IK*762920060922*PI*12.85*12.85*0
REF*PO*0020060923
REF*ST*07629
REF*DP*043
DTM*999*20060922
RMR*IK*762920060923*PI*19.9*19.9*0
REF*PO*0020060924
REF*ST*07629
REF*DP*043
DTM*999*20060923
RMR*IK*762920060924*PI*20.2*20.2*0
REF*PO*0020060925
REF*ST*07629
REF*DP*043
DTM*999*20060924
RMR*IK*762920060925*PI*14.1*14.1*0
REF*PO*0020060926
REF*ST*07629
REF*DP*043
DTM*999*20060925
RMR*IK*762920060926*PI*3.3*3.3*0
REF*PO*0020060927
REF*ST*07629
REF*DP*043
DTM*999*20060926
RMR*IK*762920060927*PI*2.35*2.35*0
REF*PO*0020060928
REF*ST*07629
REF*DP*043
DTM*999*20060927
RMR*IK*763720060922*PI*16.85*16.85*0
REF*PO*0020060923
REF*ST*07637
REF*DP*043
DTM*999*20060922
RMR*IK*763720060923*PI*2.35*2.35*0
REF*PO*0020060924
REF*ST*07637
REF*DP*043
DTM*999*20060923
RMR*IK*763720060925*PI*4.7*4.7*0
REF*PO*0020060926
REF*ST*07637
REF*DP*043
DTM*999*20060925
RMR*IK*763720060926*PI*16.45*16.45*0
REF*PO*0020060927
REF*ST*07637
REF*DP*043
DTM*999*20060926
RMR*IK*771820060921*PI*13.95*13.95*0
REF*PO*0020060922
REF*ST*07718
REF*DP*043
DTM*999*20060921
RMR*IK*771820060922*PI*36.05*36.05*0
REF*PO*0020060923
REF*ST*07718
REF*DP*043
DTM*999*20060922
RMR*IK*771820060923*PI*66.05*66.05*0
REF*PO*0020060924
REF*ST*07718
REF*DP*043
DTM*999*20060923
RMR*IK*771820060924*PI*36.8*36.8*0
REF*PO*0020060925
REF*ST*07718
REF*DP*043
DTM*999*20060924
RMR*IK*771820060925*PI*125.35*125.35*0
REF*PO*0020060926
REF*ST*07718
REF*DP*043
DTM*999*20060925
RMR*IK*771820060926*PI*66.1*66.1*0
REF*PO*0020060927
REF*ST*07718
REF*DP*043
DTM*999*20060926
RMR*IK*771820060927*PI*61.45*61.45*0
REF*PO*0020060928
REF*ST*07718
REF*DP*043
DTM*999*20060927
RMR*IK*771920060921*PI*16.85*16.85*0
REF*PO*0020060922
REF*ST*07719
REF*DP*043
DTM*999*20060921
RMR*IK*771920060922*PI*30.95*30.95*0
REF*PO*0020060923
REF*ST*07719
REF*DP*043
DTM*999*20060922
RMR*IK*771920060924*PI*9.4*9.4*0
REF*PO*0020060925
REF*ST*07719
REF*DP*043
DTM*999*20060924
RMR*IK*771920060925*PI*11.75*11.75*0
REF*PO*0020060926
REF*ST*07719
REF*DP*043
DTM*999*20060925
RMR*IK*771920060926*PI*4.7*4.7*0
REF*PO*0020060927
REF*ST*07719
REF*DP*043
DTM*999*20060926
RMR*IK*771920060927*PI*9.6*9.6*0
REF*PO*0020060928
REF*ST*07719
REF*DP*043
DTM*999*20060927
RMR*IK*921720060921*PI*62.2*62.2*0
REF*PO*0020060922
REF*ST*09217
REF*DP*043
DTM*999*20060921
RMR*IK*921720060922*PI*21.15*21.15*0
REF*PO*0020060923
REF*ST*09217
REF*DP*043
DTM*999*20060922
RMR*IK*921720060923*PI*24.45*24.45*0
REF*PO*0020060924
REF*ST*09217
REF*DP*043
DTM*999*20060923
RMR*IK*921720060924*PI*21.6*21.6*0
REF*PO*0020060925
REF*ST*09217
REF*DP*043
DTM*999*20060924
RMR*IK*921720060925*PI*2.35*2.35*0
REF*PO*0020060926
REF*ST*09217
REF*DP*043
DTM*999*20060925
RMR*IK*921720060926*PI*9.25*9.25*0
REF*PO*0020060927
REF*ST*09217
REF*DP*043
DTM*999*20060926
RMR*IK*921720060927*PI*31.45*31.45*0
REF*PO*0020060928
REF*ST*09217
REF*DP*043
DTM*999*20060927
RMR*IK*951320060921*PI*8*8*0
REF*PO*0020060922
REF*ST*09513
REF*DP*043
DTM*999*20060921
RMR*IK*951320060922*PI*15.55*15.55*0
REF*PO*0020060923
REF*ST*09513
REF*DP*043
DTM*999*20060922
RMR*IK*951320060923*PI*50.85*50.85*0
REF*PO*0020060924
REF*ST*09513
REF*DP*043
DTM*999*20060923
RMR*IK*951320060924*PI*91.25*91.25*0
REF*PO*0020060925
REF*ST*09513
REF*DP*043
DTM*999*20060924
RMR*IK*951320060925*PI*40.15*40.15*0
REF*PO*0020060926
REF*ST*09513
REF*DP*043
DTM*999*20060925
RMR*IK*951320060926*PI*73.85*73.85*0
REF*PO*0020060927
REF*ST*09513
REF*DP*043
DTM*999*20060926
RMR*IK*951320060927*PI*59.55*59.55*0
REF*PO*0020060928
REF*ST*09513
REF*DP*043
DTM*999*20060927
RMR*IK*956020060921*PI*7.25*7.25*0
REF*PO*0020060922
REF*ST*09560
REF*DP*043
DTM*999*20060921
RMR*IK*956020060922*PI*19.25*19.25*0
REF*PO*0020060923
REF*ST*09560
REF*DP*043
DTM*999*20060922
RMR*IK*956020060923*PI*26.4*26.4*0
REF*PO*0020060924
REF*ST*09560
REF*DP*043
DTM*999*20060923
RMR*IK*956020060924*PI*42.45*42.45*0
REF*PO*0020060925
REF*ST*09560
REF*DP*043
DTM*999*20060924
RMR*IK*956020060925*PI*31.15*31.15*0
REF*PO*0020060926
REF*ST*09560
REF*DP*043
DTM*999*20060925
RMR*IK*956020060926*PI*22.3*22.3*0
REF*PO*0020060927
REF*ST*09560
REF*DP*043
DTM*999*20060926
RMR*IK*956020060927*PI*19.25*19.25*0
REF*PO*0020060928
REF*ST*09560
REF*DP*043
DTM*999*20060927
RMR*IK*962020060921*PI*96.2*96.2*0
REF*PO*0020060922
REF*ST*09620
REF*DP*043
DTM*999*20060921
RMR*IK*962020060922*PI*29.75*29.75*0
REF*PO*0020060923
REF*ST*09620
REF*DP*043
DTM*999*20060922
RMR*IK*962020060923*PI*38.85*38.85*0
REF*PO*0020060924
REF*ST*09620
REF*DP*043
DTM*999*20060923
RMR*IK*962020060924*PI*11.75*11.75*0
REF*PO*0020060925
REF*ST*09620
REF*DP*043
DTM*999*20060924
RMR*IK*962020060925*PI*58.8*58.8*0
REF*PO*0020060926
REF*ST*09620
REF*DP*043
DTM*999*20060925
RMR*IK*962020060926*PI*17.3*17.3*0
REF*PO*0020060927
REF*ST*09620
REF*DP*043
DTM*999*20060926
RMR*IK*962020060927*PI*64.05*64.05*0
REF*PO*0020060928
REF*ST*09620
REF*DP*043
DTM*999*20060927
RMR*IK*962120060921*PI*45.2*45.2*0
REF*PO*0020060922
REF*ST*09621
REF*DP*043
DTM*999*20060921
RMR*IK*962120060922*PI*59.9*59.9*0
REF*PO*0020060923
REF*ST*09621
REF*DP*043
DTM*999*20060922
RMR*IK*962120060923*PI*38.55*38.55*0
REF*PO*0020060924
REF*ST*09621
REF*DP*043
DTM*999*20060923
RMR*IK*962120060924*PI*58.55*58.55*0
REF*PO*0020060925
REF*ST*09621
REF*DP*043
DTM*999*20060924
RMR*IK*962120060925*PI*54.25*54.25*0
REF*PO*0020060926
REF*ST*09621
REF*DP*043
DTM*999*20060925
RMR*IK*962120060926*PI*62.9*62.9*0
REF*PO*0020060927
REF*ST*09621
REF*DP*043
DTM*999*20060926
RMR*IK*962120060927*PI*11.75*11.75*0
REF*PO*0020060928
REF*ST*09621
REF*DP*043
DTM*999*20060927
RMR*IK*962220060922*PI*18.8*18.8*0
REF*PO*0020060923
REF*ST*09622
REF*DP*043
DTM*999*20060922
RMR*IK*962220060923*PI*11.75*11.75*0
REF*PO*0020060924
REF*ST*09622
REF*DP*043
DTM*999*20060923
RMR*IK*962220060924*PI*29.2*29.2*0
REF*PO*0020060925
REF*ST*09622
REF*DP*043
DTM*999*20060924
RMR*IK*962220060925*PI*6.55*6.55*0
REF*PO*0020060926
REF*ST*09622
REF*DP*043
DTM*999*20060925
RMR*IK*962220060926*PI*40.8*40.8*0
REF*PO*0020060927
REF*ST*09622
REF*DP*043
DTM*999*20060926
RMR*IK*962220060927*PI*2.8*2.8*0
REF*PO*0020060928
REF*ST*09622
REF*DP*043
DTM*999*20060927
RMR*IK*962520060921*PI*35.2*35.2*0
REF*PO*0020060922
REF*ST*09625
REF*DP*043
DTM*999*20060921
RMR*IK*962520060922*PI*10.35*10.35*0
REF*PO*0020060923
REF*ST*09625
REF*DP*043
DTM*999*20060922
RMR*IK*962520060923*PI*18.35*18.35*0
REF*PO*0020060924
REF*ST*09625
REF*DP*043
DTM*999*20060923
RMR*IK*962520060924*PI*36.05*36.05*0
REF*PO*0020060925
REF*ST*09625
REF*DP*043
DTM*999*20060924
RMR*IK*962520060925*PI*37.45*37.45*0
REF*PO*0020060926
REF*ST*09625
REF*DP*043
DTM*999*20060925
RMR*IK*962520060926*PI*5*5*0
REF*PO*0020060927
REF*ST*09625
REF*DP*043
DTM*999*20060926
RMR*IK*962520060927*PI*15.05*15.05*0
REF*PO*0020060928
REF*ST*09625
REF*DP*043
DTM*999*20060927
RMR*IK*962920060921*PI*34.45*34.45*0
REF*PO*0020060922
REF*ST*09629
REF*DP*043
DTM*999*20060921
RMR*IK*962920060922*PI*37*37*0
REF*PO*0020060923
REF*ST*09629
REF*DP*043
DTM*999*20060922
RMR*IK*962920060923*PI*63.2*63.2*0
REF*PO*0020060924
REF*ST*09629
REF*DP*043
DTM*999*20060923
RMR*IK*962920060924*PI*42.35*42.35*0
REF*PO*0020060925
REF*ST*09629
REF*DP*043
DTM*999*20060924
RMR*IK*962920060925*PI*71.45*71.45*0
REF*PO*0020060926
REF*ST*09629
REF*DP*043
DTM*999*20060925
RMR*IK*962920060926*PI*103.55*103.55*0
REF*PO*0020060927
REF*ST*09629
REF*DP*043
DTM*999*20060926
RMR*IK*962920060927*PI*68.2*68.2*0
REF*PO*0020060928
REF*ST*09629
REF*DP*043
DTM*999*20060927
RMR*IK*963320060921*PI*42.25*42.25*0
REF*PO*0020060922
REF*ST*09633
REF*DP*043
DTM*999*20060921
RMR*IK*963320060922*PI*28.2*28.2*0
REF*PO*0020060923
REF*ST*09633
REF*DP*043
DTM*999*20060922
RMR*IK*963320060923*PI*22.75*22.75*0
REF*PO*0020060924
REF*ST*09633
REF*DP*043
DTM*999*20060923
RMR*IK*963320060924*PI*91*91*0
REF*PO*0020060925
REF*ST*09633
REF*DP*043
DTM*999*20060924
RMR*IK*963320060925*PI*70.65*70.65*0
REF*PO*0020060926
REF*ST*09633
REF*DP*043
DTM*999*20060925
RMR*IK*963320060926*PI*112.5*112.5*0
REF*PO*0020060927
REF*ST*09633
REF*DP*043
DTM*999*20060926
RMR*IK*963320060927*PI*31.9*31.9*0
REF*PO*0020060928
REF*ST*09633
REF*DP*043
DTM*999*20060927
RMR*IK*963920060921*PI*19.9*19.9*0
REF*PO*0020060922
REF*ST*09639
REF*DP*043
DTM*999*20060921
RMR*IK*963920060922*PI*2.8*2.8*0
REF*PO*0020060923
REF*ST*09639
REF*DP*043
DTM*999*20060922
RMR*IK*963920060923*PI*7.05*7.05*0
REF*PO*0020060924
REF*ST*09639
REF*DP*043
DTM*999*20060923
RMR*IK*963920060924*PI*10.3*10.3*0
REF*PO*0020060925
REF*ST*09639
REF*DP*043
DTM*999*20060924
RMR*IK*963920060925*PI*33.3*33.3*0
REF*PO*0020060926
REF*ST*09639
REF*DP*043
DTM*999*20060925
RMR*IK*963920060926*PI*19.9*19.9*0
REF*PO*0020060927
REF*ST*09639
REF*DP*043
DTM*999*20060926
RMR*IK*963920060927*PI*17.45*17.45*0
REF*PO*0020060928
REF*ST*09639
REF*DP*043
DTM*999*20060927
RMR*IK*964820060921*PI*19.6*19.6*0
REF*PO*0020060922
REF*ST*09648
REF*DP*043
DTM*999*20060921
RMR*IK*964820060922*PI*19.1*19.1*0
REF*PO*0020060923
REF*ST*09648
REF*DP*043
DTM*999*20060922
RMR*IK*964820060923*PI*74.55*74.55*0
REF*PO*0020060924
REF*ST*09648
REF*DP*043
DTM*999*20060923
RMR*IK*964820060924*PI*28.2*28.2*0
REF*PO*0020060925
REF*ST*09648
REF*DP*043
DTM*999*20060924
RMR*IK*964820060925*PI*64.75*64.75*0
REF*PO*0020060926
REF*ST*09648
REF*DP*043
DTM*999*20060925
RMR*IK*964820060926*PI*77.7*77.7*0
REF*PO*0020060927
REF*ST*09648
REF*DP*043
DTM*999*20060926
RMR*IK*964820060927*PI*137.6*137.6*0
REF*PO*0020060928
REF*ST*09648
REF*DP*043
DTM*999*20060927
RMR*IK*967420060921*PI*36.85*36.85*0
REF*PO*0020060922
REF*ST*09674
REF*DP*043
DTM*999*20060921
RMR*IK*967420060922*PI*7.05*7.05*0
REF*PO*0020060923
REF*ST*09674
REF*DP*043
DTM*999*20060922
RMR*IK*967420060923*PI*24.8*24.8*0
REF*PO*0020060924
REF*ST*09674
REF*DP*043
DTM*999*20060923
RMR*IK*967420060924*PI*16.45*16.45*0
REF*PO*0020060925
REF*ST*09674
REF*DP*043
DTM*999*20060924
RMR*IK*967420060925*PI*26.65*26.65*0
REF*PO*0020060926
REF*ST*09674
REF*DP*043
DTM*999*20060925
RMR*IK*967420060926*PI*46*46*0
REF*PO*0020060927
REF*ST*09674
REF*DP*043
DTM*999*20060926
RMR*IK*967420060927*PI*21.65*21.65*0
REF*PO*0020060929
REF*ST*09674
REF*DP*043
DTM*999*20060927
RMR*IK*967420060927*PI*8.65*8.65*0
REF*PO*0020060928
REF*ST*09674
REF*DP*043
DTM*999*20060927
RMR*IK*971420060921*PI*26.25*26.25*0
REF*PO*0020060922
REF*ST*09714
REF*DP*043
DTM*999*20060921
RMR*IK*971420060922*PI*26.3*26.3*0
REF*PO*0020060923
REF*ST*09714
REF*DP*043
DTM*999*20060922
RMR*IK*971420060923*PI*31.45*31.45*0
REF*PO*0020060924
REF*ST*09714
REF*DP*043
DTM*999*20060923
RMR*IK*971420060924*PI*1.4*1.4*0
REF*PO*0020060925
REF*ST*09714
REF*DP*043
DTM*999*20060924
RMR*IK*971420060926*PI*19.1*19.1*0
REF*PO*0020060927
REF*ST*09714
REF*DP*043
DTM*999*20060926
RMR*IK*971420060927*PI*23.95*23.95*0
REF*PO*0020060928
REF*ST*09714
REF*DP*043
DTM*999*20060927
RMR*IK*972820060922*PI*14.1*14.1*0
REF*PO*0020060923
REF*ST*09728
REF*DP*043
DTM*999*20060922
RMR*IK*972820060923*PI*9.1*9.1*0
REF*PO*0020060924
REF*ST*09728
REF*DP*043
DTM*999*20060923
RMR*IK*972820060925*PI*2.2*2.2*0
REF*PO*0020060926
REF*ST*09728
REF*DP*043
DTM*999*20060925
RMR*IK*972820060926*PI*7.05*7.05*0
REF*PO*0020060927
REF*ST*09728
REF*DP*043
DTM*999*20060926
RMR*IK*972820060927*PI*4.7*4.7*0
REF*PO*0020060928
REF*ST*09728
REF*DP*043
DTM*999*20060927
RMR*IK*973520060923*PI*28.2*28.2*0
REF*PO*0020060924
REF*ST*09735
REF*DP*043
DTM*999*20060923
RMR*IK*973520060925*PI*8.3*8.3*0
REF*PO*0020060926
REF*ST*09735
REF*DP*043
DTM*999*20060925
RMR*IK*973520060926*PI*9.1*9.1*0
REF*PO*0020060927
REF*ST*09735
REF*DP*043
DTM*999*20060926
RMR*IK*973520060927*PI*26.65*26.65*0
REF*PO*0020060928
REF*ST*09735
REF*DP*043
DTM*999*20060927
RMR*IK*975820060921*PI*28.75*28.75*0
REF*PO*0020060922
REF*ST*09758
REF*DP*043
DTM*999*20060921
RMR*IK*975820060922*PI*13.3*13.3*0
REF*PO*0020060923
REF*ST*09758
REF*DP*043
DTM*999*20060922
RMR*IK*975820060923*PI*23.05*23.05*0
REF*PO*0020060924
REF*ST*09758
REF*DP*043
DTM*999*20060923
RMR*IK*975820060924*PI*9.6*9.6*0
REF*PO*0020060925
REF*ST*09758
REF*DP*043
DTM*999*20060924
RMR*IK*975820060925*PI*54.45*54.45*0
REF*PO*0020060926
REF*ST*09758
REF*DP*043
DTM*999*20060925
RMR*IK*975820060926*PI*28.6*28.6*0
REF*PO*0020060927
REF*ST*09758
REF*DP*043
DTM*999*20060926
RMR*IK*975820060927*PI*51.45*51.45*0
REF*PO*0020060928
REF*ST*09758
REF*DP*043
DTM*999*20060927
SE*3389*0001
GE*1*1000044
IEA*1*001000044
ISA*00*          *00*          *09*006985290AC    *12*6154525825     *061024*0420*U*00400*001000290*0*P*>
GS*PD*006985290AC*6154525825*20061024*0420*1000290*X*004010
ST*852*0001
XQ*H*20061024
N9*AD*T00000040
LIN**CB*029044112*ZZ*43*UP*831664001160*****DG*1*VS*00000
ZA*QS***006*20061023
CTP**UCP*1.1
SDQ*EA*ZZ*3082*3*3083*4*3219*13*3646*3*3675*6*3701*38*3703*2*3715*4*3836*2*3848*7
SDQ*EA*ZZ*3905*14*3939*33*3941*2*3994*24*3996*10*4093*13*4103*34*4122*25*4198*4*4312*2
SDQ*EA*ZZ*4489*2*4717*4*4719*2*4723*12*4739*4*4883*3*4970*1*7066*14*7184*9*7255*19
SDQ*EA*ZZ*7354*1*7358*18*7360*3*7558*3*7607*2*7718*18*9217*5*9620*8*9629*50*9648*1
SDQ*EA*ZZ*9674*22*9714*6
CTT*1
SE*13*0001
ST*852*0002
XQ*H*20061024
N9*AD*T00000040
LIN**CB*029166113*ZZ*43*UP*831664001184*****DG*1*VS*00000
ZA*QS***006*20061023
CTP**UCP*3.2
SDQ*EA*ZZ*3646*1*3703*6*7184*3*9758*3
CTT*1
SE*9*0002
ST*852*0003
XQ*H*20061024
N9*AD*T00000040
LIN**CB*596469114*ZZ*43*UP*831664001177*****DG*1*VS*00000
ZA*QS***006*20061023
CTP**UCP*4.25
SDQ*EA*ZZ*4093*2*4103*2
CTT*1
SE*9*0003
ST*852*0004
XQ*H*20061024
N9*AD*T00000040
LIN**CB*970657110*ZZ*43*UP*831664000842*****DG*3*VS*00000
ZA*QS***006*20061023
CTP**UCP*5
SDQ*EA*ZZ*4093*2
CTT*1
SE*9*0004
ST*852*0005
XQ*H*20061024
N9*AD*T00000040
LIN**CB*970956116*ZZ*43*UP*831664000019*****DG*1*VS*00000
ZA*QS***006*20061023
CTP**UCP*1.1
SDQ*EA*ZZ*3701*2*3978*2*4723*2*4970*1*7360*7*7558*11*9714*2
LIN**CB*970956116*ZZ*43*UP*831664000019*****DG*5*VS*00000
ZA*QS***006*20061023
CTP**UCP*1.1
SDQ*EA*ZZ*3975*2
CTT*2
SE*13*0005
ST*852*0006
XQ*H*20061024
N9*AD*T00000040
LIN**CB*970957114*ZZ*43*UP*831664000255*****DG*1*VS*00000
ZA*QS***006*20061023
CTP**UCP*.82
SDQ*EA*ZZ*3836*9*7069*8*7354*1*7718*1*9629*4
CTT*1
SE*9*0006
ST*852*0007
XQ*H*20061024
N9*AD*T00000040
LIN**CB*970976114*ZZ*43*UP*831664000514*****DG*1*VS*00000
ZA*QS***006*20061022
CTP**UCP*.75
SDQ*EA*ZZ*5070*19*9620*-1
ZA*QS***006*20061023
CTP**UCP*.75
SDQ*EA*ZZ*3082*10*3083*11*3103*2*3223*1*3348*10*3408*4*3644*9*3646*8*3685*2*3713*2
SDQ*EA*ZZ*3822*5*3848*7*3905*6*3941*11*3978*26*3996*5*4071*2*4093*5*4122*10*4198*7
SDQ*EA*ZZ*4244*12*4475*25*4717*1*4723*22*4739*14*4817*2*7045*14*7064*1*7066*6*7132*4
SDQ*EA*ZZ*7184*2*7358*3*7460*6*7610*4*7718*6*9560*1*9620*5*9629*12*9633*3*9648*2
SDQ*EA*ZZ*9714*1*9758*5
LIN**CB*970976114*ZZ*43*UP*831664000514*****DG*9*VS*00000
ZA*QS***006*20061023
CTP**UCP*.75
SDQ*EA*ZZ*3084*12*3701*39*7360*18
CTT*2
SE*20*0007
ST*852*0008
XQ*H*20061024
N9*AD*T00000040
LIN**CB*970977112*ZZ*43*UP*831664000521*****DG*1*VS*00000
ZA*QS***006*20061022
CTP**UCP*1.75
SDQ*EA*ZZ*5070*5*9620*-1
ZA*QS***006*20061023
CTP**UCP*1.75
SDQ*EA*ZZ*3082*26*3083*14*3103*10*3143*71*3223*1*3348*3*3408*7*3644*15*3646*18*3685*1
SDQ*EA*ZZ*3701*33*3703*9*3713*9*3715*13*3822*5*3836*6*3848*13*3905*3*3939*6*3941*18
SDQ*EA*ZZ*3978*28*3994*22*3996*4*4071*2*4093*10*4122*11*4198*9*4244*1*4312*2*4475*15
SDQ*EA*ZZ*4717*2*4719*19*4723*38*4739*7*4753*11*4769*13*4883*9*4898*1*4970*12*7045*6
SDQ*EA*ZZ*7064*9*7066*17*7132*13*7184*20*7255*14*7358*15*7388*6*7460*2*7461*12*7558*4
SDQ*EA*ZZ*7607*5*7610*5*7718*10*9513*6*9620*20*9621*2*9629*14*9633*17*9639*1*9648*17
SDQ*EA*ZZ*9674*12*9714*25*9728*1*9758*10
LIN**CB*970977112*ZZ*43*UP*831664000521*****DG*3*VS*00000
ZA*QS***006*20061023
CTP**UCP*1.75
SDQ*EA*ZZ*4103*12*4489*1
LIN**CB*970977112*ZZ*43*UP*831664000521*****DG*4*VS*00000
ZA*QS***006*20061023
CTP**UCP*1.75
SDQ*EA*ZZ*3703*1
LIN**CB*970977112*ZZ*43*UP*831664000521*****DG*5*VS*00000
ZA*QS***006*20061023
CTP**UCP*1.75
SDQ*EA*ZZ*7460*6*7607*1*9621*3*9728*6
LIN**CB*970977112*ZZ*43*UP*831664000521*****DG*9*VS*00000
ZA*QS***006*20061023
CTP**UCP*1.75
SDQ*EA*ZZ*3084*19*7069*9*7360*3
CTT*5
SE*34*0008
ST*852*0009
XQ*H*20061024
N9*AD*T00000040
LIN**CB*970978110*ZZ*43*UP*831664000538*****DG*1*VS*00000
ZA*QS***006*20061023
CTP**UCP*5
SDQ*EA*ZZ*3082*1*3223*1*3644*6*3703*8*3941*1*4093*5*4244*2*4312*1*7059*1*7066*4
SDQ*EA*ZZ*7184*6*7358*7*7719*1*9629*6*9633*2*9648*6
CTT*1
SE*10*0009
ST*852*0010
XQ*H*20061024
N9*AD*T00000040
LIN**CB*970982112*ZZ*43*UP*831664000989*****DG*1*VS*00000
ZA*QS***006*20061023
CTP**UCP*1
SDQ*EA*ZZ*4719*2
CTT*1
SE*9*0010
ST*852*0011
XQ*H*20061024
N9*AD*T00000040
LIN**CB*970983110*ZZ*43*UP*831664000996*****DG*1*VS*00000
ZA*QS***006*20061023
CTP**UCP*1.35
SDQ*EA*ZZ*3646*5*3703*6*4103*7*7358*11*7607*36
CTT*1
SE*9*0011
GE*11*1000290
IEA*1*001000290
*** SUPERTRACS READY FOR INPUT