ISA*00*          *00*          *09*006985290AC    *12*6154525825     *050703*0501*U*00400*000000771*0*P*>
GS*PD*006985290AC*6154525825*20050703*05012465*148*X*004010
ST*852*000000001
XQ*H*20050703
N9*AD*T00000040
LIN**CB*970657110*ZZ*43*UP*831664000842*****DG*1*VS*00000
ZA*QS***006*20050702
CTP**UCP*3
SDQ*EA*ZZ*3836*2*3941*5*4244*5*4717*1*4739*2*4760*1*7064*1*7069*5*9648*2
CTT*1
SE*9*000000001
ST*852*000000002
XQ*H*20050703
N9*AD*T00000040
LIN**CB*970956116*ZZ*43*UP*831664000019*****DG*1*VS*00000
ZA*QS***006*20050702
CTP**UCP*.38
SDQ*EA*ZZ*3103*5*3644*27*3646*39*3703*31*3715*7*3966*3*4093*89*4103*94*4244*51*4717*4
SDQ*EA*ZZ*4739*11*4753*12*4883*3*7059*6*7069*29*7076*3*7132*114*7146*75*7184*30*7255*3
SDQ*EA*ZZ*7358*121*7437*1*7461*7*7607*1*9620*21*9648*5*9674*66*9728*1*9758*1
LIN**CB*970956116*ZZ*43*UP*831664000019*****DG*3*VS*00000
ZA*QS***006*20050702
CTP**UCP*.38
SDQ*EA*ZZ*7362*1
LIN**CB*970956116*ZZ*43*UP*831664000019*****DG*9*VS*00000
ZA*QS***006*20050702
CTP**UCP*.38
SDQ*EA*ZZ*3103*3
CTT*3
SE*19*000000002
ST*852*000000003
XQ*H*20050703
N9*AD*T00000040
LIN**CB*970957114*ZZ*43*UP*831664000255*****DG*1*VS*00000
ZA*QS***006*20050702
CTP**UCP*.58
SDQ*EA*ZZ*4308*3*7069*2*7146*3*7362*5*9620*1*9648*7*9674*6
CTT*1
SE*9*000000003
ST*852*000000004
XQ*H*20050703
N9*AD*T00000040
LIN**CB*970958112*ZZ*43*UP*831664000699*****DG*1*VS*00000
ZA*QS***006*20050702
CTP**UCP*.58
SDQ*EA*ZZ*4717*2
CTT*1
SE*9*000000004
ST*852*000000005
XQ*H*20050703
N9*AD*T00000040
LIN**CB*970959110*ZZ*43*UP*831664000675*****DG*1*VS*00000
ZA*QS***006*20050702
CTP**UCP*.75
SDQ*EA*ZZ*4769*4*7146*5*9629*1
CTT*1
SE*9*000000005
ST*852*000000006
XQ*H*20050703
N9*AD*T00000040
LIN**CB*970960118*ZZ*43*UP*831664000682*****DG*1*VS*00000
ZA*QS***006*20050702
CTP**UCP*.75
SDQ*EA*ZZ*3063*4*3672*5*3703*1*3848*1*3931*15*3966*2*4244*117*4717*12*4739*1*4769*9
SDQ*EA*ZZ*4835*2*7146*23*7184*14*7437*2*7607*1*9620*11*9625*8*9648*2*9674*21*9758*1
ZA*QS***006*20050702
CTP**UCP*1.25
SDQ*EA*ZZ*7255*1
LIN**CB*970960118*ZZ*43*UP*831664000682*****DG*3*VS*00000
ZA*QS***006*20050702
CTP**UCP*.75
SDQ*EA*ZZ*7358*1*7362*2
LIN**CB*970960118*ZZ*43*UP*831664000682*****DG*4*VS*00000
ZA*QS***006*20050702
CTP**UCP*.75
SDQ*EA*ZZ*9674*4
CTT*3
SE*21*000000006
ST*852*000000007
XQ*H*20050703
N9*AD*T00000040
LIN**CB*970961116*ZZ*43*UP*831664000330*****DG*1*VS*00000
ZA*QS***006*20050630
CTP**UCP*.75
SDQ*EA*ZZ*4071*10
ZA*QS***006*20050702
CTP**UCP*.75
SDQ*EA*ZZ*3348*1*3715*2*3931*13*3966*5*3978*16*4244*10*4475*1*4717*9*4719*18*4739*8
SDQ*EA*ZZ*4883*6*4968*2*7066*4*7076*5*7132*8*7146*4*7154*3*7184*37*7358*14*7437*2
SDQ*EA*ZZ*7607*2*9620*2*9621*7*9625*1*9648*3*9674*4
ZA*QS***006*20050702
CTP**UCP*1.25
SDQ*EA*ZZ*3941*1
LIN**CB*970961116*ZZ*43*UP*831664000330*****DG*3*VS*00000
ZA*QS***006*20050702
CTP**UCP*.75
SDQ*EA*ZZ*4093*4
CTT*2
SE*21*000000007
ST*852*000000008
XQ*H*20050703
N9*AD*T00000040
LIN**CB*970962114*ZZ*43*UP*831664000941*****DG*1*VS*00000
ZA*QS***006*20050702
CTP**UCP*.75
SDQ*EA*ZZ*3646*1*3703*2*3848*2*7076*12*7358*1*9625*1
LIN**CB*970962114*ZZ*43*UP*831664000941*****DG*4*VS*00000
ZA*QS***006*20050702
CTP**UCP*.75
SDQ*EA*ZZ*7358*2
CTT*2
SE*13*000000008
ST*852*000000009
XQ*H*20050703
N9*AD*T00000040
LIN**CB*970963112*ZZ*43*UP*831664000743*****DG*1*VS*00000
ZA*QS***006*20050702
CTP**UCP*2
SDQ*EA*ZZ*3646*5*3941*1*4717*1*4760*1*7255*2*9560*3*9625*1*9629*9
CTT*1
SE*9*000000009
ST*852*000000010
XQ*H*20050703
N9*AD*T00000040
LIN**CB*970964110*ZZ*43*UP*831664000453*****DG*1*VS*00000
ZA*QS***006*20050702
CTP**UCP*3
SDQ*EA*ZZ*3063*4*3103*2*3348*1*3644*4*3660*1*3672*2*3685*2*3836*2*3929*2*3941*1
SDQ*EA*ZZ*3966*1*3978*3*3996*1*4093*2*4103*2*4244*2*4769*2*4835*1*4968*1*7132*5
SDQ*EA*ZZ*7358*3*7437*1*7718*3*9571*1*9620*2*9625*3
CTT*1
SE*11*000000010
ST*852*000000011
XQ*H*20050703
N9*AD*T00000040
LIN**CB*970965117*ZZ*43*UP*831664000460*****DG*1*VS*00000
ZA*QS***006*20050702
CTP**UCP*3
SDQ*EA*ZZ*3103*1*3703*5*3931*3*3941*1*4093*2*4103*4*4835*2*4883*1*7069*9*7132*3
SDQ*EA*ZZ*7718*3*9648*1
CTT*1
SE*10*000000011
ST*852*000000012
XQ*H*20050703
N9*AD*T00000040
LIN**CB*970967113*ZZ*43*UP*831664000484*****DG*1*VS*00000
ZA*QS***006*20050702
CTP**UCP*4
SDQ*EA*ZZ*3713*1*4898*1*7637*1*7718*1*9622*3*9629*2
CTT*1
SE*9*000000012
ST*852*000000013
XQ*H*20050703
N9*AD*T00000040
LIN**CB*970970117*ZZ*43*UP*831664000859*****DG*1*VS*00000
ZA*QS***006*20050702
CTP**UCP*2.4
SDQ*EA*ZZ*3143*4*3348*2*3715*1*3996*2*4093*1*4103*26*4244*4*4739*1*7358*3*7460*1
SDQ*EA*ZZ*9728*1
LIN**CB*970970117*ZZ*43*UP*831664000859*****DG*4*VS*00000
ZA*QS***006*20050702
CTP**UCP*2.4
SDQ*EA*ZZ*3359*15
LIN**CB*970970117*ZZ*43*UP*831664000859*****DG*6*VS*00000
ZA*QS***006*20050702
CTP**UCP*2.4
SDQ*EA*ZZ*3084*31
LIN**CB*970970117*ZZ*43*UP*831664000859*****DG*9*VS*00000
ZA*QS***006*20050702
CTP**UCP*2.4
SDQ*EA*ZZ*4312*1
CTT*4
SE*22*000000013
ST*852*000000014
XQ*H*20050703
N9*AD*T00000040
LIN**CB*970971115*ZZ*43*UP*831664000781*****DG*1*VS*00000
ZA*QS***006*20050702
CTP**UCP*1.95
SDQ*EA*ZZ*3143*3*3836*3*4308*2*7358*1
CTT*1
SE*9*000000014
ST*852*000000015
XQ*H*20050703
N9*AD*T00000040
LIN**CB*970972113*ZZ*43*UP*831664000651*****DG*1*VS*00000
ZA*QS***006*20050630
CTP**UCP*1.35
SDQ*EA*ZZ*4071*2
ZA*QS***006*20050702
CTP**UCP*1.35
SDQ*EA*ZZ*7069*1
CTT*1
SE*12*000000015
ST*852*000000016
XQ*H*20050703
N9*AD*T00000040
LIN**CB*970975116*ZZ*43*UP*831664000910*****DG*1*VS*00000
ZA*QS***006*20050702
CTP**UCP*4.5
SDQ*EA*ZZ*4093*11*4103*8*7132*7*7358*9
LIN**CB*970975116*ZZ*43*UP*831664000910*****DG*5*VS*00000
ZA*QS***006*20050702
CTP**UCP*4.5
SDQ*EA*ZZ*7184*1
CTT*2
SE*13*000000016
ST*852*000000017
XQ*H*20050703
N9*AD*T00000040
LIN**CB*970981114*ZZ*43*UP*831664000972*****DG*1*VS*00000
ZA*QS***006*20050702
CTP**UCP*.65
SDQ*EA*ZZ*7255*3
CTT*1
SE*9*000000017
ST*852*000000018
XQ*H*20050703
N9*AD*T00000040
LIN**CB*970988119*ZZ*43*UP*831664001047*****DG*1*VS*00000
ZA*QS***006*20050702
CTP**UCP*.5
SDQ*EA*ZZ*3644*17*3703*4*4093*133*4103*18*7132*114*7358*175
CTT*1
SE*9*000000018
ST*852*000000019
XQ*H*20050703
N9*AD*T00000040
LIN**CB*974551111*ZZ*43*UP*831664001061*****DG*1*VS*00000
ZA*QS***006*20050630
CTP**UCP*2
SDQ*EA*ZZ*4071*4
ZA*QS***006*20050702
CTP**UCP*2
SDQ*EA*ZZ*3715*4*3931*1*3966*6*4093*10*4244*3*4760*1*4883*3*7069*1*7132*2*7146*3
SDQ*EA*ZZ*7184*35*7358*13*7362*2*7461*2*7607*4*9674*1
CTT*1
SE*13*000000019
GE*19*148
IEA*1*000000771
ISA*00*          *00*          *09*006985290AC    *12*6154525825     *050704*0419*U*00400*000000772*0*P*>
GS*PD*006985290AC*6154525825*20050704*04193303*149*X*004010
ST*852*000000001
XQ*H*20050704
N9*AD*T00000040
LIN**CB*970657110*ZZ*43*UP*831664000842*****DG*1*VS*00000
ZA*QS***006*20050703
CTP**UCP*3
SDQ*EA*ZZ*3713*7*3941*4*4244*3*4717*2*4739*1*4769*1*4898*1*7460*2*9648*1
LIN**CB*970657110*ZZ*43*UP*831664000842*****DG*6*VS*00000
ZA*QS***006*20050703
CTP**UCP*3
SDQ*EA*ZZ*3143*3
CTT*2
SE*13*000000001
ST*852*000000002
XQ*H*20050704
N9*AD*T00000040
LIN**CB*970956116*ZZ*43*UP*831664000019*****DG*1*VS*00000
ZA*QS***006*20050703
CTP**UCP*.38
SDQ*EA*ZZ*3348*3*3644*31*3672*1*3685*3*3703*4*4093*76*4103*64*4244*21*4717*8*4719*1
SDQ*EA*ZZ*4739*8*7069*5*7076*3*7132*60*7146*33*7184*22*7255*3*7358*127*7461*38*7607*1
SDQ*EA*ZZ*9620*22*9629*1*9648*9*9674*14
LIN**CB*970956116*ZZ*43*UP*831664000019*****DG*3*VS*00000
ZA*QS***006*20050703
CTP**UCP*.38
SDQ*EA*ZZ*7362*3
LIN**CB*970956116*ZZ*43*UP*831664000019*****DG*5*VS*00000
ZA*QS***006*20050703
CTP**UCP*.38
SDQ*EA*ZZ*9674*2
LIN**CB*970956116*ZZ*43*UP*831664000019*****DG*9*VS*00000
ZA*QS***006*20050703
CTP**UCP*.38
SDQ*EA*ZZ*3103*16
CTT*4
SE*23*000000002
ST*852*000000003
XQ*H*20050704
N9*AD*T00000040
LIN**CB*970957114*ZZ*43*UP*831664000255*****DG*1*VS*00000
ZA*QS***006*20050703
CTP**UCP*.58
SDQ*EA*ZZ*4244*1*4883*1*7146*2*7184*2*7358*1*7719*10*9625*2*9674*1
LIN**CB*970957114*ZZ*43*UP*831664000255*****DG*4*VS*00000
ZA*QS***006*20050703
CTP**UCP*.58
SDQ*EA*ZZ*9648*2
CTT*2
SE*13*000000003
ST*852*000000004
XQ*H*20050704
N9*AD*T00000040
LIN**CB*970959110*ZZ*43*UP*831664000675*****DG*1*VS*00000
ZA*QS***006*20050703
CTP**UCP*.75
SDQ*EA*ZZ*3348*2*7069*3
CTT*1
SE*9*000000004
ST*852*000000005
XQ*H*20050704
N9*AD*T00000040
LIN**CB*970960118*ZZ*43*UP*831664000682*****DG*1*VS*00000
ZA*QS***006*20050703
CTP**UCP*.75
SDQ*EA*ZZ*3672*6*3685*1*3715*1*3931*3*3978*1*4071*3*4244*51*4717*39*7069*2*7146*3
SDQ*EA*ZZ*7184*4*9620*3*9629*1*9648*4*9674*2
ZA*QS***006*20050703
CTP**UCP*1.25
SDQ*EA*ZZ*3941*2*4753*1
LIN**CB*970960118*ZZ*43*UP*831664000682*****DG*3*VS*00000
ZA*QS***006*20050703
CTP**UCP*.75
SDQ*EA*ZZ*4093*1*7358*2
LIN**CB*970960118*ZZ*43*UP*831664000682*****DG*5*VS*00000
ZA*QS***006*20050703
CTP**UCP*.75
SDQ*EA*ZZ*3931*2
CTT*3
SE*21*000000005
ST*852*000000006
XQ*H*20050704
N9*AD*T00000040
LIN**CB*970961116*ZZ*43*UP*831664000330*****DG*1*VS*00000
ZA*QS***006*20050703
CTP**UCP*.75
SDQ*EA*ZZ*3685*3*3929*2*3931*4*3978*2*4071*36*4103*1*4475*1*4717*2*4883*1*4898*1
SDQ*EA*ZZ*7076*1*7146*1*7184*20*9620*25
ZA*QS***006*20050703
CTP**UCP*1.25
SDQ*EA*ZZ*7255*4
LIN**CB*970961116*ZZ*43*UP*831664000330*****DG*3*VS*00000
ZA*QS***006*20050703
CTP**UCP*.75
SDQ*EA*ZZ*4093*5
CTT*2
SE*17*000000006
ST*852*000000007
XQ*H*20050704
N9*AD*T00000040
LIN**CB*970962114*ZZ*43*UP*831664000941*****DG*1*VS*00000
ZA*QS***006*20050703
CTP**UCP*.75
SDQ*EA*ZZ*4244*11*4312*2*4717*2*4739*8
LIN**CB*970962114*ZZ*43*UP*831664000941*****DG*6*VS*00000
ZA*QS***006*20050703
CTP**UCP*.75
SDQ*EA*ZZ*3143*1
CTT*2
SE*13*000000007
ST*852*000000008
XQ*H*20050704
N9*AD*T00000040
LIN**CB*970963112*ZZ*43*UP*831664000743*****DG*1*VS*00000
ZA*QS***006*20050703
CTP**UCP*2
SDQ*EA*ZZ*3646*1*4760*1*7069*3*7255*1
CTT*1
SE*9*000000008
ST*852*000000009
XQ*H*20050704
N9*AD*T00000040
LIN**CB*970964110*ZZ*43*UP*831664000453*****DG*1*VS*00000
ZA*QS***006*20050703
CTP**UCP*3
SDQ*EA*ZZ*3348*1*3644*1*3685*3*3929*1*3941*1*3978*1*4769*1*4835*2*4883*1*4898*2
SDQ*EA*ZZ*4968*1*7358*1*7461*1*7629*3*7718*1*9571*1*9620*1*9625*1*9648*1
LIN**CB*970964110*ZZ*43*UP*831664000453*****DG*6*VS*00000
ZA*QS***006*20050703
CTP**UCP*3
SDQ*EA*ZZ*3143*4
CTT*2
SE*14*000000009
ST*852*000000010
XQ*H*20050704
N9*AD*T00000040
LIN**CB*970965117*ZZ*43*UP*831664000460*****DG*1*VS*00000
ZA*QS***006*20050703
CTP**UCP*3
SDQ*EA*ZZ*3644*1*3848*1*3931*1*3941*2*4717*3*7066*1*7069*2*7132*5*7184*5*7718*3
SDQ*EA*ZZ*9625*2
LIN**CB*970965117*ZZ*43*UP*831664000460*****DG*6*VS*00000
ZA*QS***006*20050703
CTP**UCP*3
SDQ*EA*ZZ*3143*7
CTT*2
SE*14*000000010
ST*852*000000011
XQ*H*20050704
N9*AD*T00000040
LIN**CB*970967113*ZZ*43*UP*831664000484*****DG*1*VS*00000
ZA*QS***006*20050703
CTP**UCP*4
SDQ*EA*ZZ*4835*4*7069*4*9620*1
CTT*1
SE*9*000000011
ST*852*000000012
XQ*H*20050704
N9*AD*T00000040
LIN**CB*970970117*ZZ*43*UP*831664000859*****DG*1*VS*00000
ZA*QS***006*20050703
CTP**UCP*2.4
SDQ*EA*ZZ*3348*5*3836*2*3996*5*4103*2*4244*6*4308*2*7255*4*9674*4
LIN**CB*970970117*ZZ*43*UP*831664000859*****DG*6*VS*00000
ZA*QS***006*20050703
CTP**UCP*2.4
SDQ*EA*ZZ*3084*12*3143*15
CTT*2
SE*13*000000012
ST*852*000000013
XQ*H*20050704
N9*AD*T00000040
LIN**CB*970971115*ZZ*43*UP*831664000781*****DG*1*VS*00000
ZA*QS***006*20050703
CTP**UCP*1.95
SDQ*EA*ZZ*3348*1*7255*2*9648*1
CTT*1
SE*9*000000013
ST*852*000000014
XQ*H*20050704
N9*AD*T00000040
LIN**CB*970972113*ZZ*43*UP*831664000651*****DG*1*VS*00000
ZA*QS***006*20050703
CTP**UCP*1.35
SDQ*EA*ZZ*4719*1*4769*2
CTT*1
SE*9*000000014
ST*852*000000015
XQ*H*20050704
N9*AD*T00000040
LIN**CB*970975116*ZZ*43*UP*831664000910*****DG*1*VS*00000
ZA*QS***006*20050703
CTP**UCP*4.5
SDQ*EA*ZZ*3602*1*4093*9*4103*8*7132*9*7358*7
CTT*1
SE*9*000000015
ST*852*000000016
XQ*H*20050704
N9*AD*T00000040
LIN**CB*970981114*ZZ*43*UP*831664000972*****DG*1*VS*00000
ZA*QS***006*20050703
CTP**UCP*.65
SDQ*EA*ZZ*7255*1
CTT*1
SE*9*000000016
ST*852*000000017
XQ*H*20050704
N9*AD*T00000040
LIN**CB*970984118*ZZ*43*UP*831664001009*****DG*1*VS*00000
ZA*QS***006*20050703
CTP**UCP*1.65
SDQ*EA*ZZ*7255*5
CTT*1
SE*9*000000017
ST*852*000000018
XQ*H*20050704
N9*AD*T00000040
LIN**CB*970988119*ZZ*43*UP*831664001047*****DG*1*VS*00000
ZA*QS***006*20050703
CTP**UCP*.5
SDQ*EA*ZZ*3644*14*3703*1*4093*109*4103*13*7132*49*7358*55
CTT*1
SE*9*000000018
ST*852*000000019
XQ*H*20050704
N9*AD*T00000040
LIN**CB*974551111*ZZ*43*UP*831664001061*****DG*1*VS*00000
ZA*QS***006*20050703
CTP**UCP*2
SDQ*EA*ZZ*3715*2*3836*1*3931*3*4093*10*4244*1*4717*3*4883*2*7069*3*7132*8*7146*1
SDQ*EA*ZZ*7184*7*7358*17*7461*6*7629*1*9648*3
CTT*1
SE*10*000000019
GE*19*149
IEA*1*000000772
ISA*00*          *00*          *09*006985290EFT   *12*6154525825     *050704*1440*U*00400*000100288*0*P*>
GS*RA*006985290EFT*6154525825*20050704*14400633*100197*X*004010
ST*820*000000001
BPR*I*75613.2*C*ACH*CCP*01*021000018*DA*0300955622*9008965873**01*064102601*DA*3000289*20050705*VEN
TRN*3*770128386*9008965873
DTM*097*20050704
N1*PR*KMART CORPORATION*1*008965873
N1*PE*YOUNGS FARMS*92*00069099588
N1*SE*YOUNGS FARMS*92*00069099588
ENT*1
RMR*IK*306320050602*PI*70.1*70.1*0
REF*PO*0020050603
REF*ST*03063
REF*DP*043
DTM*999*20050602
RMR*IK*306320050603*PI*79.27*79.27*0
REF*PO*0020050604
REF*ST*03063
REF*DP*043
DTM*999*20050603
RMR*IK*306320050604*PI*40.26*40.26*0
REF*PO*0020050605
REF*ST*03063
REF*DP*043
DTM*999*20050604
RMR*IK*306320050605*PI*35.13*35.13*0
REF*PO*0020050606
REF*ST*03063
REF*DP*043
DTM*999*20050605
RMR*IK*306320050606*PI*39.05*39.05*0
REF*PO*0020050607
REF*ST*03063
REF*DP*043
DTM*999*20050606
RMR*IK*306320050607*PI*17.86*17.86*0
REF*PO*0020050608
REF*ST*03063
REF*DP*043
DTM*999*20050607
RMR*IK*306320050608*PI*48.98*48.98*0
REF*PO*0020050609
REF*ST*03063
REF*DP*043
DTM*999*20050608
RMR*IK*308320050602*PI*270.44*270.44*0
REF*PO*0020050603
REF*ST*03083
REF*DP*043
DTM*999*20050602
RMR*IK*308320050603*PI*302.37*302.37*0
REF*PO*0020050604
REF*ST*03083
REF*DP*043
DTM*999*20050603
RMR*IK*308320050604*PI*58.64*58.64*0
REF*PO*0020050606
REF*ST*03083
REF*DP*043
DTM*999*20050604
RMR*IK*308320050604*PI*320.63*320.63*0
REF*PO*0020050605
REF*ST*03083
REF*DP*043
DTM*999*20050604
RMR*IK*308320050605*PI*185.57*185.57*0
REF*PO*0020050606
REF*ST*03083
REF*DP*043
DTM*999*20050605
RMR*IK*308320050606*PI*143.34*143.34*0
REF*PO*0020050607
REF*ST*03083
REF*DP*043
DTM*999*20050606
RMR*IK*308320050607*PI*113.69*113.69*0
REF*PO*0020050608
REF*ST*03083
REF*DP*043
DTM*999*20050607
RMR*IK*308320050608*PI*70.96*70.96*0
REF*PO*0020050609
REF*ST*03083
REF*DP*043
DTM*999*20050608
RMR*IK*308420050602*PI*68.93*68.93*0
REF*PO*0020050603
REF*ST*03084
REF*DP*043
DTM*999*20050602
RMR*IK*308420050603*PI*25.18*25.18*0
REF*PO*0020050604
REF*ST*03084
REF*DP*043
DTM*999*20050603
RMR*IK*308420050604*PI*250.45*250.45*0
REF*PO*0020050605
REF*ST*03084
REF*DP*043
DTM*999*20050604
RMR*IK*308420050605*PI*188.75*188.75*0
REF*PO*0020050606
REF*ST*03084
REF*DP*043
DTM*999*20050605
RMR*IK*308420050606*PI*115.37*115.37*0
REF*PO*0020050607
REF*ST*03084
REF*DP*043
DTM*999*20050606
RMR*IK*308420050607*PI*110.54*110.54*0
REF*PO*0020050608
REF*ST*03084
REF*DP*043
DTM*999*20050607
RMR*IK*308420050608*PI*58.53*58.53*0
REF*PO*0020050609
REF*ST*03084
REF*DP*043
DTM*999*20050608
RMR*IK*310320050602*PI*59.59*59.59*0
REF*PO*0020050603
REF*ST*03103
REF*DP*043
DTM*999*20050602
RMR*IK*310320050603*PI*54.51*54.51*0
REF*PO*0020050604
REF*ST*03103
REF*DP*043
DTM*999*20050603
RMR*IK*310320050604*PI*52.04*52.04*0
REF*PO*0020050605
REF*ST*03103
REF*DP*043
DTM*999*20050604
RMR*IK*310320050605*PI*70.08*70.08*0
REF*PO*0020050606
REF*ST*03103
REF*DP*043
DTM*999*20050605
RMR*IK*310320050606*PI*41.65*41.65*0
REF*PO*0020050607
REF*ST*03103
REF*DP*043
DTM*999*20050606
RMR*IK*310320050607*PI*42.97*42.97*0
REF*PO*0020050608
REF*ST*03103
REF*DP*043
DTM*999*20050607
RMR*IK*310320050608*PI*7.76*7.76*0
REF*PO*0020050609
REF*ST*03103
REF*DP*043
DTM*999*20050608
RMR*IK*314320050602*PI*67.89*67.89*0
REF*PO*0020050603
REF*ST*03143
REF*DP*043
DTM*999*20050602
RMR*IK*314320050603*PI*240.57*240.57*0
REF*PO*0020050604
REF*ST*03143
REF*DP*043
DTM*999*20050603
RMR*IK*314320050604*PI*194.53*194.53*0
REF*PO*0020050605
REF*ST*03143
REF*DP*043
DTM*999*20050604
RMR*IK*314320050605*PI*101.64*101.64*0
REF*PO*0020050606
REF*ST*03143
REF*DP*043
DTM*999*20050605
RMR*IK*314320050606*PI*116.12*116.12*0
REF*PO*0020050607
REF*ST*03143
REF*DP*043
DTM*999*20050606
RMR*IK*314320050607*PI*210.95*210.95*0
REF*PO*0020050608
REF*ST*03143
REF*DP*043
DTM*999*20050607
RMR*IK*314320050608*PI*150.48*150.48*0
REF*PO*0020050609
REF*ST*03143
REF*DP*043
DTM*999*20050608
RMR*IK*319420050602*PI*47.33*47.33*0
REF*PO*0020050603
REF*ST*03194
REF*DP*043
DTM*999*20050602
RMR*IK*319420050603*PI*16.14*16.14*0
REF*PO*0020050604
REF*ST*03194
REF*DP*043
DTM*999*20050603
RMR*IK*319420050604*PI*35.73*35.73*0
REF*PO*0020050605
REF*ST*03194
REF*DP*043
DTM*999*20050604
RMR*IK*319420050605*PI*43.09*43.09*0
REF*PO*0020050606
REF*ST*03194
REF*DP*043
DTM*999*20050605
RMR*IK*319420050606*PI*24.51*24.51*0
REF*PO*0020050607
REF*ST*03194
REF*DP*043
DTM*999*20050606
RMR*IK*319420050607*PI*12.79*12.79*0
REF*PO*0020050608
REF*ST*03194
REF*DP*043
DTM*999*20050607
RMR*IK*319420050608*PI*25.65*25.65*0
REF*PO*0020050609
REF*ST*03194
REF*DP*043
DTM*999*20050608
RMR*IK*334820050602*PI*72.05*72.05*0
REF*PO*0020050603
REF*ST*03348
REF*DP*043
DTM*999*20050602
RMR*IK*334820050603*PI*128.13*128.13*0
REF*PO*0020050604
REF*ST*03348
REF*DP*043
DTM*999*20050603
RMR*IK*334820050604*PI*51.9*51.9*0
REF*PO*0020050605
REF*ST*03348
REF*DP*043
DTM*999*20050604
RMR*IK*334820050605*PI*36.04*36.04*0
REF*PO*0020050606
REF*ST*03348
REF*DP*043
DTM*999*20050605
RMR*IK*334820050606*PI*21*21*0
REF*PO*0020050607
REF*ST*03348
REF*DP*043
DTM*999*20050606
RMR*IK*334820050607*PI*19.8*19.8*0
REF*PO*0020050608
REF*ST*03348
REF*DP*043
DTM*999*20050607
RMR*IK*334820050608*PI*2.4*2.4*0
REF*PO*0020050609
REF*ST*03348
REF*DP*043
DTM*999*20050608
RMR*IK*335920050602*PI*136.63*136.63*0
REF*PO*0020050603
REF*ST*03359
REF*DP*043
DTM*999*20050602
RMR*IK*335920050603*PI*169.74*169.74*0
REF*PO*0020050604
REF*ST*03359
REF*DP*043
DTM*999*20050603
RMR*IK*335920050604*PI*113*113*0
REF*PO*0020050605
REF*ST*03359
REF*DP*043
DTM*999*20050604
RMR*IK*335920050605*PI*15*15*0
REF*PO*0020050607
REF*ST*03359
REF*DP*043
DTM*999*20050605
RMR*IK*335920050605*PI*46.4*46.4*0
REF*PO*0020050606
REF*ST*03359
REF*DP*043
DTM*999*20050605
RMR*IK*335920050606*PI*28.54*28.54*0
REF*PO*0020050607
REF*ST*03359
REF*DP*043
DTM*999*20050606
RMR*IK*335920050607*PI*48.34*48.34*0
REF*PO*0020050608
REF*ST*03359
REF*DP*043
DTM*999*20050607
RMR*IK*335920050608*PI*50.35*50.35*0
REF*PO*0020050609
REF*ST*03359
REF*DP*043
DTM*999*20050608
RMR*IK*340820050602*PI*72.64*72.64*0
REF*PO*0020050603
REF*ST*03408
REF*DP*043
DTM*999*20050602
RMR*IK*340820050603*PI*150.04*150.04*0
REF*PO*0020050604
REF*ST*03408
REF*DP*043
DTM*999*20050603
RMR*IK*340820050604*PI*132.76*132.76*0
REF*PO*0020050605
REF*ST*03408
REF*DP*043
DTM*999*20050604
RMR*IK*340820050605*PI*63.88*63.88*0
REF*PO*0020050606
REF*ST*03408
REF*DP*043
DTM*999*20050605
RMR*IK*340820050606*PI*14.8*14.8*0
REF*PO*0020050607
REF*ST*03408
REF*DP*043
DTM*999*20050606
RMR*IK*340820050607*PI*15.07*15.07*0
REF*PO*0020050608
REF*ST*03408
REF*DP*043
DTM*999*20050607
RMR*IK*340820050608*PI*16.31*16.31*0
REF*PO*0020050609
REF*ST*03408
REF*DP*043
DTM*999*20050608
RMR*IK*360220050602*PI*71.23*71.23*0
REF*PO*0020050603
REF*ST*03602
REF*DP*043
DTM*999*20050602
RMR*IK*360220050603*PI*61.34*61.34*0
REF*PO*0020050604
REF*ST*03602
REF*DP*043
DTM*999*20050603
RMR*IK*360220050604*PI*243.07*243.07*0
REF*PO*0020050605
REF*ST*03602
REF*DP*043
DTM*999*20050604
RMR*IK*360220050605*PI*125.46*125.46*0
REF*PO*0020050606
REF*ST*03602
REF*DP*043
DTM*999*20050605
RMR*IK*360220050606*PI*128.27*128.27*0
REF*PO*0020050607
REF*ST*03602
REF*DP*043
DTM*999*20050606
RMR*IK*360220050607*PI*203.62*203.62*0
REF*PO*0020050608
REF*ST*03602
REF*DP*043
DTM*999*20050607
RMR*IK*360220050608*PI*33.5*33.5*0
REF*PO*0020050609
REF*ST*03602
REF*DP*043
DTM*999*20050608
RMR*IK*364420050602*PI*123.59*123.59*0
REF*PO*0020050603
REF*ST*03644
REF*DP*043
DTM*999*20050602
RMR*IK*364420050603*PI*200.16*200.16*0
REF*PO*0020050604
REF*ST*03644
REF*DP*043
DTM*999*20050603
RMR*IK*364420050604*PI*325.14*325.14*0
REF*PO*0020050605
REF*ST*03644
REF*DP*043
DTM*999*20050604
RMR*IK*364420050605*PI*264.88*264.88*0
REF*PO*0020050606
REF*ST*03644
REF*DP*043
DTM*999*20050605
RMR*IK*364420050606*PI*120.61*120.61*0
REF*PO*0020050607
REF*ST*03644
REF*DP*043
DTM*999*20050606
RMR*IK*364420050607*PI*56.07*56.07*0
REF*PO*0020050608
REF*ST*03644
REF*DP*043
DTM*999*20050607
RMR*IK*364420050608*PI*103*103*0
REF*PO*0020050609
REF*ST*03644
REF*DP*043
DTM*999*20050608
RMR*IK*364620050602*PI*207.49*207.49*0
REF*PO*0020050603
REF*ST*03646
REF*DP*043
DTM*999*20050602
RMR*IK*364620050603*PI*274.96*274.96*0
REF*PO*0020050604
REF*ST*03646
REF*DP*043
DTM*999*20050603
RMR*IK*364620050604*PI*488.42*488.42*0
REF*PO*0020050605
REF*ST*03646
REF*DP*043
DTM*999*20050604
RMR*IK*364620050605*PI*392.81*392.81*0
REF*PO*0020050606
REF*ST*03646
REF*DP*043
DTM*999*20050605
RMR*IK*364620050606*PI*208.06*208.06*0
REF*PO*0020050607
REF*ST*03646
REF*DP*043
DTM*999*20050606
RMR*IK*364620050607*PI*155.04*155.04*0
REF*PO*0020050608
REF*ST*03646
REF*DP*043
DTM*999*20050607
RMR*IK*364620050608*PI*99.48*99.48*0
REF*PO*0020050609
REF*ST*03646
REF*DP*043
DTM*999*20050608
RMR*IK*366020050602*PI*24.68*24.68*0
REF*PO*0020050603
REF*ST*03660
REF*DP*043
DTM*999*20050602
RMR*IK*366020050603*PI*18.85*18.85*0
REF*PO*0020050604
REF*ST*03660
REF*DP*043
DTM*999*20050603
RMR*IK*366020050604*PI*35.37*35.37*0
REF*PO*0020050605
REF*ST*03660
REF*DP*043
DTM*999*20050604
RMR*IK*366020050605*PI*29.88*29.88*0
REF*PO*0020050606
REF*ST*03660
REF*DP*043
DTM*999*20050605
RMR*IK*366020050606*PI*16.28*16.28*0
REF*PO*0020050607
REF*ST*03660
REF*DP*043
DTM*999*20050606
RMR*IK*366020050607*PI*20.22*20.22*0
REF*PO*0020050608
REF*ST*03660
REF*DP*043
DTM*999*20050607
RMR*IK*366020050608*PI*33.68*33.68*0
REF*PO*0020050609
REF*ST*03660
REF*DP*043
DTM*999*20050608
RMR*IK*367220050602*PI*63.7*63.7*0
REF*PO*0020050603
REF*ST*03672
REF*DP*043
DTM*999*20050602
RMR*IK*367220050603*PI*42.94*42.94*0
REF*PO*0020050604
REF*ST*03672
REF*DP*043
DTM*999*20050603
RMR*IK*367220050604*PI*102.16*102.16*0
REF*PO*0020050605
REF*ST*03672
REF*DP*043
DTM*999*20050604
RMR*IK*367220050605*PI*42.94*42.94*0
REF*PO*0020050606
REF*ST*03672
REF*DP*043
DTM*999*20050605
RMR*IK*367220050606*PI*21.8*21.8*0
REF*PO*0020050607
REF*ST*03672
REF*DP*043
DTM*999*20050606
RMR*IK*367220050607*PI*15.31*15.31*0
REF*PO*0020050608
REF*ST*03672
REF*DP*043
DTM*999*20050607
RMR*IK*367220050608*PI*5.65*5.65*0
REF*PO*0020050609
REF*ST*03672
REF*DP*043
DTM*999*20050608
RMR*IK*368520050602*PI*38.48*38.48*0
REF*PO*0020050603
REF*ST*03685
REF*DP*043
DTM*999*20050602
RMR*IK*368520050603*PI*26.9*26.9*0
REF*PO*0020050604
REF*ST*03685
REF*DP*043
DTM*999*20050603
RMR*IK*368520050604*PI*18.85*18.85*0
REF*PO*0020050605
REF*ST*03685
REF*DP*043
DTM*999*20050604
RMR*IK*368520050605*PI*36.9*36.9*0
REF*PO*0020050606
REF*ST*03685
REF*DP*043
DTM*999*20050605
RMR*IK*368520050606*PI*50.95*50.95*0
REF*PO*0020050607
REF*ST*03685
REF*DP*043
DTM*999*20050606
RMR*IK*368520050607*PI*4.64*4.64*0
REF*PO*0020050608
REF*ST*03685
REF*DP*043
DTM*999*20050607
RMR*IK*368520050608*PI*7.54*7.54*0
REF*PO*0020050609
REF*ST*03685
REF*DP*043
DTM*999*20050608
RMR*IK*370320050602*PI*162.28*162.28*0
REF*PO*0020050603
REF*ST*03703
REF*DP*043
DTM*999*20050602
RMR*IK*370320050603*PI*417.78*417.78*0
REF*PO*0020050604
REF*ST*03703
REF*DP*043
DTM*999*20050603
RMR*IK*370320050604*PI*415.65*415.65*0
REF*PO*0020050605
REF*ST*03703
REF*DP*043
DTM*999*20050604
RMR*IK*370320050605*PI*265.91*265.91*0
REF*PO*0020050606
REF*ST*03703
REF*DP*043
DTM*999*20050605
RMR*IK*370320050606*PI*227.65*227.65*0
REF*PO*0020050607
REF*ST*03703
REF*DP*043
DTM*999*20050606
RMR*IK*370320050607*PI*188.44*188.44*0
REF*PO*0020050608
REF*ST*03703
REF*DP*043
DTM*999*20050607
RMR*IK*370320050608*PI*75.93*75.93*0
REF*PO*0020050609
REF*ST*03703
REF*DP*043
DTM*999*20050608
RMR*IK*371320050602*PI*.58*.58*0
REF*PO*0020050603
REF*ST*03713
REF*DP*043
DTM*999*20050602
RMR*IK*371320050603*PI*22.25*22.25*0
REF*PO*0020050604
REF*ST*03713
REF*DP*043
DTM*999*20050603
RMR*IK*371320050604*PI*13.15*13.15*0
REF*PO*0020050605
REF*ST*03713
REF*DP*043
DTM*999*20050604
RMR*IK*371320050605*PI*11.57*11.57*0
REF*PO*0020050606
REF*ST*03713
REF*DP*043
DTM*999*20050605
RMR*IK*371320050606*PI*6*6*0
REF*PO*0020050607
REF*ST*03713
REF*DP*043
DTM*999*20050606
RMR*IK*371320050607*PI*27*27*0
REF*PO*0020050608
REF*ST*03713
REF*DP*043
DTM*999*20050607
RMR*IK*371320050608*PI*16.52*16.52*0
REF*PO*0020050609
REF*ST*03713
REF*DP*043
DTM*999*20050608
RMR*IK*371520050602*PI*108.35*108.35*0
REF*PO*0020050603
REF*ST*03715
REF*DP*043
DTM*999*20050602
RMR*IK*371520050603*PI*295.4*295.4*0
REF*PO*0020050604
REF*ST*03715
REF*DP*043
DTM*999*20050603
RMR*IK*371520050604*PI*223.65*223.65*0
REF*PO*0020050605
REF*ST*03715
REF*DP*043
DTM*999*20050604
RMR*IK*371520050605*PI*202.26*202.26*0
REF*PO*0020050606
REF*ST*03715
REF*DP*043
DTM*999*20050605
RMR*IK*371520050606*PI*126.7*126.7*0
REF*PO*0020050607
REF*ST*03715
REF*DP*043
DTM*999*20050606
RMR*IK*371520050607*PI*132.95*132.95*0
REF*PO*0020050608
REF*ST*03715
REF*DP*043
DTM*999*20050607
RMR*IK*371520050608*PI*102.63*102.63*0
REF*PO*0020050609
REF*ST*03715
REF*DP*043
DTM*999*20050608
RMR*IK*382220050602*PI*42.16*42.16*0
REF*PO*0020050603
REF*ST*03822
REF*DP*043
DTM*999*20050602
RMR*IK*382220050603*PI*44.48*44.48*0
REF*PO*0020050604
REF*ST*03822
REF*DP*043
DTM*999*20050603
RMR*IK*382220050604*PI*94.08*94.08*0
REF*PO*0020050605
REF*ST*03822
REF*DP*043
DTM*999*20050604
RMR*IK*382220050605*PI*41.58*41.58*0
REF*PO*0020050606
REF*ST*03822
REF*DP*043
DTM*999*20050605
RMR*IK*382220050606*PI*49.3*49.3*0
REF*PO*0020050607
REF*ST*03822
REF*DP*043
DTM*999*20050606
RMR*IK*382220050607*PI*23.29*23.29*0
REF*PO*0020050608
REF*ST*03822
REF*DP*043
DTM*999*20050607
RMR*IK*382220050608*PI*21.75*21.75*0
REF*PO*0020050609
REF*ST*03822
REF*DP*043
DTM*999*20050608
RMR*IK*383620050602*PI*217.8*217.8*0
REF*PO*0020050603
REF*ST*03836
REF*DP*043
DTM*999*20050602
RMR*IK*383620050603*PI*254.78*254.78*0
REF*PO*0020050604
REF*ST*03836
REF*DP*043
DTM*999*20050603
RMR*IK*383620050604*PI*201.48*201.48*0
REF*PO*0020050605
REF*ST*03836
REF*DP*043
DTM*999*20050604
RMR*IK*383620050605*PI*86.66*86.66*0
REF*PO*0020050606
REF*ST*03836
REF*DP*043
DTM*999*20050605
RMR*IK*383620050606*PI*71.93*71.93*0
REF*PO*0020050607
REF*ST*03836
REF*DP*043
DTM*999*20050606
RMR*IK*383620050607*PI*28.56*28.56*0
REF*PO*0020050608
REF*ST*03836
REF*DP*043
DTM*999*20050607
RMR*IK*383620050608*PI*29.01*29.01*0
REF*PO*0020050609
REF*ST*03836
REF*DP*043
DTM*999*20050608
RMR*IK*384820050602*PI*90.57*90.57*0
REF*PO*0020050603
REF*ST*03848
REF*DP*043
DTM*999*20050602
RMR*IK*384820050603*PI*235.96*235.96*0
REF*PO*0020050604
REF*ST*03848
REF*DP*043
DTM*999*20050603
RMR*IK*384820050604*PI*186.34*186.34*0
REF*PO*0020050605
REF*ST*03848
REF*DP*043
DTM*999*20050604
RMR*IK*384820050605*PI*118.85*118.85*0
REF*PO*0020050606
REF*ST*03848
REF*DP*043
DTM*999*20050605
RMR*IK*384820050606*PI*113.02*113.02*0
REF*PO*0020050607
REF*ST*03848
REF*DP*043
DTM*999*20050606
RMR*IK*384820050607*PI*99.39*99.39*0
REF*PO*0020050608
REF*ST*03848
REF*DP*043
DTM*999*20050607
RMR*IK*384820050608*PI*90.57*90.57*0
REF*PO*0020050609
REF*ST*03848
REF*DP*043
DTM*999*20050608
RMR*IK*387620050602*PI*17.88*17.88*0
REF*PO*0020050603
REF*ST*03876
REF*DP*043
DTM*999*20050602
RMR*IK*387620050603*PI*25.2*25.2*0
REF*PO*0020050604
REF*ST*03876
REF*DP*043
DTM*999*20050603
RMR*IK*387620050604*PI*35.18*35.18*0
REF*PO*0020050605
REF*ST*03876
REF*DP*043
DTM*999*20050604
RMR*IK*387620050605*PI*4.25*4.25*0
REF*PO*0020050606
REF*ST*03876
REF*DP*043
DTM*999*20050605
RMR*IK*387620050606*PI*6.08*6.08*0
REF*PO*0020050607
REF*ST*03876
REF*DP*043
DTM*999*20050606
RMR*IK*387620050607*PI*6.6*6.6*0
REF*PO*0020050608
REF*ST*03876
REF*DP*043
DTM*999*20050607
RMR*IK*387620050608*PI*6.88*6.88*0
REF*PO*0020050609
REF*ST*03876
REF*DP*043
DTM*999*20050608
RMR*IK*392920050602*PI*46.98*46.98*0
REF*PO*0020050603
REF*ST*03929
REF*DP*043
DTM*999*20050602
RMR*IK*392920050603*PI*22.46*22.46*0
REF*PO*0020050604
REF*ST*03929
REF*DP*043
DTM*999*20050603
RMR*IK*392920050604*PI*25.65*25.65*0
REF*PO*0020050605
REF*ST*03929
REF*DP*043
DTM*999*20050604
RMR*IK*392920050605*PI*59.1*59.1*0
REF*PO*0020050606
REF*ST*03929
REF*DP*043
DTM*999*20050605
RMR*IK*392920050606*PI*5.31*5.31*0
REF*PO*0020050607
REF*ST*03929
REF*DP*043
DTM*999*20050606
RMR*IK*392920050607*PI*58.06*58.06*0
REF*PO*0020050608
REF*ST*03929
REF*DP*043
DTM*999*20050607
RMR*IK*392920050608*PI*62.64*62.64*0
REF*PO*0020050609
REF*ST*03929
REF*DP*043
DTM*999*20050608
RMR*IK*393120050602*PI*26.09*26.09*0
REF*PO*0020050603
REF*ST*03931
REF*DP*043
DTM*999*20050602
RMR*IK*393120050603*PI*50.8*50.8*0
REF*PO*0020050604
REF*ST*03931
REF*DP*043
DTM*999*20050603
RMR*IK*393120050604*PI*79.49*79.49*0
REF*PO*0020050605
REF*ST*03931
REF*DP*043
DTM*999*20050604
RMR*IK*393120050605*PI*72.87*72.87*0
REF*PO*0020050606
REF*ST*03931
REF*DP*043
DTM*999*20050605
RMR*IK*393120050606*PI*24.79*24.79*0
REF*PO*0020050607
REF*ST*03931
REF*DP*043
DTM*999*20050606
RMR*IK*393120050607*PI*43.92*43.92*0
REF*PO*0020050608
REF*ST*03931
REF*DP*043
DTM*999*20050607
RMR*IK*393120050608*PI*46.26*46.26*0
REF*PO*0020050609
REF*ST*03931
REF*DP*043
DTM*999*20050608
RMR*IK*394120050602*PI*113.03*113.03*0
REF*PO*0020050603
REF*ST*03941
REF*DP*043
DTM*999*20050602
RMR*IK*394120050603*PI*217.11*217.11*0
REF*PO*0020050604
REF*ST*03941
REF*DP*043
DTM*999*20050603
RMR*IK*394120050604*PI*331.01*331.01*0
REF*PO*0020050605
REF*ST*03941
REF*DP*043
DTM*999*20050604
RMR*IK*394120050605*PI*204.98*204.98*0
REF*PO*0020050606
REF*ST*03941
REF*DP*043
DTM*999*20050605
RMR*IK*394120050606*PI*129.84*129.84*0
REF*PO*0020050607
REF*ST*03941
REF*DP*043
DTM*999*20050606
RMR*IK*394120050607*PI*123.62*123.62*0
REF*PO*0020050608
REF*ST*03941
REF*DP*043
DTM*999*20050607
RMR*IK*394120050608*PI*82.73*82.73*0
REF*PO*0020050609
REF*ST*03941
REF*DP*043
DTM*999*20050608
RMR*IK*396620050602*PI*74.89*74.89*0
REF*PO*0020050603
REF*ST*03966
REF*DP*043
DTM*999*20050602
RMR*IK*396620050603*PI*59.52*59.52*0
REF*PO*0020050604
REF*ST*03966
REF*DP*043
DTM*999*20050603
RMR*IK*396620050604*PI*136.5*136.5*0
REF*PO*0020050605
REF*ST*03966
REF*DP*043
DTM*999*20050604
RMR*IK*396620050605*PI*166.49*166.49*0
REF*PO*0020050606
REF*ST*03966
REF*DP*043
DTM*999*20050605
RMR*IK*396620050606*PI*71.36*71.36*0
REF*PO*0020050607
REF*ST*03966
REF*DP*043
DTM*999*20050606
RMR*IK*396620050607*PI*62.28*62.28*0
REF*PO*0020050608
REF*ST*03966
REF*DP*043
DTM*999*20050607
RMR*IK*396620050608*PI*51.64*51.64*0
REF*PO*0020050609
REF*ST*03966
REF*DP*043
DTM*999*20050608
RMR*IK*397820050602*PI*15.58*15.58*0
REF*PO*0020050603
REF*ST*03978
REF*DP*043
DTM*999*20050602
RMR*IK*397820050603*PI*64.04*64.04*0
REF*PO*0020050604
REF*ST*03978
REF*DP*043
DTM*999*20050603
RMR*IK*397820050604*PI*166.26*166.26*0
REF*PO*0020050605
REF*ST*03978
REF*DP*043
DTM*999*20050604
RMR*IK*397820050605*PI*141.16*141.16*0
REF*PO*0020050606
REF*ST*03978
REF*DP*043
DTM*999*20050605
RMR*IK*397820050606*PI*103.81*103.81*0
REF*PO*0020050607
REF*ST*03978
REF*DP*043
DTM*999*20050606
RMR*IK*397820050607*PI*81.39*81.39*0
REF*PO*0020050608
REF*ST*03978
REF*DP*043
DTM*999*20050607
RMR*IK*397820050608*PI*56.12*56.12*0
REF*PO*0020050609
REF*ST*03978
REF*DP*043
DTM*999*20050608
RMR*IK*399620050602*PI*45.56*45.56*0
REF*PO*0020050603
REF*ST*03996
REF*DP*043
DTM*999*20050602
RMR*IK*399620050603*PI*83.34*83.34*0
REF*PO*0020050604
REF*ST*03996
REF*DP*043
DTM*999*20050603
RMR*IK*399620050604*PI*129.58*129.58*0
REF*PO*0020050605
REF*ST*03996
REF*DP*043
DTM*999*20050604
RMR*IK*399620050605*PI*96.68*96.68*0
REF*PO*0020050606
REF*ST*03996
REF*DP*043
DTM*999*20050605
RMR*IK*399620050606*PI*191.84*191.84*0
REF*PO*0020050607
REF*ST*03996
REF*DP*043
DTM*999*20050606
RMR*IK*399620050607*PI*73.45*73.45*0
REF*PO*0020050608
REF*ST*03996
REF*DP*043
DTM*999*20050607
RMR*IK*399620050608*PI*88.27*88.27*0
REF*PO*0020050609
REF*ST*03996
REF*DP*043
DTM*999*20050608
RMR*IK*403320050602*PI*34.9*34.9*0
REF*PO*0020050603
REF*ST*04033
REF*DP*043
DTM*999*20050602
RMR*IK*403320050603*PI*2.85*2.85*0
REF*PO*0020050604
REF*ST*04033
REF*DP*043
DTM*999*20050603
RMR*IK*403320050604*PI*40.8*40.8*0
REF*PO*0020050605
REF*ST*04033
REF*DP*043
DTM*999*20050604
RMR*IK*403320050605*PI*10.1*10.1*0
REF*PO*0020050606
REF*ST*04033
REF*DP*043
DTM*999*20050605
RMR*IK*403320050606*PI*14.55*14.55*0
REF*PO*0020050607
REF*ST*04033
REF*DP*043
DTM*999*20050606
RMR*IK*403320050607*PI*7.74*7.74*0
REF*PO*0020050608
REF*ST*04033
REF*DP*043
DTM*999*20050607
RMR*IK*403320050608*PI*6.75*6.75*0
REF*PO*0020050609
REF*ST*04033
REF*DP*043
DTM*999*20050608
RMR*IK*407120050602*PI*75.15*75.15*0
REF*PO*0020050603
REF*ST*04071
REF*DP*043
DTM*999*20050602
RMR*IK*407120050603*PI*108.9*108.9*0
REF*PO*0020050604
REF*ST*04071
REF*DP*043
DTM*999*20050603
RMR*IK*407120050604*PI*213.48*213.48*0
REF*PO*0020050605
REF*ST*04071
REF*DP*043
DTM*999*20050604
RMR*IK*407120050605*PI*194.2*194.2*0
REF*PO*0020050606
REF*ST*04071
REF*DP*043
DTM*999*20050605
RMR*IK*407120050606*PI*101.03*101.03*0
REF*PO*0020050607
REF*ST*04071
REF*DP*043
DTM*999*20050606
RMR*IK*407120050607*PI*71.87*71.87*0
REF*PO*0020050608
REF*ST*04071
REF*DP*043
DTM*999*20050607
RMR*IK*407120050608*PI*72*72*0
REF*PO*0020050609
REF*ST*04071
REF*DP*043
DTM*999*20050608
RMR*IK*409320050602*PI*223.88*223.88*0
REF*PO*0020050603
REF*ST*04093
REF*DP*043
DTM*999*20050602
RMR*IK*409320050603*PI*351.18*351.18*0
REF*PO*0020050604
REF*ST*04093
REF*DP*043
DTM*999*20050603
RMR*IK*409320050604*PI*702.85*702.85*0
REF*PO*0020050605
REF*ST*04093
REF*DP*043
DTM*999*20050604
RMR*IK*409320050605*PI*453.52*453.52*0
REF*PO*0020050606
REF*ST*04093
REF*DP*043
DTM*999*20050605
RMR*IK*409320050606*PI*290.2*290.2*0
REF*PO*0020050607
REF*ST*04093
REF*DP*043
DTM*999*20050606
RMR*IK*409320050607*PI*325.82*325.82*0
REF*PO*0020050608
REF*ST*04093
REF*DP*043
DTM*999*20050607
RMR*IK*409320050608*PI*181.68*181.68*0
REF*PO*0020050609
REF*ST*04093
REF*DP*043
DTM*999*20050608
RMR*IK*410320050602*PI*236.08*236.08*0
REF*PO*0020050603
REF*ST*04103
REF*DP*043
DTM*999*20050602
RMR*IK*410320050603*PI*441.54*441.54*0
REF*PO*0020050604
REF*ST*04103
REF*DP*043
DTM*999*20050603
RMR*IK*410320050604*PI*735.83*735.83*0
REF*PO*0020050605
REF*ST*04103
REF*DP*043
DTM*999*20050604
RMR*IK*410320050605*PI*465*465*0
REF*PO*0020050606
REF*ST*04103
REF*DP*043
DTM*999*20050605
RMR*IK*410320050606*PI*293.76*293.76*0
REF*PO*0020050607
REF*ST*04103
REF*DP*043
DTM*999*20050606
RMR*IK*410320050607*PI*279.51*279.51*0
REF*PO*0020050608
REF*ST*04103
REF*DP*043
DTM*999*20050607
RMR*IK*410320050608*PI*220.99*220.99*0
REF*PO*0020050609
REF*ST*04103
REF*DP*043
DTM*999*20050608
RMR*IK*421320050602*PI*41.24*41.24*0
REF*PO*0020050603
REF*ST*04213
REF*DP*043
DTM*999*20050602
RMR*IK*421320050603*PI*58.85*58.85*0
REF*PO*0020050604
REF*ST*04213
REF*DP*043
DTM*999*20050603
RMR*IK*421320050604*PI*48.41*48.41*0
REF*PO*0020050605
REF*ST*04213
REF*DP*043
DTM*999*20050604
RMR*IK*421320050605*PI*32.12*32.12*0
REF*PO*0020050606
REF*ST*04213
REF*DP*043
DTM*999*20050605
RMR*IK*421320050606*PI*17.63*17.63*0
REF*PO*0020050607
REF*ST*04213
REF*DP*043
DTM*999*20050606
RMR*IK*421320050607*PI*126.79*126.79*0
REF*PO*0020050608
REF*ST*04213
REF*DP*043
DTM*999*20050607
RMR*IK*421320050608*PI*84.34*84.34*0
REF*PO*0020050609
REF*ST*04213
REF*DP*043
DTM*999*20050608
RMR*IK*424420050602*PI*473.62*473.62*0
REF*PO*0020050603
REF*ST*04244
REF*DP*043
DTM*999*20050602
RMR*IK*424420050603*PI*330.27*330.27*0
REF*PO*0020050604
REF*ST*04244
REF*DP*043
DTM*999*20050603
RMR*IK*424420050604*PI*626.6*626.6*0
REF*PO*0020050605
REF*ST*04244
REF*DP*043
DTM*999*20050604
RMR*IK*424420050605*PI*459.14*459.14*0
REF*PO*0020050606
REF*ST*04244
REF*DP*043
DTM*999*20050605
RMR*IK*424420050606*PI*198.86*198.86*0
REF*PO*0020050607
REF*ST*04244
REF*DP*043
DTM*999*20050606
RMR*IK*424420050607*PI*234.06*234.06*0
REF*PO*0020050608
REF*ST*04244
REF*DP*043
DTM*999*20050607
RMR*IK*424420050608*PI*325.3*325.3*0
REF*PO*0020050609
REF*ST*04244
REF*DP*043
DTM*999*20050608
RMR*IK*430820050602*PI*131.88*131.88*0
REF*PO*0020050603
REF*ST*04308
REF*DP*043
DTM*999*20050602
RMR*IK*430820050603*PI*118.72*118.72*0
REF*PO*0020050604
REF*ST*04308
REF*DP*043
DTM*999*20050603
RMR*IK*430820050604*PI*71.44*71.44*0
REF*PO*0020050605
REF*ST*04308
REF*DP*043
DTM*999*20050604
RMR*IK*430820050605*PI*80.61*80.61*0
REF*PO*0020050606
REF*ST*04308
REF*DP*043
DTM*999*20050605
RMR*IK*430820050606*PI*38.23*38.23*0
REF*PO*0020050607
REF*ST*04308
REF*DP*043
DTM*999*20050606
RMR*IK*430820050607*PI*50.66*50.66*0
REF*PO*0020050608
REF*ST*04308
REF*DP*043
DTM*999*20050607
RMR*IK*430820050608*PI*26.91*26.91*0
REF*PO*0020050609
REF*ST*04308
REF*DP*043
DTM*999*20050608
RMR*IK*431220050602*PI*100.03*100.03*0
REF*PO*0020050603
REF*ST*04312
REF*DP*043
DTM*999*20050602
RMR*IK*431220050603*PI*90.47*90.47*0
REF*PO*0020050604
REF*ST*04312
REF*DP*043
DTM*999*20050603
RMR*IK*431220050604*PI*167.66*167.66*0
REF*PO*0020050605
REF*ST*04312
REF*DP*043
DTM*999*20050604
RMR*IK*431220050605*PI*78.41*78.41*0
REF*PO*0020050606
REF*ST*04312
REF*DP*043
DTM*999*20050605
RMR*IK*431220050606*PI*78.96*78.96*0
REF*PO*0020050607
REF*ST*04312
REF*DP*043
DTM*999*20050606
RMR*IK*431220050607*PI*38.13*38.13*0
REF*PO*0020050608
REF*ST*04312
REF*DP*043
DTM*999*20050607
RMR*IK*431220050608*PI*22.64*22.64*0
REF*PO*0020050609
REF*ST*04312
REF*DP*043
DTM*999*20050608
RMR*IK*447520050602*PI*127.7*127.7*0
REF*PO*0020050603
REF*ST*04475
REF*DP*043
DTM*999*20050602
RMR*IK*447520050603*PI*113.48*113.48*0
REF*PO*0020050604
REF*ST*04475
REF*DP*043
DTM*999*20050603
RMR*IK*447520050604*PI*69.65*69.65*0
REF*PO*0020050605
REF*ST*04475
REF*DP*043
DTM*999*20050604
RMR*IK*447520050605*PI*50.1*50.1*0
REF*PO*0020050606
REF*ST*04475
REF*DP*043
DTM*999*20050605
RMR*IK*447520050606*PI*90.05*90.05*0
REF*PO*0020050607
REF*ST*04475
REF*DP*043
DTM*999*20050606
RMR*IK*447520050607*PI*24.58*24.58*0
REF*PO*0020050608
REF*ST*04475
REF*DP*043
DTM*999*20050607
RMR*IK*447520050608*PI*50.95*50.95*0
REF*PO*0020050609
REF*ST*04475
REF*DP*043
DTM*999*20050608
RMR*IK*471720050602*PI*396.75*396.75*0
REF*PO*0020050603
REF*ST*04717
REF*DP*043
DTM*999*20050602
RMR*IK*471720050603*PI*596.23*596.23*0
REF*PO*0020050604
REF*ST*04717
REF*DP*043
DTM*999*20050603
RMR*IK*471720050604*PI*595.95*595.95*0
REF*PO*0020050605
REF*ST*04717
REF*DP*043
DTM*999*20050604
RMR*IK*471720050605*PI*268.3*268.3*0
REF*PO*0020050606
REF*ST*04717
REF*DP*043
DTM*999*20050605
RMR*IK*471720050606*PI*204.93*204.93*0
REF*PO*0020050607
REF*ST*04717
REF*DP*043
DTM*999*20050606
RMR*IK*471720050607*PI*278.04*278.04*0
REF*PO*0020050608
REF*ST*04717
REF*DP*043
DTM*999*20050607
RMR*IK*471720050608*PI*350.6*350.6*0
REF*PO*0020050609
REF*ST*04717
REF*DP*043
DTM*999*20050608
RMR*IK*471920050602*PI*94.84*94.84*0
REF*PO*0020050603
REF*ST*04719
REF*DP*043
DTM*999*20050602
RMR*IK*471920050603*PI*32.61*32.61*0
REF*PO*0020050604
REF*ST*04719
REF*DP*043
DTM*999*20050603
RMR*IK*471920050604*PI*31.09*31.09*0
REF*PO*0020050605
REF*ST*04719
REF*DP*043
DTM*999*20050604
RMR*IK*471920050605*PI*24.37*24.37*0
REF*PO*0020050606
REF*ST*04719
REF*DP*043
DTM*999*20050605
RMR*IK*471920050606*PI*12.5*12.5*0
REF*PO*0020050607
REF*ST*04719
REF*DP*043
DTM*999*20050606
RMR*IK*471920050607*PI*18.25*18.25*0
REF*PO*0020050608
REF*ST*04719
REF*DP*043
DTM*999*20050607
RMR*IK*471920050608*PI*.75*.75*0
REF*PO*0020050609
REF*ST*04719
REF*DP*043
DTM*999*20050608
RMR*IK*473920050602*PI*30.98*30.98*0
REF*PO*0020050603
REF*ST*04739
REF*DP*043
DTM*999*20050602
RMR*IK*473920050603*PI*86.48*86.48*0
REF*PO*0020050604
REF*ST*04739
REF*DP*043
DTM*999*20050603
RMR*IK*473920050604*PI*130.8*130.8*0
REF*PO*0020050605
REF*ST*04739
REF*DP*043
DTM*999*20050604
RMR*IK*473920050605*PI*127.25*127.25*0
REF*PO*0020050606
REF*ST*04739
REF*DP*043
DTM*999*20050605
RMR*IK*473920050606*PI*23.63*23.63*0
REF*PO*0020050607
REF*ST*04739
REF*DP*043
DTM*999*20050606
RMR*IK*473920050607*PI*62.46*62.46*0
REF*PO*0020050608
REF*ST*04739
REF*DP*043
DTM*999*20050607
RMR*IK*473920050608*PI*41.77*41.77*0
REF*PO*0020050609
REF*ST*04739
REF*DP*043
DTM*999*20050608
RMR*IK*475320050602*PI*56.77*56.77*0
REF*PO*0020050603
REF*ST*04753
REF*DP*043
DTM*999*20050602
RMR*IK*475320050603*PI*52.09*52.09*0
REF*PO*0020050604
REF*ST*04753
REF*DP*043
DTM*999*20050603
RMR*IK*475320050604*PI*135.74*135.74*0
REF*PO*0020050605
REF*ST*04753
REF*DP*043
DTM*999*20050604
RMR*IK*475320050605*PI*36.24*36.24*0
REF*PO*0020050606
REF*ST*04753
REF*DP*043
DTM*999*20050605
RMR*IK*475320050606*PI*35.28*35.28*0
REF*PO*0020050607
REF*ST*04753
REF*DP*043
DTM*999*20050606
RMR*IK*475320050607*PI*46.95*46.95*0
REF*PO*0020050608
REF*ST*04753
REF*DP*043
DTM*999*20050607
RMR*IK*475320050608*PI*45.19*45.19*0
REF*PO*0020050609
REF*ST*04753
REF*DP*043
DTM*999*20050608
RMR*IK*476020050602*PI*74.05*74.05*0
REF*PO*0020050603
REF*ST*04760
REF*DP*043
DTM*999*20050602
RMR*IK*476020050603*PI*114.5*114.5*0
REF*PO*0020050604
REF*ST*04760
REF*DP*043
DTM*999*20050603
RMR*IK*476020050604*PI*65.01*65.01*0
REF*PO*0020050605
REF*ST*04760
REF*DP*043
DTM*999*20050604
RMR*IK*476020050605*PI*44.2*44.2*0
REF*PO*0020050606
REF*ST*04760
REF*DP*043
DTM*999*20050605
RMR*IK*476020050606*PI*36.47*36.47*0
REF*PO*0020050607
REF*ST*04760
REF*DP*043
DTM*999*20050606
RMR*IK*476020050607*PI*147.33*147.33*0
REF*PO*0020050608
REF*ST*04760
REF*DP*043
DTM*999*20050607
RMR*IK*476020050608*PI*52.09*52.09*0
REF*PO*0020050609
REF*ST*04760
REF*DP*043
DTM*999*20050608
RMR*IK*476920050602*PI*20.08*20.08*0
REF*PO*0020050603
REF*ST*04769
REF*DP*043
DTM*999*20050602
RMR*IK*476920050603*PI*14.76*14.76*0
REF*PO*0020050604
REF*ST*04769
REF*DP*043
DTM*999*20050603
RMR*IK*476920050604*PI*105.67*105.67*0
REF*PO*0020050605
REF*ST*04769
REF*DP*043
DTM*999*20050604
RMR*IK*476920050605*PI*78.99*78.99*0
REF*PO*0020050606
REF*ST*04769
REF*DP*043
DTM*999*20050605
RMR*IK*476920050606*PI*38.11*38.11*0
REF*PO*0020050607
REF*ST*04769
REF*DP*043
DTM*999*20050606
RMR*IK*476920050607*PI*43.16*43.16*0
REF*PO*0020050608
REF*ST*04769
REF*DP*043
DTM*999*20050607
RMR*IK*476920050608*PI*32.05*32.05*0
REF*PO*0020050609
REF*ST*04769
REF*DP*043
DTM*999*20050608
RMR*IK*481720050602*PI*20.25*20.25*0
REF*PO*0020050603
REF*ST*04817
REF*DP*043
DTM*999*20050602
RMR*IK*481720050603*PI*110.53*110.53*0
REF*PO*0020050604
REF*ST*04817
REF*DP*043
DTM*999*20050603
RMR*IK*481720050604*PI*120.64*120.64*0
REF*PO*0020050605
REF*ST*04817
REF*DP*043
DTM*999*20050604
RMR*IK*481720050605*PI*41.34*41.34*0
REF*PO*0020050606
REF*ST*04817
REF*DP*043
DTM*999*20050605
RMR*IK*481720050606*PI*18.16*18.16*0
REF*PO*0020050607
REF*ST*04817
REF*DP*043
DTM*999*20050606
RMR*IK*481720050607*PI*12.26*12.26*0
REF*PO*0020050608
REF*ST*04817
REF*DP*043
DTM*999*20050607
RMR*IK*481720050608*PI*17.7*17.7*0
REF*PO*0020050609
REF*ST*04817
REF*DP*043
DTM*999*20050608
RMR*IK*483520050602*PI*39.53*39.53*0
REF*PO*0020050603
REF*ST*04835
REF*DP*043
DTM*999*20050602
RMR*IK*483520050603*PI*70.85*70.85*0
REF*PO*0020050604
REF*ST*04835
REF*DP*043
DTM*999*20050603
RMR*IK*483520050604*PI*73.22*73.22*0
REF*PO*0020050605
REF*ST*04835
REF*DP*043
DTM*999*20050604
RMR*IK*483520050605*PI*16.21*16.21*0
REF*PO*0020050606
REF*ST*04835
REF*DP*043
DTM*999*20050605
RMR*IK*483520050606*PI*42.83*42.83*0
REF*PO*0020050607
REF*ST*04835
REF*DP*043
DTM*999*20050606
RMR*IK*483520050607*PI*11.55*11.55*0
REF*PO*0020050608
REF*ST*04835
REF*DP*043
DTM*999*20050607
RMR*IK*483520050608*PI*24.75*24.75*0
REF*PO*0020050609
REF*ST*04835
REF*DP*043
DTM*999*20050608
RMR*IK*488320050602*PI*102.78*102.78*0
REF*PO*0020050603
REF*ST*04883
REF*DP*043
DTM*999*20050602
RMR*IK*488320050603*PI*252.54*252.54*0
REF*PO*0020050604
REF*ST*04883
REF*DP*043
DTM*999*20050603
RMR*IK*488320050604*PI*181.58*181.58*0
REF*PO*0020050605
REF*ST*04883
REF*DP*043
DTM*999*20050604
RMR*IK*488320050605*PI*102.66*102.66*0
REF*PO*0020050606
REF*ST*04883
REF*DP*043
DTM*999*20050605
RMR*IK*488320050606*PI*89.96*89.96*0
REF*PO*0020050607
REF*ST*04883
REF*DP*043
DTM*999*20050606
RMR*IK*488320050607*PI*89.85*89.85*0
REF*PO*0020050608
REF*ST*04883
REF*DP*043
DTM*999*20050607
RMR*IK*488320050608*PI*61.33*61.33*0
REF*PO*0020050609
REF*ST*04883
REF*DP*043
DTM*999*20050608
RMR*IK*489820050602*PI*150.08*150.08*0
REF*PO*0020050603
REF*ST*04898
REF*DP*043
DTM*999*20050602
RMR*IK*489820050603*PI*169.2*169.2*0
REF*PO*0020050604
REF*ST*04898
REF*DP*043
DTM*999*20050603
RMR*IK*489820050604*PI*100.58*100.58*0
REF*PO*0020050605
REF*ST*04898
REF*DP*043
DTM*999*20050604
RMR*IK*489820050605*PI*89.14*89.14*0
REF*PO*0020050606
REF*ST*04898
REF*DP*043
DTM*999*20050605
RMR*IK*489820050606*PI*27.5*27.5*0
REF*PO*0020050607
REF*ST*04898
REF*DP*043
DTM*999*20050606
RMR*IK*489820050607*PI*36.43*36.43*0
REF*PO*0020050608
REF*ST*04898
REF*DP*043
DTM*999*20050607
RMR*IK*489820050608*PI*42.74*42.74*0
REF*PO*0020050609
REF*ST*04898
REF*DP*043
DTM*999*20050608
RMR*IK*496820050602*PI*103.88*103.88*0
REF*PO*0020050603
REF*ST*04968
REF*DP*043
DTM*999*20050602
RMR*IK*496820050603*PI*73.77*73.77*0
REF*PO*0020050604
REF*ST*04968
REF*DP*043
DTM*999*20050603
RMR*IK*496820050604*PI*108.15*108.15*0
REF*PO*0020050605
REF*ST*04968
REF*DP*043
DTM*999*20050604
RMR*IK*496820050605*PI*72.64*72.64*0
REF*PO*0020050606
REF*ST*04968
REF*DP*043
DTM*999*20050605
RMR*IK*496820050606*PI*56*56*0
REF*PO*0020050607
REF*ST*04968
REF*DP*043
DTM*999*20050606
RMR*IK*496820050607*PI*27.13*27.13*0
REF*PO*0020050608
REF*ST*04968
REF*DP*043
DTM*999*20050607
RMR*IK*496820050608*PI*18.75*18.75*0
REF*PO*0020050609
REF*ST*04968
REF*DP*043
DTM*999*20050608
RMR*IK*496920050602*PI*72.5*72.5*0
REF*PO*0020050603
REF*ST*04969
REF*DP*043
DTM*999*20050602
RMR*IK*496920050603*PI*48.75*48.75*0
REF*PO*0020050604
REF*ST*04969
REF*DP*043
DTM*999*20050603
RMR*IK*496920050604*PI*71.25*71.25*0
REF*PO*0020050605
REF*ST*04969
REF*DP*043
DTM*999*20050604
RMR*IK*496920050605*PI*41.25*41.25*0
REF*PO*0020050606
REF*ST*04969
REF*DP*043
DTM*999*20050605
RMR*IK*496920050606*PI*3.75*3.75*0
REF*PO*0020050607
REF*ST*04969
REF*DP*043
DTM*999*20050606
RMR*IK*496920050607*PI*26.25*26.25*0
REF*PO*0020050608
REF*ST*04969
REF*DP*043
DTM*999*20050607
RMR*IK*496920050608*PI*22.5*22.5*0
REF*PO*0020050609
REF*ST*04969
REF*DP*043
DTM*999*20050608
RMR*IK*497020050602*PI*111.29*111.29*0
REF*PO*0020050603
REF*ST*04970
REF*DP*043
DTM*999*20050602
RMR*IK*497020050603*PI*155.49*155.49*0
REF*PO*0020050604
REF*ST*04970
REF*DP*043
DTM*999*20050603
RMR*IK*497020050604*PI*166.08*166.08*0
REF*PO*0020050605
REF*ST*04970
REF*DP*043
DTM*999*20050604
RMR*IK*497020050605*PI*142.72*142.72*0
REF*PO*0020050606
REF*ST*04970
REF*DP*043
DTM*999*20050605
RMR*IK*497020050606*PI*130.37*130.37*0
REF*PO*0020050607
REF*ST*04970
REF*DP*043
DTM*999*20050606
RMR*IK*497020050607*PI*54.5*54.5*0
REF*PO*0020050608
REF*ST*04970
REF*DP*043
DTM*999*20050607
RMR*IK*497020050608*PI*95.83*95.83*0
REF*PO*0020050609
REF*ST*04970
REF*DP*043
DTM*999*20050608
RMR*IK*704520050602*PI*47.93*47.93*0
REF*PO*0020050603
REF*ST*07045
REF*DP*043
DTM*999*20050602
RMR*IK*704520050603*PI*58.39*58.39*0
REF*PO*0020050604
REF*ST*07045
REF*DP*043
DTM*999*20050603
RMR*IK*704520050604*PI*48.58*48.58*0
REF*PO*0020050605
REF*ST*07045
REF*DP*043
DTM*999*20050604
RMR*IK*704520050605*PI*18.46*18.46*0
REF*PO*0020050606
REF*ST*07045
REF*DP*043
DTM*999*20050605
RMR*IK*704520050606*PI*16.83*16.83*0
REF*PO*0020050607
REF*ST*07045
REF*DP*043
DTM*999*20050606
RMR*IK*704520050607*PI*13.63*13.63*0
REF*PO*0020050608
REF*ST*07045
REF*DP*043
DTM*999*20050607
RMR*IK*704520050608*PI*1.57*1.57*0
REF*PO*0020050609
REF*ST*07045
REF*DP*043
DTM*999*20050608
RMR*IK*705920050602*PI*24.53*24.53*0
REF*PO*0020050603
REF*ST*07059
REF*DP*043
DTM*999*20050602
RMR*IK*705920050603*PI*44.24*44.24*0
REF*PO*0020050604
REF*ST*07059
REF*DP*043
DTM*999*20050603
RMR*IK*705920050604*PI*36.51*36.51*0
REF*PO*0020050605
REF*ST*07059
REF*DP*043
DTM*999*20050604
RMR*IK*705920050605*PI*34.16*34.16*0
REF*PO*0020050606
REF*ST*07059
REF*DP*043
DTM*999*20050605
RMR*IK*705920050606*PI*37.93*37.93*0
REF*PO*0020050607
REF*ST*07059
REF*DP*043
DTM*999*20050606
RMR*IK*705920050607*PI*46.29*46.29*0
REF*PO*0020050608
REF*ST*07059
REF*DP*043
DTM*999*20050607
RMR*IK*705920050608*PI*11.65*11.65*0
REF*PO*0020050609
REF*ST*07059
REF*DP*043
DTM*999*20050608
RMR*IK*706420050602*PI*18.18*18.18*0
REF*PO*0020050603
REF*ST*07064
REF*DP*043
DTM*999*20050602
RMR*IK*706420050603*PI*12.25*12.25*0
REF*PO*0020050604
REF*ST*07064
REF*DP*043
DTM*999*20050603
RMR*IK*706420050604*PI*11.25*11.25*0
REF*PO*0020050605
REF*ST*07064
REF*DP*043
DTM*999*20050604
RMR*IK*706420050605*PI*7.41*7.41*0
REF*PO*0020050606
REF*ST*07064
REF*DP*043
DTM*999*20050605
RMR*IK*706420050606*PI*2.41*2.41*0
REF*PO*0020050607
REF*ST*07064
REF*DP*043
DTM*999*20050606
RMR*IK*706420050607*PI*1.16*1.16*0
REF*PO*0020050608
REF*ST*07064
REF*DP*043
DTM*999*20050607
RMR*IK*706420050608*PI*10.31*10.31*0
REF*PO*0020050609
REF*ST*07064
REF*DP*043
DTM*999*20050608
RMR*IK*706620050602*PI*189.65*189.65*0
REF*PO*0020050603
REF*ST*07066
REF*DP*043
DTM*999*20050602
RMR*IK*706620050603*PI*155.67*155.67*0
REF*PO*0020050604
REF*ST*07066
REF*DP*043
DTM*999*20050603
RMR*IK*706620050604*PI*210.25*210.25*0
REF*PO*0020050605
REF*ST*07066
REF*DP*043
DTM*999*20050604
RMR*IK*706620050605*PI*177.01*177.01*0
REF*PO*0020050606
REF*ST*07066
REF*DP*043
DTM*999*20050605
RMR*IK*706620050606*PI*54.08*54.08*0
REF*PO*0020050607
REF*ST*07066
REF*DP*043
DTM*999*20050606
RMR*IK*706620050607*PI*129.03*129.03*0
REF*PO*0020050608
REF*ST*07066
REF*DP*043
DTM*999*20050607
RMR*IK*706620050608*PI*63.8*63.8*0
REF*PO*0020050609
REF*ST*07066
REF*DP*043
DTM*999*20050608
RMR*IK*706920050602*PI*306.33*306.33*0
REF*PO*0020050603
REF*ST*07069
REF*DP*043
DTM*999*20050602
RMR*IK*706920050603*PI*416.43*416.43*0
REF*PO*0020050604
REF*ST*07069
REF*DP*043
DTM*999*20050603
RMR*IK*706920050604*PI*566.92*566.92*0
REF*PO*0020050605
REF*ST*07069
REF*DP*043
DTM*999*20050604
RMR*IK*706920050605*PI*281.82*281.82*0
REF*PO*0020050606
REF*ST*07069
REF*DP*043
DTM*999*20050605
RMR*IK*706920050606*PI*206.07*206.07*0
REF*PO*0020050607
REF*ST*07069
REF*DP*043
DTM*999*20050606
RMR*IK*706920050607*PI*295.65*295.65*0
REF*PO*0020050608
REF*ST*07069
REF*DP*043
DTM*999*20050607
RMR*IK*706920050608*PI*246.81*246.81*0
REF*PO*0020050609
REF*ST*07069
REF*DP*043
DTM*999*20050608
RMR*IK*707620050602*PI*85.05*85.05*0
REF*PO*0020050603
REF*ST*07076
REF*DP*043
DTM*999*20050602
RMR*IK*707620050603*PI*215.17*215.17*0
REF*PO*0020050604
REF*ST*07076
REF*DP*043
DTM*999*20050603
RMR*IK*707620050604*PI*273.16*273.16*0
REF*PO*0020050605
REF*ST*07076
REF*DP*043
DTM*999*20050604
RMR*IK*707620050605*PI*163.15*163.15*0
REF*PO*0020050606
REF*ST*07076
REF*DP*043
DTM*999*20050605
RMR*IK*707620050606*PI*77*77*0
REF*PO*0020050607
REF*ST*07076
REF*DP*043
DTM*999*20050606
RMR*IK*707620050607*PI*83.26*83.26*0
REF*PO*0020050608
REF*ST*07076
REF*DP*043
DTM*999*20050607
RMR*IK*707620050608*PI*105.03*105.03*0
REF*PO*0020050609
REF*ST*07076
REF*DP*043
DTM*999*20050608
RMR*IK*713220050602*PI*244.19*244.19*0
REF*PO*0020050603
REF*ST*07132
REF*DP*043
DTM*999*20050602
RMR*IK*713220050603*PI*204.26*204.26*0
REF*PO*0020050604
REF*ST*07132
REF*DP*043
DTM*999*20050603
RMR*IK*713220050604*PI*363.96*363.96*0
REF*PO*0020050605
REF*ST*07132
REF*DP*043
DTM*999*20050604
RMR*IK*713220050605*PI*240.79*240.79*0
REF*PO*0020050606
REF*ST*07132
REF*DP*043
DTM*999*20050605
RMR*IK*713220050606*PI*155.18*155.18*0
REF*PO*0020050607
REF*ST*07132
REF*DP*043
DTM*999*20050606
RMR*IK*713220050607*PI*172.66*172.66*0
REF*PO*0020050608
REF*ST*07132
REF*DP*043
DTM*999*20050607
RMR*IK*713220050608*PI*157.05*157.05*0
REF*PO*0020050609
REF*ST*07132
REF*DP*043
DTM*999*20050608
RMR*IK*714620050602*PI*146.75*146.75*0
REF*PO*0020050603
REF*ST*07146
REF*DP*043
DTM*999*20050602
RMR*IK*714620050603*PI*174.33*174.33*0
REF*PO*0020050604
REF*ST*07146
REF*DP*043
DTM*999*20050603
RMR*IK*714620050604*PI*160.14*160.14*0
REF*PO*0020050605
REF*ST*07146
REF*DP*043
DTM*999*20050604
RMR*IK*714620050605*PI*210.1*210.1*0
REF*PO*0020050606
REF*ST*07146
REF*DP*043
DTM*999*20050605
RMR*IK*714620050606*PI*142.05*142.05*0
REF*PO*0020050607
REF*ST*07146
REF*DP*043
DTM*999*20050606
RMR*IK*714620050607*PI*106.39*106.39*0
REF*PO*0020050608
REF*ST*07146
REF*DP*043
DTM*999*20050607
RMR*IK*714620050608*PI*54.26*54.26*0
REF*PO*0020050609
REF*ST*07146
REF*DP*043
DTM*999*20050608
RMR*IK*715420050602*PI*59.64*59.64*0
REF*PO*0020050603
REF*ST*07154
REF*DP*043
DTM*999*20050602
RMR*IK*715420050603*PI*72.48*72.48*0
REF*PO*0020050604
REF*ST*07154
REF*DP*043
DTM*999*20050603
RMR*IK*715420050604*PI*55.86*55.86*0
REF*PO*0020050605
REF*ST*07154
REF*DP*043
DTM*999*20050604
RMR*IK*715420050605*PI*39.57*39.57*0
REF*PO*0020050606
REF*ST*07154
REF*DP*043
DTM*999*20050605
RMR*IK*715420050606*PI*20.31*20.31*0
REF*PO*0020050607
REF*ST*07154
REF*DP*043
DTM*999*20050606
RMR*IK*715420050607*PI*35.54*35.54*0
REF*PO*0020050608
REF*ST*07154
REF*DP*043
DTM*999*20050607
RMR*IK*715420050608*PI*47.63*47.63*0
REF*PO*0020050609
REF*ST*07154
REF*DP*043
DTM*999*20050608
RMR*IK*718420050602*PI*320.84*320.84*0
REF*PO*0020050603
REF*ST*07184
REF*DP*043
DTM*999*20050602
RMR*IK*718420050603*PI*644.92*644.92*0
REF*PO*0020050604
REF*ST*07184
REF*DP*043
DTM*999*20050603
RMR*IK*718420050604*PI*785.2*785.2*0
REF*PO*0020050605
REF*ST*07184
REF*DP*043
DTM*999*20050604
RMR*IK*718420050605*PI*507.85*507.85*0
REF*PO*0020050606
REF*ST*07184
REF*DP*043
DTM*999*20050605
RMR*IK*718420050606*PI*221.93*221.93*0
REF*PO*0020050607
REF*ST*07184
REF*DP*043
DTM*999*20050606
RMR*IK*718420050607*PI*222.11*222.11*0
REF*PO*0020050608
REF*ST*07184
REF*DP*043
DTM*999*20050607
RMR*IK*718420050608*PI*175.72*175.72*0
REF*PO*0020050609
REF*ST*07184
REF*DP*043
DTM*999*20050608
RMR*IK*725520050602*PI*385.61*385.61*0
REF*PO*0020050603
REF*ST*07255
REF*DP*043
DTM*999*20050602
RMR*IK*725520050603*PI*200*200*0
REF*PO*0020050604
REF*ST*07255
REF*DP*043
DTM*999*20050603
RMR*IK*725520050604*PI*426.95*426.95*0
REF*PO*0020050605
REF*ST*07255
REF*DP*043
DTM*999*20050604
RMR*IK*725520050605*PI*218.71*218.71*0
REF*PO*0020050606
REF*ST*07255
REF*DP*043
DTM*999*20050605
RMR*IK*725520050606*PI*315.35*315.35*0
REF*PO*0020050607
REF*ST*07255
REF*DP*043
DTM*999*20050606
RMR*IK*725520050607*PI*197.19*197.19*0
REF*PO*0020050608
REF*ST*07255
REF*DP*043
DTM*999*20050607
RMR*IK*725520050608*PI*109.48*109.48*0
REF*PO*0020050609
REF*ST*07255
REF*DP*043
DTM*999*20050608
RMR*IK*735820050602*PI*200.77*200.77*0
REF*PO*0020050603
REF*ST*07358
REF*DP*043
DTM*999*20050602
RMR*IK*735820050603*PI*370.25*370.25*0
REF*PO*0020050604
REF*ST*07358
REF*DP*043
DTM*999*20050603
RMR*IK*735820050604*PI*482.9*482.9*0
REF*PO*0020050605
REF*ST*07358
REF*DP*043
DTM*999*20050604
RMR*IK*735820050605*PI*277.05*277.05*0
REF*PO*0020050606
REF*ST*07358
REF*DP*043
DTM*999*20050605
RMR*IK*735820050606*PI*236.61*236.61*0
REF*PO*0020050607
REF*ST*07358
REF*DP*043
DTM*999*20050606
RMR*IK*735820050607*PI*226.36*226.36*0
REF*PO*0020050608
REF*ST*07358
REF*DP*043
DTM*999*20050607
RMR*IK*735820050608*PI*149.36*149.36*0
REF*PO*0020050609
REF*ST*07358
REF*DP*043
DTM*999*20050608
RMR*IK*736220050602*PI*59.78*59.78*0
REF*PO*0020050603
REF*ST*07362
REF*DP*043
DTM*999*20050602
RMR*IK*736220050603*PI*99.26*99.26*0
REF*PO*0020050604
REF*ST*07362
REF*DP*043
DTM*999*20050603
RMR*IK*736220050604*PI*76.35*76.35*0
REF*PO*0020050605
REF*ST*07362
REF*DP*043
DTM*999*20050604
RMR*IK*736220050605*PI*170.92*170.92*0
REF*PO*0020050606
REF*ST*07362
REF*DP*043
DTM*999*20050605
RMR*IK*736220050606*PI*98.97*98.97*0
REF*PO*0020050607
REF*ST*07362
REF*DP*043
DTM*999*20050606
RMR*IK*736220050607*PI*90.6*90.6*0
REF*PO*0020050608
REF*ST*07362
REF*DP*043
DTM*999*20050607
RMR*IK*736220050608*PI*84.31*84.31*0
REF*PO*0020050609
REF*ST*07362
REF*DP*043
DTM*999*20050608
RMR*IK*743720050602*PI*72.45*72.45*0
REF*PO*0020050603
REF*ST*07437
REF*DP*043
DTM*999*20050602
RMR*IK*743720050603*PI*52.59*52.59*0
REF*PO*0020050604
REF*ST*07437
REF*DP*043
DTM*999*20050603
RMR*IK*743720050604*PI*62.17*62.17*0
REF*PO*0020050605
REF*ST*07437
REF*DP*043
DTM*999*20050604
RMR*IK*743720050605*PI*40.78*40.78*0
REF*PO*0020050606
REF*ST*07437
REF*DP*043
DTM*999*20050605
RMR*IK*743720050606*PI*20.38*20.38*0
REF*PO*0020050607
REF*ST*07437
REF*DP*043
DTM*999*20050606
RMR*IK*743720050607*PI*39.24*39.24*0
REF*PO*0020050608
REF*ST*07437
REF*DP*043
DTM*999*20050607
RMR*IK*743720050608*PI*26.96*26.96*0
REF*PO*0020050609
REF*ST*07437
REF*DP*043
DTM*999*20050608
RMR*IK*746020050602*PI*200.15*200.15*0
REF*PO*0020050603
REF*ST*07460
REF*DP*043
DTM*999*20050602
RMR*IK*746020050603*PI*255.5*255.5*0
REF*PO*0020050604
REF*ST*07460
REF*DP*043
DTM*999*20050603
RMR*IK*746020050604*PI*336.06*336.06*0
REF*PO*0020050605
REF*ST*07460
REF*DP*043
DTM*999*20050604
RMR*IK*746020050605*PI*161.72*161.72*0
REF*PO*0020050606
REF*ST*07460
REF*DP*043
DTM*999*20050605
RMR*IK*746020050606*PI*71.82*71.82*0
REF*PO*0020050607
REF*ST*07460
REF*DP*043
DTM*999*20050606
RMR*IK*746020050607*PI*94.91*94.91*0
REF*PO*0020050608
REF*ST*07460
REF*DP*043
DTM*999*20050607
RMR*IK*746020050608*PI*50.22*50.22*0
REF*PO*0020050609
REF*ST*07460
REF*DP*043
DTM*999*20050608
RMR*IK*746120050602*PI*25.84*25.84*0
REF*PO*0020050603
REF*ST*07461
REF*DP*043
DTM*999*20050602
RMR*IK*746120050603*PI*42*42*0
REF*PO*0020050604
REF*ST*07461
REF*DP*043
DTM*999*20050603
RMR*IK*746120050604*PI*37.78*37.78*0
REF*PO*0020050605
REF*ST*07461
REF*DP*043
DTM*999*20050604
RMR*IK*746120050605*PI*48.96*48.96*0
REF*PO*0020050606
REF*ST*07461
REF*DP*043
DTM*999*20050605
RMR*IK*746120050606*PI*61.39*61.39*0
REF*PO*0020050607
REF*ST*07461
REF*DP*043
DTM*999*20050606
RMR*IK*746120050607*PI*48.48*48.48*0
REF*PO*0020050608
REF*ST*07461
REF*DP*043
DTM*999*20050607
RMR*IK*746120050608*PI*58.91*58.91*0
REF*PO*0020050609
REF*ST*07461
REF*DP*043
DTM*999*20050608
RMR*IK*760720050602*PI*77.32*77.32*0
REF*PO*0020050603
REF*ST*07607
REF*DP*043
DTM*999*20050602
RMR*IK*760720050603*PI*244.99*244.99*0
REF*PO*0020050604
REF*ST*07607
REF*DP*043
DTM*999*20050603
RMR*IK*760720050604*PI*240.15*240.15*0
REF*PO*0020050605
REF*ST*07607
REF*DP*043
DTM*999*20050604
RMR*IK*760720050605*PI*132.21*132.21*0
REF*PO*0020050606
REF*ST*07607
REF*DP*043
DTM*999*20050605
RMR*IK*760720050606*PI*186.45*186.45*0
REF*PO*0020050607
REF*ST*07607
REF*DP*043
DTM*999*20050606
RMR*IK*760720050607*PI*150.64*150.64*0
REF*PO*0020050608
REF*ST*07607
REF*DP*043
DTM*999*20050607
RMR*IK*760720050608*PI*117.28*117.28*0
REF*PO*0020050609
REF*ST*07607
REF*DP*043
DTM*999*20050608
RMR*IK*761020050602*PI*27.99*27.99*0
REF*PO*0020050603
REF*ST*07610
REF*DP*043
DTM*999*20050602
RMR*IK*761020050603*PI*23.78*23.78*0
REF*PO*0020050604
REF*ST*07610
REF*DP*043
DTM*999*20050603
RMR*IK*761020050604*PI*28.55*28.55*0
REF*PO*0020050605
REF*ST*07610
REF*DP*043
DTM*999*20050604
RMR*IK*761020050605*PI*22.32*22.32*0
REF*PO*0020050606
REF*ST*07610
REF*DP*043
DTM*999*20050605
RMR*IK*761020050606*PI*4.16*4.16*0
REF*PO*0020050607
REF*ST*07610
REF*DP*043
DTM*999*20050606
RMR*IK*761020050607*PI*13.64*13.64*0
REF*PO*0020050608
REF*ST*07610
REF*DP*043
DTM*999*20050607
RMR*IK*761020050608*PI*.76*.76*0
REF*PO*0020050609
REF*ST*07610
REF*DP*043
DTM*999*20050608
RMR*IK*762920050602*PI*95.15*95.15*0
REF*PO*0020050603
REF*ST*07629
REF*DP*043
DTM*999*20050602
RMR*IK*762920050603*PI*116.43*116.43*0
REF*PO*0020050604
REF*ST*07629
REF*DP*043
DTM*999*20050603
RMR*IK*762920050604*PI*158.02*158.02*0
REF*PO*0020050605
REF*ST*07629
REF*DP*043
DTM*999*20050604
RMR*IK*762920050605*PI*89.13*89.13*0
REF*PO*0020050606
REF*ST*07629
REF*DP*043
DTM*999*20050605
RMR*IK*762920050606*PI*116.31*116.31*0
REF*PO*0020050607
REF*ST*07629
REF*DP*043
DTM*999*20050606
RMR*IK*762920050607*PI*43.5*43.5*0
REF*PO*0020050608
REF*ST*07629
REF*DP*043
DTM*999*20050607
RMR*IK*762920050608*PI*43.66*43.66*0
REF*PO*0020050609
REF*ST*07629
REF*DP*043
DTM*999*20050608
RMR*IK*763720050602*PI*65.03*65.03*0
REF*PO*0020050603
REF*ST*07637
REF*DP*043
DTM*999*20050602
RMR*IK*763720050603*PI*74.19*74.19*0
REF*PO*0020050604
REF*ST*07637
REF*DP*043
DTM*999*20050603
RMR*IK*763720050604*PI*214.58*214.58*0
REF*PO*0020050605
REF*ST*07637
REF*DP*043
DTM*999*20050604
RMR*IK*763720050605*PI*87.77*87.77*0
REF*PO*0020050606
REF*ST*07637
REF*DP*043
DTM*999*20050605
RMR*IK*763720050606*PI*88.77*88.77*0
REF*PO*0020050607
REF*ST*07637
REF*DP*043
DTM*999*20050606
RMR*IK*763720050607*PI*60.78*60.78*0
REF*PO*0020050608
REF*ST*07637
REF*DP*043
DTM*999*20050607
RMR*IK*763720050608*PI*70.62*70.62*0
REF*PO*0020050609
REF*ST*07637
REF*DP*043
DTM*999*20050608
RMR*IK*771820050602*PI*364.8*364.8*0
REF*PO*0020050603
REF*ST*07718
REF*DP*043
DTM*999*20050602
RMR*IK*771820050603*PI*470.75*470.75*0
REF*PO*0020050604
REF*ST*07718
REF*DP*043
DTM*999*20050603
RMR*IK*771820050604*PI*642.47*642.47*0
REF*PO*0020050605
REF*ST*07718
REF*DP*043
DTM*999*20050604
RMR*IK*771820050605*PI*306.91*306.91*0
REF*PO*0020050606
REF*ST*07718
REF*DP*043
DTM*999*20050605
RMR*IK*771820050606*PI*244.71*244.71*0
REF*PO*0020050607
REF*ST*07718
REF*DP*043
DTM*999*20050606
RMR*IK*771820050607*PI*211.62*211.62*0
REF*PO*0020050608
REF*ST*07718
REF*DP*043
DTM*999*20050607
RMR*IK*771820050608*PI*104.77*104.77*0
REF*PO*0020050609
REF*ST*07718
REF*DP*043
DTM*999*20050608
RMR*IK*771920050602*PI*131.92*131.92*0
REF*PO*0020050603
REF*ST*07719
REF*DP*043
DTM*999*20050602
RMR*IK*771920050603*PI*92.42*92.42*0
REF*PO*0020050604
REF*ST*07719
REF*DP*043
DTM*999*20050603
RMR*IK*771920050604*PI*74.22*74.22*0
REF*PO*0020050605
REF*ST*07719
REF*DP*043
DTM*999*20050604
RMR*IK*771920050605*PI*50.3*50.3*0
REF*PO*0020050606
REF*ST*07719
REF*DP*043
DTM*999*20050605
RMR*IK*771920050606*PI*83.69*83.69*0
REF*PO*0020050607
REF*ST*07719
REF*DP*043
DTM*999*20050606
RMR*IK*771920050607*PI*45.72*45.72*0
REF*PO*0020050608
REF*ST*07719
REF*DP*043
DTM*999*20050607
RMR*IK*771920050608*PI*32.81*32.81*0
REF*PO*0020050609
REF*ST*07719
REF*DP*043
DTM*999*20050608
RMR*IK*912120050604*PI*1.03*1.03*0
REF*PO*0020050605
REF*ST*09121
REF*DP*043
DTM*999*20050604
RMR*IK*956020050602*PI*194*194*0
REF*PO*0020050603
REF*ST*09560
REF*DP*043
DTM*999*20050602
RMR*IK*956020050603*PI*171.04*171.04*0
REF*PO*0020050604
REF*ST*09560
REF*DP*043
DTM*999*20050603
RMR*IK*956020050604*PI*271.69*271.69*0
REF*PO*0020050605
REF*ST*09560
REF*DP*043
DTM*999*20050604
RMR*IK*956020050605*PI*122.11*122.11*0
REF*PO*0020050606
REF*ST*09560
REF*DP*043
DTM*999*20050605
RMR*IK*956020050606*PI*87.84*87.84*0
REF*PO*0020050607
REF*ST*09560
REF*DP*043
DTM*999*20050606
RMR*IK*956020050607*PI*97.28*97.28*0
REF*PO*0020050608
REF*ST*09560
REF*DP*043
DTM*999*20050607
RMR*IK*956020050608*PI*79.84*79.84*0
REF*PO*0020050609
REF*ST*09560
REF*DP*043
DTM*999*20050608
RMR*IK*957120050602*PI*93.34*93.34*0
REF*PO*0020050603
REF*ST*09571
REF*DP*043
DTM*999*20050602
RMR*IK*957120050603*PI*46.93*46.93*0
REF*PO*0020050604
REF*ST*09571
REF*DP*043
DTM*999*20050603
RMR*IK*957120050604*PI*86.59*86.59*0
REF*PO*0020050605
REF*ST*09571
REF*DP*043
DTM*999*20050604
RMR*IK*957120050605*PI*15.79*15.79*0
REF*PO*0020050606
REF*ST*09571
REF*DP*043
DTM*999*20050605
RMR*IK*957120050606*PI*46.32*46.32*0
REF*PO*0020050607
REF*ST*09571
REF*DP*043
DTM*999*20050606
RMR*IK*957120050607*PI*42.78*42.78*0
REF*PO*0020050608
REF*ST*09571
REF*DP*043
DTM*999*20050607
RMR*IK*957120050608*PI*23.51*23.51*0
REF*PO*0020050609
REF*ST*09571
REF*DP*043
DTM*999*20050608
RMR*IK*962020050602*PI*106.06*106.06*0
REF*PO*0020050603
REF*ST*09620
REF*DP*043
DTM*999*20050602
RMR*IK*962020050603*PI*161.06*161.06*0
REF*PO*0020050604
REF*ST*09620
REF*DP*043
DTM*999*20050603
RMR*IK*962020050604*PI*168.56*168.56*0
REF*PO*0020050605
REF*ST*09620
REF*DP*043
DTM*999*20050604
RMR*IK*962020050605*PI*129.09*129.09*0
REF*PO*0020050606
REF*ST*09620
REF*DP*043
DTM*999*20050605
RMR*IK*962020050606*PI*63.67*63.67*0
REF*PO*0020050607
REF*ST*09620
REF*DP*043
DTM*999*20050606
RMR*IK*962020050607*PI*55.49*55.49*0
REF*PO*0020050608
REF*ST*09620
REF*DP*043
DTM*999*20050607
RMR*IK*962020050608*PI*30.27*30.27*0
REF*PO*0020050609
REF*ST*09620
REF*DP*043
DTM*999*20050608
RMR*IK*962120050602*PI*270.05*270.05*0
REF*PO*0020050603
REF*ST*09621
REF*DP*043
DTM*999*20050602
RMR*IK*962120050603*PI*379.98*379.98*0
REF*PO*0020050604
REF*ST*09621
REF*DP*043
DTM*999*20050603
RMR*IK*962120050604*PI*491.57*491.57*0
REF*PO*0020050605
REF*ST*09621
REF*DP*043
DTM*999*20050604
RMR*IK*962120050605*PI*291.77*291.77*0
REF*PO*0020050606
REF*ST*09621
REF*DP*043
DTM*999*20050605
RMR*IK*962120050606*PI*125.69*125.69*0
REF*PO*0020050607
REF*ST*09621
REF*DP*043
DTM*999*20050606
RMR*IK*962120050607*PI*236.64*236.64*0
REF*PO*0020050608
REF*ST*09621
REF*DP*043
DTM*999*20050607
RMR*IK*962120050608*PI*103.86*103.86*0
REF*PO*0020050609
REF*ST*09621
REF*DP*043
DTM*999*20050608
RMR*IK*962220050602*PI*8.12*8.12*0
REF*PO*0020050603
REF*ST*09622
REF*DP*043
DTM*999*20050602
RMR*IK*962220050603*PI*27.73*27.73*0
REF*PO*0020050604
REF*ST*09622
REF*DP*043
DTM*999*20050603
RMR*IK*962220050604*PI*18.41*18.41*0
REF*PO*0020050605
REF*ST*09622
REF*DP*043
DTM*999*20050604
RMR*IK*962220050605*PI*1.74*1.74*0
REF*PO*0020050606
REF*ST*09622
REF*DP*043
DTM*999*20050605
RMR*IK*962220050606*PI*5.22*5.22*0
REF*PO*0020050607
REF*ST*09622
REF*DP*043
DTM*999*20050606
RMR*IK*962220050607*PI*11.12*11.12*0
REF*PO*0020050608
REF*ST*09622
REF*DP*043
DTM*999*20050607
RMR*IK*962220050608*PI*4.14*4.14*0
REF*PO*0020050609
REF*ST*09622
REF*DP*043
DTM*999*20050608
RMR*IK*962520050602*PI*84.01*84.01*0
REF*PO*0020050603
REF*ST*09625
REF*DP*043
DTM*999*20050602
RMR*IK*962520050603*PI*41.92*41.92*0
REF*PO*0020050604
REF*ST*09625
REF*DP*043
DTM*999*20050603
RMR*IK*962520050604*PI*127.15*127.15*0
REF*PO*0020050605
REF*ST*09625
REF*DP*043
DTM*999*20050604
RMR*IK*962520050605*PI*73.94*73.94*0
REF*PO*0020050606
REF*ST*09625
REF*DP*043
DTM*999*20050605
RMR*IK*962520050606*PI*63.08*63.08*0
REF*PO*0020050607
REF*ST*09625
REF*DP*043
DTM*999*20050606
RMR*IK*962520050607*PI*78.97*78.97*0
REF*PO*0020050608
REF*ST*09625
REF*DP*043
DTM*999*20050607
RMR*IK*962520050608*PI*50.1*50.1*0
REF*PO*0020050609
REF*ST*09625
REF*DP*043
DTM*999*20050608
RMR*IK*962920050602*PI*53.36*53.36*0
REF*PO*0020050603
REF*ST*09629
REF*DP*043
DTM*999*20050602
RMR*IK*962920050603*PI*111.97*111.97*0
REF*PO*0020050604
REF*ST*09629
REF*DP*043
DTM*999*20050603
RMR*IK*962920050604*PI*114.54*114.54*0
REF*PO*0020050605
REF*ST*09629
REF*DP*043
DTM*999*20050604
RMR*IK*962920050605*PI*108.62*108.62*0
REF*PO*0020050606
REF*ST*09629
REF*DP*043
DTM*999*20050605
RMR*IK*962920050606*PI*29.89*29.89*0
REF*PO*0020050607
REF*ST*09629
REF*DP*043
DTM*999*20050606
RMR*IK*962920050607*PI*32.96*32.96*0
REF*PO*0020050608
REF*ST*09629
REF*DP*043
DTM*999*20050607
RMR*IK*962920050608*PI*50.41*50.41*0
REF*PO*0020050609
REF*ST*09629
REF*DP*043
DTM*999*20050608
RMR*IK*963320050602*PI*158.73*158.73*0
REF*PO*0020050603
REF*ST*09633
REF*DP*043
DTM*999*20050602
RMR*IK*963320050603*PI*268.44*268.44*0
REF*PO*0020050604
REF*ST*09633
REF*DP*043
DTM*999*20050603
RMR*IK*963320050604*PI*452.27*452.27*0
REF*PO*0020050605
REF*ST*09633
REF*DP*043
DTM*999*20050604
RMR*IK*963320050605*PI*278.92*278.92*0
REF*PO*0020050606
REF*ST*09633
REF*DP*043
DTM*999*20050605
RMR*IK*963320050606*PI*225.8*225.8*0
REF*PO*0020050607
REF*ST*09633
REF*DP*043
DTM*999*20050606
RMR*IK*963320050607*PI*288.8*288.8*0
REF*PO*0020050608
REF*ST*09633
REF*DP*043
DTM*999*20050607
RMR*IK*963320050608*PI*238.41*238.41*0
REF*PO*0020050609
REF*ST*09633
REF*DP*043
DTM*999*20050608
RMR*IK*963920050602*PI*132.09*132.09*0
REF*PO*0020050603
REF*ST*09639
REF*DP*043
DTM*999*20050602
RMR*IK*963920050603*PI*159.55*159.55*0
REF*PO*0020050604
REF*ST*09639
REF*DP*043
DTM*999*20050603
RMR*IK*963920050604*PI*119.27*119.27*0
REF*PO*0020050605
REF*ST*09639
REF*DP*043
DTM*999*20050604
RMR*IK*963920050605*PI*36.26*36.26*0
REF*PO*0020050606
REF*ST*09639
REF*DP*043
DTM*999*20050605
RMR*IK*963920050606*PI*3*3*0
REF*PO*0020050607
REF*ST*09639
REF*DP*043
DTM*999*20050606
RMR*IK*963920050607*PI*14.25*14.25*0
REF*PO*0020050608
REF*ST*09639
REF*DP*043
DTM*999*20050607
RMR*IK*963920050608*PI*11.64*11.64*0
REF*PO*0020050609
REF*ST*09639
REF*DP*043
DTM*999*20050608
RMR*IK*964820050602*PI*454.57*454.57*0
REF*PO*0020050603
REF*ST*09648
REF*DP*043
DTM*999*20050602
RMR*IK*964820050603*PI*433.69*433.69*0
REF*PO*0020050604
REF*ST*09648
REF*DP*043
DTM*999*20050603
RMR*IK*964820050604*PI*640.26*640.26*0
REF*PO*0020050605
REF*ST*09648
REF*DP*043
DTM*999*20050604
RMR*IK*964820050605*PI*272.89*272.89*0
REF*PO*0020050606
REF*ST*09648
REF*DP*043
DTM*999*20050605
RMR*IK*964820050606*PI*352.96*352.96*0
REF*PO*0020050607
REF*ST*09648
REF*DP*043
DTM*999*20050606
RMR*IK*964820050607*PI*470.2*470.2*0
REF*PO*0020050608
REF*ST*09648
REF*DP*043
DTM*999*20050607
RMR*IK*964820050608*PI*252.33*252.33*0
REF*PO*0020050609
REF*ST*09648
REF*DP*043
DTM*999*20050608
RMR*IK*967420050602*PI*70*70*0
REF*PO*0020050603
REF*ST*09674
REF*DP*043
DTM*999*20050602
RMR*IK*967420050603*PI*71.84*71.84*0
REF*PO*0020050604
REF*ST*09674
REF*DP*043
DTM*999*20050603
RMR*IK*967420050604*PI*150.02*150.02*0
REF*PO*0020050605
REF*ST*09674
REF*DP*043
DTM*999*20050604
RMR*IK*967420050605*PI*115.53*115.53*0
REF*PO*0020050606
REF*ST*09674
REF*DP*043
DTM*999*20050605
RMR*IK*967420050606*PI*79.3*79.3*0
REF*PO*0020050607
REF*ST*09674
REF*DP*043
DTM*999*20050606
RMR*IK*967420050607*PI*130.87*130.87*0
REF*PO*0020050608
REF*ST*09674
REF*DP*043
DTM*999*20050607
RMR*IK*967420050608*PI*103.52*103.52*0
REF*PO*0020050609
REF*ST*09674
REF*DP*043
DTM*999*20050608
RMR*IK*972820050602*PI*117.51*117.51*0
REF*PO*0020050603
REF*ST*09728
REF*DP*043
DTM*999*20050602
RMR*IK*972820050603*PI*131.17*131.17*0
REF*PO*0020050604
REF*ST*09728
REF*DP*043
DTM*999*20050603
RMR*IK*972820050604*PI*277.6*277.6*0
REF*PO*0020050605
REF*ST*09728
REF*DP*043
DTM*999*20050604
RMR*IK*972820050605*PI*237.45*237.45*0
REF*PO*0020050606
REF*ST*09728
REF*DP*043
DTM*999*20050605
RMR*IK*972820050606*PI*131.79*131.79*0
REF*PO*0020050607
REF*ST*09728
REF*DP*043
DTM*999*20050606
RMR*IK*972820050607*PI*196.94*196.94*0
REF*PO*0020050608
REF*ST*09728
REF*DP*043
DTM*999*20050607
RMR*IK*972820050608*PI*77.56*77.56*0
REF*PO*0020050609
REF*ST*09728
REF*DP*043
DTM*999*20050608
RMR*IK*973520050602*PI*209.47*209.47*0
REF*PO*0020050603
REF*ST*09735
REF*DP*043
DTM*999*20050602
RMR*IK*973520050603*PI*131.96*131.96*0
REF*PO*0020050604
REF*ST*09735
REF*DP*043
DTM*999*20050603
RMR*IK*973520050604*PI*184.26*184.26*0
REF*PO*0020050605
REF*ST*09735
REF*DP*043
DTM*999*20050604
RMR*IK*973520050605*PI*162.4*162.4*0
REF*PO*0020050606
REF*ST*09735
REF*DP*043
DTM*999*20050605
RMR*IK*973520050606*PI*160.78*160.78*0
REF*PO*0020050607
REF*ST*09735
REF*DP*043
DTM*999*20050606
RMR*IK*973520050607*PI*170.23*170.23*0
REF*PO*0020050608
REF*ST*09735
REF*DP*043
DTM*999*20050607
RMR*IK*973520050608*PI*100.83*100.83*0
REF*PO*0020050609
REF*ST*09735
REF*DP*043
DTM*999*20050608
RMR*IK*975820050602*PI*42.92*42.92*0
REF*PO*0020050603
REF*ST*09758
REF*DP*043
DTM*999*20050602
RMR*IK*975820050603*PI*89.39*89.39*0
REF*PO*0020050604
REF*ST*09758
REF*DP*043
DTM*999*20050603
RMR*IK*975820050604*PI*247.35*247.35*0
REF*PO*0020050605
REF*ST*09758
REF*DP*043
DTM*999*20050604
RMR*IK*975820050605*PI*101.19*101.19*0
REF*PO*0020050606
REF*ST*09758
REF*DP*043
DTM*999*20050605
RMR*IK*975820050606*PI*164.78*164.78*0
REF*PO*0020050607
REF*ST*09758
REF*DP*043
DTM*999*20050606
RMR*IK*975820050607*PI*176.56*176.56*0
REF*PO*0020050608
REF*ST*09758
REF*DP*043
DTM*999*20050607
RMR*IK*975820050608*PI*90.76*90.76*0
REF*PO*0020050609
REF*ST*09758
REF*DP*043
DTM*999*20050608
RMR*IK*981820050602*PI*91.45*91.45*0
REF*PO*0020050603
REF*ST*09818
REF*DP*043
DTM*999*20050602
RMR*IK*981820050603*PI*125.66*125.66*0
REF*PO*0020050604
REF*ST*09818
REF*DP*043
DTM*999*20050603
RMR*IK*981820050604*PI*95.74*95.74*0
REF*PO*0020050605
REF*ST*09818
REF*DP*043
DTM*999*20050604
RMR*IK*981820050605*PI*132.69*132.69*0
REF*PO*0020050606
REF*ST*09818
REF*DP*043
DTM*999*20050605
RMR*IK*981820050606*PI*42.6*42.6*0
REF*PO*0020050607
REF*ST*09818
REF*DP*043
DTM*999*20050606
RMR*IK*981820050607*PI*46.9*46.9*0
REF*PO*0020050608
REF*ST*09818
REF*DP*043
DTM*999*20050607
RMR*IK*981820050608*PI*26.92*26.92*0
REF*PO*0020050609
REF*ST*09818
REF*DP*043
DTM*999*20050608
SE*3069*000000001
GE*1*100197
IEA*1*000100288
ISA*00*          *00*          *09*006985290AC    *12*6154525825     *050705*0413*U*00400*000000773*0*P*>
GS*PD*006985290AC*6154525825*20050705*04130328*150*X*004010
ST*852*000000001
XQ*H*20050705
N9*AD*T00000040
LIN**CB*970657110*ZZ*43*UP*831664000842*****DG*1*VS*00000
ZA*QS***006*20050704
CTP**UCP*3
SDQ*EA*ZZ*4968*2*7069*3*7460*1*9648*5
CTT*1
SE*9*000000001
ST*852*000000002
XQ*H*20050705
N9*AD*T00000040
LIN**CB*970956116*ZZ*43*UP*831664000019*****DG*1*VS*00000
ZA*QS***006*20050704
CTP**UCP*.38
SDQ*EA*ZZ*3644*30*3703*4*3848*3*3966*3*4071*1*4093*90*4103*81*4244*35*4717*1*7064*4
SDQ*EA*ZZ*7076*8*7132*46*7146*5*7184*8*7255*7*7358*49*7461*2*7629*2*9620*4*9648*12
SDQ*EA*ZZ*9674*42
LIN**CB*970956116*ZZ*43*UP*831664000019*****DG*3*VS*00000
ZA*QS***006*20050704
CTP**UCP*.38
SDQ*EA*ZZ*7362*2*7637*2
LIN**CB*970956116*ZZ*43*UP*831664000019*****DG*9*VS*00000
ZA*QS***006*20050704
CTP**UCP*.38
SDQ*EA*ZZ*3103*8
CTT*3
SE*19*000000002
ST*852*000000003
XQ*H*20050705
N9*AD*T00000040
LIN**CB*970957114*ZZ*43*UP*831664000255*****DG*1*VS*00000
ZA*QS***006*20050704
CTP**UCP*.58
SDQ*EA*ZZ*3644*1*3966*10*4308*10*4717*15*4769*10*7064*2*7184*1*7362*2*7719*8
LIN**CB*970957114*ZZ*43*UP*831664000255*****DG*6*VS*00000
ZA*QS***006*20050704
CTP**UCP*.58
SDQ*EA*ZZ*3143*2
CTT*2
SE*13*000000003
ST*852*000000004
XQ*H*20050705
N9*AD*T00000040
LIN**CB*970959110*ZZ*43*UP*831664000675*****DG*1*VS*00000
ZA*QS***006*20050704
CTP**UCP*.75
SDQ*EA*ZZ*3194*5*3978*1*7184*3
ZA*QS***006*20050704
CTP**UCP*1.25
SDQ*EA*ZZ*3103*3
CTT*1
SE*12*000000004
ST*852*000000005
XQ*H*20050705
N9*AD*T00000040
LIN**CB*970960118*ZZ*43*UP*831664000682*****DG*1*VS*00000
ZA*QS***006*20050704
CTP**UCP*.75
SDQ*EA*ZZ*3644*4*3703*1*3715*1*4244*45*4717*3*4769*2*4883*1*7069*3*7184*12*7607*5
SDQ*EA*ZZ*9625*4
ZA*QS***006*20050704
CTP**UCP*1.25
SDQ*EA*ZZ*4753*3
LIN**CB*970960118*ZZ*43*UP*831664000682*****DG*3*VS*00000
ZA*QS***006*20050704
CTP**UCP*.75
SDQ*EA*ZZ*7358*1
CTT*2
SE*17*000000005
ST*852*000000006
XQ*H*20050705
N9*AD*T00000040
LIN**CB*970961116*ZZ*43*UP*831664000330*****DG*1*VS*00000
ZA*QS***006*20050704
CTP**UCP*.75
SDQ*EA*ZZ*3660*2*3848*1*3966*4*4071*13*4103*2*4308*1*4475*2*4717*30*4739*2*4760*3
SDQ*EA*ZZ*4883*3*4898*2*4968*2*7076*2*7146*1*7154*6*7184*15*7607*6*9620*11*9621*3
SDQ*EA*ZZ*9674*4
LIN**CB*970961116*ZZ*43*UP*831664000330*****DG*3*VS*00000
ZA*QS***006*20050704
CTP**UCP*.75
SDQ*EA*ZZ*4093*4
CTT*2
SE*15*000000006
ST*852*000000007
XQ*H*20050705
N9*AD*T00000040
LIN**CB*970962114*ZZ*43*UP*831664000941*****DG*1*VS*00000
ZA*QS***006*20050704
CTP**UCP*.75
SDQ*EA*ZZ*4244*1*4898*3*7066*8
LIN**CB*970962114*ZZ*43*UP*831664000941*****DG*6*VS*00000
ZA*QS***006*20050704
CTP**UCP*.75
SDQ*EA*ZZ*3143*5
CTT*2
SE*13*000000007
ST*852*000000008
XQ*H*20050705
N9*AD*T00000040
LIN**CB*970963112*ZZ*43*UP*831664000743*****DG*1*VS*00000
ZA*QS***006*20050704
CTP**UCP*2
SDQ*EA*ZZ*3646*3*4717*1*7069*1*7362*1
CTT*1
SE*9*000000008
ST*852*000000009
XQ*H*20050705
N9*AD*T00000040
LIN**CB*970964110*ZZ*43*UP*831664000453*****DG*1*VS*00000
ZA*QS***006*20050704
CTP**UCP*3
SDQ*EA*ZZ*3103*1*3672*1*3931*1*4093*1*4753*1*7132*5*7358*2*7718*1*9625*2*9629*2
LIN**CB*970964110*ZZ*43*UP*831664000453*****DG*6*VS*00000
ZA*QS***006*20050704
CTP**UCP*3
SDQ*EA*ZZ*3143*2
CTT*2
SE*13*000000009
ST*852*000000010
XQ*H*20050705
N9*AD*T00000040
LIN**CB*970965117*ZZ*43*UP*831664000460*****DG*1*VS*00000
ZA*QS***006*20050704
CTP**UCP*3
SDQ*EA*ZZ*3703*2*4719*-6*4883*1*4898*1*7059*1*7066*2*7069*1*7132*2*7718*4*9625*2
LIN**CB*970965117*ZZ*43*UP*831664000460*****DG*6*VS*00000
ZA*QS***006*20050704
CTP**UCP*3
SDQ*EA*ZZ*3143*4
CTT*2
SE*13*000000010
ST*852*000000011
XQ*H*20050705
N9*AD*T00000040
LIN**CB*970967113*ZZ*43*UP*831664000484*****DG*1*VS*00000
ZA*QS***006*20050704
CTP**UCP*4
SDQ*EA*ZZ*7069*3*7637*1
CTT*1
SE*9*000000011
ST*852*000000012
XQ*H*20050705
N9*AD*T00000040
LIN**CB*970970117*ZZ*43*UP*831664000859*****DG*1*VS*00000
ZA*QS***006*20050704
CTP**UCP*2.4
SDQ*EA*ZZ*3602*8*4093*7*4103*4*4883*9*7255*1*7460*3*7607*1*9621*1
LIN**CB*970970117*ZZ*43*UP*831664000859*****DG*5*VS*00000
ZA*QS***006*20050704
CTP**UCP*2.4
SDQ*EA*ZZ*9621*3
LIN**CB*970970117*ZZ*43*UP*831664000859*****DG*6*VS*00000
ZA*QS***006*20050704
CTP**UCP*2.4
SDQ*EA*ZZ*3084*6*3143*23
LIN**CB*970970117*ZZ*43*UP*831664000859*****DG*8*VS*00000
ZA*QS***006*20050704
CTP**UCP*2.4
SDQ*EA*ZZ*3084*6
CTT*4
SE*21*000000012
ST*852*000000013
XQ*H*20050705
N9*AD*T00000040
LIN**CB*970975116*ZZ*43*UP*831664000910*****DG*1*VS*00000
ZA*QS***006*20050704
CTP**UCP*4.5
SDQ*EA*ZZ*3602*1*4093*1*4103*5*4244*1*7132*12*7358*1
CTT*1
SE*9*000000013
ST*852*000000014
XQ*H*20050705
N9*AD*T00000040
LIN**CB*970980116*ZZ*43*UP*831664000965*****DG*1*VS*00000
ZA*QS***006*20050704
CTP**UCP*.35
SDQ*EA*ZZ*4717*1
CTT*1
SE*9*000000014
ST*852*000000015
XQ*H*20050705
N9*AD*T00000040
LIN**CB*970981114*ZZ*43*UP*831664000972*****DG*1*VS*00000
ZA*QS***006*20050704
CTP**UCP*.65
SDQ*EA*ZZ*7255*2
CTT*1
SE*9*000000015
ST*852*000000016
XQ*H*20050705
N9*AD*T00000040
LIN**CB*970988119*ZZ*43*UP*831664001047*****DG*1*VS*00000
ZA*QS***006*20050704
CTP**UCP*.5
SDQ*EA*ZZ*3644*16*3703*2*4093*51*4103*18*7132*67*7358*12
CTT*1
SE*9*000000016
ST*852*000000017
XQ*H*20050705
N9*AD*T00000040
LIN**CB*974551111*ZZ*43*UP*831664001061*****DG*1*VS*00000
ZA*QS***006*20050704
CTP**UCP*2
SDQ*EA*ZZ*3931*4*3966*3*4071*2*4093*7*4760*4*4883*2*7069*4*7132*2*7146*2*7184*24
SDQ*EA*ZZ*7358*14*7461*2*9621*1*9629*3*9648*1*9674*6
CTT*1
SE*10*000000017
GE*17*150
IEA*1*000000773
*** SUPERTRACS READY FOR INPUT
