ISA*00*          *00*          *09*006985290EFT   *12*6154525825     *050919*1440*U*00400*000100299*0*P*>
GS*RA*006985290EFT*6154525825*20050919*14401085*100208*X*004010
ST*820*000000001
BPR*I*434.46*C*ACH*CCP*01*021000018*DA*0300955622*9008965873**01*064102601*DA*3000289*20050920*VEN
TRN*3*770139612*9008965873
DTM*097*20050919
N1*PR*KMART CORPORATION*1*008965873
N1*PE*YOUNGS FARMS*92*00069099588
N1*SE*YOUNGS FARMS*92*00069099588
ENT*1
RMR*IK*360220050820*PI*96*96*0
REF*PO*0020050821
REF*ST*03602
REF*DP*043
DTM*999*20050820
RMR*IK*360220050821*PI*1.65*1.65*0
REF*PO*0020050822
REF*ST*03602
REF*DP*043
DTM*999*20050821
RMR*IK*360220050822*PI*52.8*52.8*0
REF*PO*0020050823
REF*ST*03602
REF*DP*043
DTM*999*20050822
RMR*IK*383620050820*PI*2.4*2.4*0
REF*PO*0020050821
REF*ST*03836
REF*DP*043
DTM*999*20050820
RMR*IK*383620050822*PI*2.4*2.4*0
REF*PO*0020050823
REF*ST*03836
REF*DP*043
DTM*999*20050822
RMR*IK*384820050818*PI*.65*.65*0
REF*PO*0020050819
REF*ST*03848
REF*DP*043
DTM*999*20050818
RMR*IK*410320050818*PI*48*48*0
REF*PO*0020050819
REF*ST*04103
REF*DP*043
DTM*999*20050818
RMR*IK*410320050819*PI*40.8*40.8*0
REF*PO*0020050820
REF*ST*04103
REF*DP*043
DTM*999*20050819
RMR*IK*410320050820*PI*31.2*31.2*0
REF*PO*0020050821
REF*ST*04103
REF*DP*043
DTM*999*20050820
RMR*IK*410320050821*PI*21.6*21.6*0
REF*PO*0020050822
REF*ST*04103
REF*DP*043
DTM*999*20050821
RMR*IK*424420050819*PI*9.9*9.9*0
REF*PO*0020050820
REF*ST*04244
REF*DP*043
DTM*999*20050819
RMR*IK*424420050820*PI*32.5*32.5*0
REF*PO*0020050821
REF*ST*04244
REF*DP*043
DTM*999*20050820
RMR*IK*424420050823*PI*3.3*3.3*0
REF*PO*0020050824
REF*ST*04244
REF*DP*043
DTM*999*20050823
RMR*IK*424420050824*PI*4.8*4.8*0
REF*PO*0020050825
REF*ST*04244
REF*DP*043
DTM*999*20050824
RMR*IK*471720050818*PI*2.25*2.25*0
REF*PO*0020050819
REF*ST*04717
REF*DP*043
DTM*999*20050818
RMR*IK*471720050823*PI*1.3*1.3*0
REF*PO*0020050824
REF*ST*04717
REF*DP*043
DTM*999*20050823
RMR*IK*483520050818*PI*1.65*1.65*0
REF*PO*0020050819
REF*ST*04835
REF*DP*043
DTM*999*20050818
RMR*IK*705920050821*PI*3*3*0
REF*PO*0020050822
REF*ST*07059
REF*DP*043
DTM*999*20050821
RMR*IK*706920050823*PI*6.6*6.6*0
REF*PO*0020050824
REF*ST*07069
REF*DP*043
DTM*999*20050823
RMR*IK*718420050818*PI*1.16*1.16*0
REF*PO*0020050819
REF*ST*07184
REF*DP*043
DTM*999*20050818
RMR*IK*735820050818*PI*9*9*0
REF*PO*0020050819
REF*ST*07358
REF*DP*043
DTM*999*20050818
RMR*IK*735820050820*PI*37.8*37.8*0
REF*PO*0020050821
REF*ST*07358
REF*DP*043
DTM*999*20050820
RMR*IK*735820050821*PI*4.8*4.8*0
REF*PO*0020050822
REF*ST*07358
REF*DP*043
DTM*999*20050821
RMR*IK*735820050822*PI*13.5*13.5*0
REF*PO*0020050823
REF*ST*07358
REF*DP*043
DTM*999*20050822
RMR*IK*746020050819*PI*2.4*2.4*0
REF*PO*0020050820
REF*ST*07460
REF*DP*043
DTM*999*20050819
RMR*IK*763720050821*PI*3*3*0
REF*PO*0020050822
REF*ST*07637
REF*DP*043
DTM*999*20050821
SE*139*000000001
GE*1*100208
IEA*1*000100299
ISA*00*          *00*          *09*006985290AC    *12*6154525825     *050920*0433*U*00400*000000849*0*P*>
GS*PD*006985290AC*6154525825*20050920*04333713*226*X*004010
ST*852*000000001
XQ*H*20050920
N9*AD*T00000040
LIN**CB*970956116*ZZ*43*UP*831664000019*****DG*1*VS*00000
ZA*QS***006*20050919
CTP**UCP*1.03
SDQ*EA*ZZ*3143*13*3408*30*3644*8*3646*4*3703*10*3715*2*3822*5*3941*20*4093*16*4103*7
SDQ*EA*ZZ*4244*17*4312*10*4475*19*4717*9*4719*5*4739*1*4835*4*7069*8*7076*4*7132*8
SDQ*EA*ZZ*7255*7*7358*20*7460*4*7461*8*7607*19*9620*2*9625*11*9629*12*9633*10*9648*32
SDQ*EA*ZZ*9674*5*9728*10*9758*6
LIN**CB*970956116*ZZ*43*UP*831664000019*****DG*3*VS*00000
ZA*QS***006*20050919
CTP**UCP*1.03
SDQ*EA*ZZ*7362*10
CTT*2
SE*16*000000001
ST*852*000000002
XQ*H*20050920
N9*AD*T00000040
LIN**CB*970961116*ZZ*43*UP*831664000330*****DG*1*VS*00000
ZA*QS***006*20050919
CTP**UCP*.75
SDQ*EA*ZZ*4103*1
CTT*1
SE*9*000000002
ST*852*000000003
XQ*H*20050920
N9*AD*T00000040
LIN**CB*970976114*ZZ*43*UP*831664000514*****DG*1*VS*00000
ZA*QS***006*20050919
CTP**UCP*1.25
SDQ*EA*ZZ*3083*6*3143*11*3241*2*3408*9*3422*9*3759*10*3812*1*3822*3*4030*3*4048*3
SDQ*EA*ZZ*4093*3*4103*4*4244*8*4293*1*4304*3*4433*1*4719*3*7021*5*7132*4*7460*2
SDQ*EA*ZZ*7461*2*7543*2*9351*2*9353*13*9532*1*9629*5*9633*15
LIN**CB*970976114*ZZ*43*UP*831664000514*****DG*4*VS*00000
ZA*QS***006*20050919
CTP**UCP*1.25
SDQ*EA*ZZ*3759*12
LIN**CB*970976114*ZZ*43*UP*831664000514*****DG*5*VS*00000
ZA*QS***006*20050919
CTP**UCP*1.25
SDQ*EA*ZZ*3759*1
LIN**CB*970976114*ZZ*43*UP*831664000514*****DG*6*VS*00000
ZA*QS***006*20050919
CTP**UCP*1.25
SDQ*EA*ZZ*7018*6
CTT*4
SE*23*000000003
ST*852*000000004
XQ*H*20050920
N9*AD*T00000040
LIN**CB*970977112*ZZ*43*UP*831664000521*****DG*1*VS*00000
ZA*QS***006*20050918
CTP**UCP*2.1
SDQ*EA*ZZ*5023*2*7184*-1
ZA*QS***006*20050919
CTP**UCP*2.1
SDQ*EA*ZZ*3063*3*3083*12*3084*24*3103*12*3143*5*3348*7*3359*11*3408*19*3602*6*3644*16
SDQ*EA*ZZ*3646*17*3660*11*3672*10*3685*3*3703*15*3713*15*3715*15*3759*3*3822*5*3848*1
SDQ*EA*ZZ*3941*2*3966*2*3978*18*4071*11*4093*30*4103*9*4213*8*4244*9*4304*1*4308*12
SDQ*EA*ZZ*4312*17*4475*6*4717*5*4719*9*4739*4*4753*4*4769*3*4817*1*4835*10*4970*10
SDQ*EA*ZZ*7045*23*7059*4*7066*7*7069*16*7076*1*7132*15*7154*3*7184*12*7255*14*7324*2
SDQ*EA*ZZ*7358*16*7362*16*7460*5*7461*3*7607*14*7610*7*7629*2*7718*3*7719*4*9331*3
SDQ*EA*ZZ*9338*1*9620*5*9621*14*9622*2*9625*1*9629*40*9633*9*9639*2*9648*11*9674*5
SDQ*EA*ZZ*9758*2
LIN**CB*970977112*ZZ*43*UP*831664000521*****DG*4*VS*00000
ZA*QS***006*20050919
CTP**UCP*2.1
SDQ*EA*ZZ*3103*1
LIN**CB*970977112*ZZ*43*UP*831664000521*****DG*8*VS*00000
ZA*QS***006*20050919
CTP**UCP*2.1
SDQ*EA*ZZ*7461*4
CTT*3
SE*27*000000004
ST*852*000000005
XQ*H*20050920
N9*AD*T00000040
LIN**CB*970978110*ZZ*43*UP*831664000538*****DG*1*VS*00000
ZA*QS***006*20050919
CTP**UCP*6.75
SDQ*EA*ZZ*3063*1*3103*2*3408*1*3602*1*3646*3*3660*1*3672*5*3703*3*3713*2*3929*2
SDQ*EA*ZZ*3931*5*3966*1*3978*5*3996*2*4103*1*4244*4*4717*2*4719*4*7066*3*7154*3
SDQ*EA*ZZ*7184*5*7255*2*7358*2*7610*2*9625*2*9633*4*9674*2
CTT*1
SE*11*000000005
GE*5*226
IEA*1*000000849
*** SUPERTRACS READY FOR INPUT
