ISA*00*          *00*          *09*006985290EFT   *12*6154525825     *070810*2236*U*00400*001000081*0*P*>
GS*RA*006985290EFT*6154525825*20070810*2236*1000081*X*004010
ST*820*0001
BPR*I*34427.85*C*ACH*CCP*01*021000018*DA*0300955622*9008965873**01*064102601*DA*3000289*20070814*VEN
TRN*3*770236166*9008965873
DTM*097*20070810
N1*PR*KMART CORPORATION*1*008965873
N1*PE*YOUNGS FARMS*92*00069099588
N1*SE*YOUNGS FARMS*92*00069099588
ENT*1
RMR*IK*306320070712*PI*140*140*0
REF*PO*0020070713
REF*ST*03063
REF*DP*043
DTM*999*20070712
RMR*IK*306320070713*PI*153.7*153.7*0
REF*PO*0020070714
REF*ST*03063
REF*DP*043
DTM*999*20070713
RMR*IK*306320070714*PI*38.55*38.55*0
REF*PO*0020070715
REF*ST*03063
REF*DP*043
DTM*999*20070714
RMR*IK*306320070715*PI*25.4*25.4*0
REF*PO*0020070716
REF*ST*03063
REF*DP*043
DTM*999*20070715
RMR*IK*306320070716*PI*46.5*46.5*0
REF*PO*0020070717
REF*ST*03063
REF*DP*043
DTM*999*20070716
RMR*IK*306320070717*PI*93.05*93.05*0
REF*PO*0020070718
REF*ST*03063
REF*DP*043
DTM*999*20070717
RMR*IK*306320070718*PI*68.85*68.85*0
REF*PO*0020070719
REF*ST*03063
REF*DP*043
DTM*999*20070718
RMR*IK*308220070713*PI*.7*.7*0
REF*PO*0020070714
REF*ST*03082
REF*DP*043
DTM*999*20070713
RMR*IK*308220070714*PI*.7*.7*0
REF*PO*0020070715
REF*ST*03082
REF*DP*043
DTM*999*20070714
RMR*IK*308320070713*PI*109.05*109.05*0
REF*PO*0020070714
REF*ST*03083
REF*DP*043
DTM*999*20070713
RMR*IK*308320070714*PI*193.85*193.85*0
REF*PO*0020070715
REF*ST*03083
REF*DP*043
DTM*999*20070714
RMR*IK*308320070715*PI*71.25*71.25*0
REF*PO*0020070716
REF*ST*03083
REF*DP*043
DTM*999*20070715
RMR*IK*308320070716*PI*31.3*31.3*0
REF*PO*0020070717
REF*ST*03083
REF*DP*043
DTM*999*20070716
RMR*IK*308320070717*PI*96.9*96.9*0
REF*PO*0020070718
REF*ST*03083
REF*DP*043
DTM*999*20070717
RMR*IK*308320070718*PI*40.65*40.65*0
REF*PO*0020070719
REF*ST*03083
REF*DP*043
DTM*999*20070718
RMR*IK*308420070712*PI*151.95*151.95*0
REF*PO*0020070713
REF*ST*03084
REF*DP*043
DTM*999*20070712
RMR*IK*308420070713*PI*126.3*126.3*0
REF*PO*0020070714
REF*ST*03084
REF*DP*043
DTM*999*20070713
RMR*IK*308420070714*PI*177.3*177.3*0
REF*PO*0020070715
REF*ST*03084
REF*DP*043
DTM*999*20070714
RMR*IK*308420070715*PI*151.7*151.7*0
REF*PO*0020070716
REF*ST*03084
REF*DP*043
DTM*999*20070715
RMR*IK*308420070716*PI*90.2*90.2*0
REF*PO*0020070717
REF*ST*03084
REF*DP*043
DTM*999*20070716
RMR*IK*308420070717*PI*182.1*182.1*0
REF*PO*0020070718
REF*ST*03084
REF*DP*043
DTM*999*20070717
RMR*IK*308420070718*PI*91.1*91.1*0
REF*PO*0020070719
REF*ST*03084
REF*DP*043
DTM*999*20070718
RMR*IK*310320070712*PI*42.8*42.8*0
REF*PO*0020070713
REF*ST*03103
REF*DP*043
DTM*999*20070712
RMR*IK*310320070713*PI*58.65*58.65*0
REF*PO*0020070714
REF*ST*03103
REF*DP*043
DTM*999*20070713
RMR*IK*310320070714*PI*9.25*9.25*0
REF*PO*0020070715
REF*ST*03103
REF*DP*043
DTM*999*20070714
RMR*IK*310320070715*PI*6*6*0
REF*PO*0020070716
REF*ST*03103
REF*DP*043
DTM*999*20070715
RMR*IK*310320070717*PI*13.05*13.05*0
REF*PO*0020070718
REF*ST*03103
REF*DP*043
DTM*999*20070717
RMR*IK*310320070718*PI*6*6*0
REF*PO*0020070719
REF*ST*03103
REF*DP*043
DTM*999*20070718
RMR*IK*314320070712*PI*68.1*68.1*0
REF*PO*0020070713
REF*ST*03143
REF*DP*043
DTM*999*20070712
RMR*IK*314320070713*PI*94.8*94.8*0
REF*PO*0020070714
REF*ST*03143
REF*DP*043
DTM*999*20070713
RMR*IK*314320070714*PI*29.8*29.8*0
REF*PO*0020070715
REF*ST*03143
REF*DP*043
DTM*999*20070714
RMR*IK*314320070715*PI*24.75*24.75*0
REF*PO*0020070716
REF*ST*03143
REF*DP*043
DTM*999*20070715
RMR*IK*314320070716*PI*34.3*34.3*0
REF*PO*0020070717
REF*ST*03143
REF*DP*043
DTM*999*20070716
RMR*IK*314320070717*PI*119.8*119.8*0
REF*PO*0020070718
REF*ST*03143
REF*DP*043
DTM*999*20070717
RMR*IK*314320070718*PI*199.55*199.55*0
REF*PO*0020070719
REF*ST*03143
REF*DP*043
DTM*999*20070718
RMR*IK*319420070712*PI*2.8*2.8*0
REF*PO*0020070713
REF*ST*03194
REF*DP*043
DTM*999*20070712
RMR*IK*319420070713*PI*16.75*16.75*0
REF*PO*0020070714
REF*ST*03194
REF*DP*043
DTM*999*20070713
RMR*IK*319420070714*PI*8.95*8.95*0
REF*PO*0020070715
REF*ST*03194
REF*DP*043
DTM*999*20070714
RMR*IK*319420070715*PI*11.3*11.3*0
REF*PO*0020070716
REF*ST*03194
REF*DP*043
DTM*999*20070715
RMR*IK*319420070716*PI*7.05*7.05*0
REF*PO*0020070717
REF*ST*03194
REF*DP*043
DTM*999*20070716
RMR*IK*319420070717*PI*2.8*2.8*0
REF*PO*0020070718
REF*ST*03194
REF*DP*043
DTM*999*20070717
RMR*IK*319420070718*PI*10.7*10.7*0
REF*PO*0020070719
REF*ST*03194
REF*DP*043
DTM*999*20070718
RMR*IK*321920070713*PI*3*3*0
REF*PO*0020070714
REF*ST*03219
REF*DP*043
DTM*999*20070713
RMR*IK*322020070715*PI*4.25*4.25*0
REF*PO*0020070716
REF*ST*03220
REF*DP*043
DTM*999*20070715
RMR*IK*322320070712*PI*.7*.7*0
REF*PO*0020070713
REF*ST*03223
REF*DP*043
DTM*999*20070712
RMR*IK*322320070715*PI*.7*.7*0
REF*PO*0020070716
REF*ST*03223
REF*DP*043
DTM*999*20070715
RMR*IK*322320070716*PI*.35*.35*0
REF*PO*0020070717
REF*ST*03223
REF*DP*043
DTM*999*20070716
RMR*IK*328920070712*PI*2.8*2.8*0
REF*PO*0020070713
REF*ST*03289
REF*DP*043
DTM*999*20070712
RMR*IK*328920070713*PI*1.4*1.4*0
REF*PO*0020070714
REF*ST*03289
REF*DP*043
DTM*999*20070713
RMR*IK*328920070714*PI*29.4*29.4*0
REF*PO*0020070715
REF*ST*03289
REF*DP*043
DTM*999*20070714
RMR*IK*328920070717*PI*3.5*3.5*0
REF*PO*0020070718
REF*ST*03289
REF*DP*043
DTM*999*20070717
RMR*IK*334820070712*PI*18.3*18.3*0
REF*PO*0020070713
REF*ST*03348
REF*DP*043
DTM*999*20070712
RMR*IK*334820070713*PI*12.7*12.7*0
REF*PO*0020070714
REF*ST*03348
REF*DP*043
DTM*999*20070713
RMR*IK*334820070714*PI*16.65*16.65*0
REF*PO*0020070715
REF*ST*03348
REF*DP*043
DTM*999*20070714
RMR*IK*334820070715*PI*19.4*19.4*0
REF*PO*0020070716
REF*ST*03348
REF*DP*043
DTM*999*20070715
RMR*IK*334820070716*PI*13.45*13.45*0
REF*PO*0020070717
REF*ST*03348
REF*DP*043
DTM*999*20070716
RMR*IK*334820070717*PI*11.3*11.3*0
REF*PO*0020070718
REF*ST*03348
REF*DP*043
DTM*999*20070717
RMR*IK*334820070718*PI*2.1*2.1*0
REF*PO*0020070719
REF*ST*03348
REF*DP*043
DTM*999*20070718
RMR*IK*335920070712*PI*3.65*3.65*0
REF*PO*0020070713
REF*ST*03359
REF*DP*043
DTM*999*20070712
RMR*IK*335920070713*PI*2.1*2.1*0
REF*PO*0020070714
REF*ST*03359
REF*DP*043
DTM*999*20070713
RMR*IK*335920070714*PI*7.35*7.35*0
REF*PO*0020070715
REF*ST*03359
REF*DP*043
DTM*999*20070714
RMR*IK*335920070715*PI*17.15*17.15*0
REF*PO*0020070716
REF*ST*03359
REF*DP*043
DTM*999*20070715
RMR*IK*335920070716*PI*3.85*3.85*0
REF*PO*0020070717
REF*ST*03359
REF*DP*043
DTM*999*20070716
RMR*IK*335920070717*PI*4.35*4.35*0
REF*PO*0020070718
REF*ST*03359
REF*DP*043
DTM*999*20070717
RMR*IK*340820070712*PI*30.3*30.3*0
REF*PO*0020070713
REF*ST*03408
REF*DP*043
DTM*999*20070712
RMR*IK*340820070713*PI*15.7*15.7*0
REF*PO*0020070714
REF*ST*03408
REF*DP*043
DTM*999*20070713
RMR*IK*340820070714*PI*24.3*24.3*0
REF*PO*0020070715
REF*ST*03408
REF*DP*043
DTM*999*20070714
RMR*IK*340820070715*PI*9.5*9.5*0
REF*PO*0020070716
REF*ST*03408
REF*DP*043
DTM*999*20070715
RMR*IK*340820070716*PI*29.8*29.8*0
REF*PO*0020070717
REF*ST*03408
REF*DP*043
DTM*999*20070716
RMR*IK*340820070717*PI*2.8*2.8*0
REF*PO*0020070718
REF*ST*03408
REF*DP*043
DTM*999*20070717
RMR*IK*340820070718*PI*20.6*20.6*0
REF*PO*0020070719
REF*ST*03408
REF*DP*043
DTM*999*20070718
RMR*IK*341020070713*PI*5.25*5.25*0
REF*PO*0020070714
REF*ST*03410
REF*DP*043
DTM*999*20070713
RMR*IK*341020070715*PI*5.25*5.25*0
REF*PO*0020070716
REF*ST*03410
REF*DP*043
DTM*999*20070715
RMR*IK*341020070717*PI*5.25*5.25*0
REF*PO*0020070718
REF*ST*03410
REF*DP*043
DTM*999*20070717
RMR*IK*341020070718*PI*10.5*10.5*0
REF*PO*0020070719
REF*ST*03410
REF*DP*043
DTM*999*20070718
RMR*IK*360220070713*PI*5.7*5.7*0
REF*PO*0020070714
REF*ST*03602
REF*DP*043
DTM*999*20070713
RMR*IK*360220070716*PI*24.4*24.4*0
REF*PO*0020070717
REF*ST*03602
REF*DP*043
DTM*999*20070716
RMR*IK*360220070717*PI*2.1*2.1*0
REF*PO*0020070718
REF*ST*03602
REF*DP*043
DTM*999*20070717
RMR*IK*360220070718*PI*3.25*3.25*0
REF*PO*0020070719
REF*ST*03602
REF*DP*043
DTM*999*20070718
RMR*IK*364420070712*PI*160.3*160.3*0
REF*PO*0020070713
REF*ST*03644
REF*DP*043
DTM*999*20070712
RMR*IK*364420070713*PI*144*144*0
REF*PO*0020070714
REF*ST*03644
REF*DP*043
DTM*999*20070713
RMR*IK*364420070714*PI*155.4*155.4*0
REF*PO*0020070715
REF*ST*03644
REF*DP*043
DTM*999*20070714
RMR*IK*364420070715*PI*156.75*156.75*0
REF*PO*0020070716
REF*ST*03644
REF*DP*043
DTM*999*20070715
RMR*IK*364420070716*PI*128.7*128.7*0
REF*PO*0020070717
REF*ST*03644
REF*DP*043
DTM*999*20070716
RMR*IK*364420070717*PI*72.9*72.9*0
REF*PO*0020070718
REF*ST*03644
REF*DP*043
DTM*999*20070717
RMR*IK*364420070718*PI*44.05*44.05*0
REF*PO*0020070719
REF*ST*03644
REF*DP*043
DTM*999*20070718
RMR*IK*364620070712*PI*179.6*179.6*0
REF*PO*0020070713
REF*ST*03646
REF*DP*043
DTM*999*20070712
RMR*IK*364620070713*PI*372.6*372.6*0
REF*PO*0020070714
REF*ST*03646
REF*DP*043
DTM*999*20070713
RMR*IK*364620070714*PI*341.7*341.7*0
REF*PO*0020070715
REF*ST*03646
REF*DP*043
DTM*999*20070714
RMR*IK*364620070715*PI*228.4*228.4*0
REF*PO*0020070716
REF*ST*03646
REF*DP*043
DTM*999*20070715
RMR*IK*364620070716*PI*192*192*0
REF*PO*0020070717
REF*ST*03646
REF*DP*043
DTM*999*20070716
RMR*IK*364620070717*PI*151.2*151.2*0
REF*PO*0020070718
REF*ST*03646
REF*DP*043
DTM*999*20070717
RMR*IK*364620070718*PI*226.9*226.9*0
REF*PO*0020070719
REF*ST*03646
REF*DP*043
DTM*999*20070718
RMR*IK*366020070712*PI*1.4*1.4*0
REF*PO*0020070713
REF*ST*03660
REF*DP*043
DTM*999*20070712
RMR*IK*366120070713*PI*84.7*84.7*0
REF*PO*0020070714
REF*ST*03661
REF*DP*043
DTM*999*20070713
RMR*IK*366120070714*PI*.7*.7*0
REF*PO*0020070715
REF*ST*03661
REF*DP*043
DTM*999*20070714
RMR*IK*366120070716*PI*3*3*0
REF*PO*0020070717
REF*ST*03661
REF*DP*043
DTM*999*20070716
RMR*IK*366120070718*PI*.7*.7*0
REF*PO*0020070719
REF*ST*03661
REF*DP*043
DTM*999*20070718
RMR*IK*367220070712*PI*16.4*16.4*0
REF*PO*0020070713
REF*ST*03672
REF*DP*043
DTM*999*20070712
RMR*IK*367220070713*PI*11.55*11.55*0
REF*PO*0020070714
REF*ST*03672
REF*DP*043
DTM*999*20070713
RMR*IK*367220070714*PI*9.9*9.9*0
REF*PO*0020070715
REF*ST*03672
REF*DP*043
DTM*999*20070714
RMR*IK*367220070715*PI*12.15*12.15*0
REF*PO*0020070716
REF*ST*03672
REF*DP*043
DTM*999*20070715
RMR*IK*367220070716*PI*14.2*14.2*0
REF*PO*0020070717
REF*ST*03672
REF*DP*043
DTM*999*20070716
RMR*IK*367220070717*PI*32.1*32.1*0
REF*PO*0020070718
REF*ST*03672
REF*DP*043
DTM*999*20070717
RMR*IK*367220070718*PI*17.3*17.3*0
REF*PO*0020070719
REF*ST*03672
REF*DP*043
DTM*999*20070718
RMR*IK*367520070712*PI*11.55*11.55*0
REF*PO*0020070713
REF*ST*03675
REF*DP*043
DTM*999*20070712
RMR*IK*367520070718*PI*3*3*0
REF*PO*0020070719
REF*ST*03675
REF*DP*043
DTM*999*20070718
RMR*IK*368520070712*PI*39.8*39.8*0
REF*PO*0020070713
REF*ST*03685
REF*DP*043
DTM*999*20070712
RMR*IK*368520070713*PI*8.05*8.05*0
REF*PO*0020070714
REF*ST*03685
REF*DP*043
DTM*999*20070713
RMR*IK*368520070714*PI*25.3*25.3*0
REF*PO*0020070715
REF*ST*03685
REF*DP*043
DTM*999*20070714
RMR*IK*368520070715*PI*17.3*17.3*0
REF*PO*0020070716
REF*ST*03685
REF*DP*043
DTM*999*20070715
RMR*IK*368520070716*PI*31.1*31.1*0
REF*PO*0020070717
REF*ST*03685
REF*DP*043
DTM*999*20070716
RMR*IK*368520070717*PI*13.3*13.3*0
REF*PO*0020070718
REF*ST*03685
REF*DP*043
DTM*999*20070717
RMR*IK*368520070718*PI*8.4*8.4*0
REF*PO*0020070719
REF*ST*03685
REF*DP*043
DTM*999*20070718
RMR*IK*370120070715*PI*.7*.7*0
REF*PO*0020070716
REF*ST*03701
REF*DP*043
DTM*999*20070715
RMR*IK*370120070718*PI*.7*.7*0
REF*PO*0020070719
REF*ST*03701
REF*DP*043
DTM*999*20070718
RMR*IK*370320070712*PI*218*218*0
REF*PO*0020070713
REF*ST*03703
REF*DP*043
DTM*999*20070712
RMR*IK*370320070713*PI*204.15*204.15*0
REF*PO*0020070714
REF*ST*03703
REF*DP*043
DTM*999*20070713
RMR*IK*370320070714*PI*366.9*366.9*0
REF*PO*0020070715
REF*ST*03703
REF*DP*043
DTM*999*20070714
RMR*IK*370320070715*PI*174.5*174.5*0
REF*PO*0020070716
REF*ST*03703
REF*DP*043
DTM*999*20070715
RMR*IK*370320070716*PI*170.7*170.7*0
REF*PO*0020070717
REF*ST*03703
REF*DP*043
DTM*999*20070716
RMR*IK*370320070717*PI*266.4*266.4*0
REF*PO*0020070718
REF*ST*03703
REF*DP*043
DTM*999*20070717
RMR*IK*370320070718*PI*176.05*176.05*0
REF*PO*0020070719
REF*ST*03703
REF*DP*043
DTM*999*20070718
RMR*IK*371320070712*PI*3.7*3.7*0
REF*PO*0020070713
REF*ST*03713
REF*DP*043
DTM*999*20070712
RMR*IK*371320070713*PI*1.75*1.75*0
REF*PO*0020070714
REF*ST*03713
REF*DP*043
DTM*999*20070713
RMR*IK*371320070714*PI*6.15*6.15*0
REF*PO*0020070715
REF*ST*03713
REF*DP*043
DTM*999*20070714
RMR*IK*371320070715*PI*15.9*15.9*0
REF*PO*0020070716
REF*ST*03713
REF*DP*043
DTM*999*20070715
RMR*IK*371320070716*PI*1.4*1.4*0
REF*PO*0020070717
REF*ST*03713
REF*DP*043
DTM*999*20070716
RMR*IK*371320070717*PI*3.25*3.25*0
REF*PO*0020070718
REF*ST*03713
REF*DP*043
DTM*999*20070717
RMR*IK*371320070718*PI*30.3*30.3*0
REF*PO*0020070719
REF*ST*03713
REF*DP*043
DTM*999*20070718
RMR*IK*371520070712*PI*71.2*71.2*0
REF*PO*0020070713
REF*ST*03715
REF*DP*043
DTM*999*20070712
RMR*IK*371520070713*PI*31.75*31.75*0
REF*PO*0020070714
REF*ST*03715
REF*DP*043
DTM*999*20070713
RMR*IK*371520070714*PI*125.3*125.3*0
REF*PO*0020070715
REF*ST*03715
REF*DP*043
DTM*999*20070714
RMR*IK*371520070715*PI*175.15*175.15*0
REF*PO*0020070716
REF*ST*03715
REF*DP*043
DTM*999*20070715
RMR*IK*371520070716*PI*90.95*90.95*0
REF*PO*0020070717
REF*ST*03715
REF*DP*043
DTM*999*20070716
RMR*IK*371520070717*PI*115.1*115.1*0
REF*PO*0020070718
REF*ST*03715
REF*DP*043
DTM*999*20070717
RMR*IK*371520070718*PI*20.5*20.5*0
REF*PO*0020070719
REF*ST*03715
REF*DP*043
DTM*999*20070718
RMR*IK*382220070712*PI*149.1*149.1*0
REF*PO*0020070713
REF*ST*03822
REF*DP*043
DTM*999*20070712
RMR*IK*382220070713*PI*55.3*55.3*0
REF*PO*0020070714
REF*ST*03822
REF*DP*043
DTM*999*20070713
RMR*IK*382220070714*PI*146.9*146.9*0
REF*PO*0020070715
REF*ST*03822
REF*DP*043
DTM*999*20070714
RMR*IK*382220070715*PI*58.3*58.3*0
REF*PO*0020070716
REF*ST*03822
REF*DP*043
DTM*999*20070715
RMR*IK*382220070716*PI*39.4*39.4*0
REF*PO*0020070717
REF*ST*03822
REF*DP*043
DTM*999*20070716
RMR*IK*382220070717*PI*37.45*37.45*0
REF*PO*0020070718
REF*ST*03822
REF*DP*043
DTM*999*20070717
RMR*IK*382220070718*PI*78.95*78.95*0
REF*PO*0020070719
REF*ST*03822
REF*DP*043
DTM*999*20070718
RMR*IK*383620070712*PI*25.2*25.2*0
REF*PO*0020070713
REF*ST*03836
REF*DP*043
DTM*999*20070712
RMR*IK*383620070713*PI*24.9*24.9*0
REF*PO*0020070714
REF*ST*03836
REF*DP*043
DTM*999*20070713
RMR*IK*383620070714*PI*10.2*10.2*0
REF*PO*0020070715
REF*ST*03836
REF*DP*043
DTM*999*20070714
RMR*IK*383620070715*PI*30.65*30.65*0
REF*PO*0020070716
REF*ST*03836
REF*DP*043
DTM*999*20070715
RMR*IK*383620070716*PI*14.35*14.35*0
REF*PO*0020070717
REF*ST*03836
REF*DP*043
DTM*999*20070716
RMR*IK*383620070717*PI*4.4*4.4*0
REF*PO*0020070718
REF*ST*03836
REF*DP*043
DTM*999*20070717
RMR*IK*383620070718*PI*4.65*4.65*0
REF*PO*0020070719
REF*ST*03836
REF*DP*043
DTM*999*20070718
RMR*IK*384820070712*PI*36.4*36.4*0
REF*PO*0020070713
REF*ST*03848
REF*DP*043
DTM*999*20070712
RMR*IK*384820070713*PI*14.5*14.5*0
REF*PO*0020070714
REF*ST*03848
REF*DP*043
DTM*999*20070713
RMR*IK*384820070714*PI*42.5*42.5*0
REF*PO*0020070715
REF*ST*03848
REF*DP*043
DTM*999*20070714
RMR*IK*384820070715*PI*31.2*31.2*0
REF*PO*0020070716
REF*ST*03848
REF*DP*043
DTM*999*20070715
RMR*IK*384820070716*PI*134.05*134.05*0
REF*PO*0020070717
REF*ST*03848
REF*DP*043
DTM*999*20070716
RMR*IK*384820070717*PI*22.45*22.45*0
REF*PO*0020070718
REF*ST*03848
REF*DP*043
DTM*999*20070717
RMR*IK*384820070718*PI*33.35*33.35*0
REF*PO*0020070719
REF*ST*03848
REF*DP*043
DTM*999*20070718
RMR*IK*387620070712*PI*8.85*8.85*0
REF*PO*0020070713
REF*ST*03876
REF*DP*043
DTM*999*20070712
RMR*IK*387620070713*PI*1.4*1.4*0
REF*PO*0020070714
REF*ST*03876
REF*DP*043
DTM*999*20070713
RMR*IK*387620070714*PI*19.75*19.75*0
REF*PO*0020070715
REF*ST*03876
REF*DP*043
DTM*999*20070714
RMR*IK*387620070715*PI*8*8*0
REF*PO*0020070716
REF*ST*03876
REF*DP*043
DTM*999*20070715
RMR*IK*387620070716*PI*6.5*6.5*0
REF*PO*0020070717
REF*ST*03876
REF*DP*043
DTM*999*20070716
RMR*IK*387620070717*PI*22.25*22.25*0
REF*PO*0020070718
REF*ST*03876
REF*DP*043
DTM*999*20070717
RMR*IK*390520070713*PI*5.6*5.6*0
REF*PO*0020070714
REF*ST*03905
REF*DP*043
DTM*999*20070713
RMR*IK*390520070716*PI*.35*.35*0
REF*PO*0020070717
REF*ST*03905
REF*DP*043
DTM*999*20070716
RMR*IK*390520070718*PI*3*3*0
REF*PO*0020070719
REF*ST*03905
REF*DP*043
DTM*999*20070718
RMR*IK*392920070712*PI*5.1*5.1*0
REF*PO*0020070713
REF*ST*03929
REF*DP*043
DTM*999*20070712
RMR*IK*392920070713*PI*12.65*12.65*0
REF*PO*0020070714
REF*ST*03929
REF*DP*043
DTM*999*20070713
RMR*IK*392920070715*PI*.7*.7*0
REF*PO*0020070716
REF*ST*03929
REF*DP*043
DTM*999*20070715
RMR*IK*392920070716*PI*8.4*8.4*0
REF*PO*0020070717
REF*ST*03929
REF*DP*043
DTM*999*20070716
RMR*IK*392920070717*PI*17.35*17.35*0
REF*PO*0020070718
REF*ST*03929
REF*DP*043
DTM*999*20070717
RMR*IK*392920070718*PI*.7*.7*0
REF*PO*0020070719
REF*ST*03929
REF*DP*043
DTM*999*20070718
RMR*IK*393120070712*PI*.35*.35*0
REF*PO*0020070713
REF*ST*03931
REF*DP*043
DTM*999*20070712
RMR*IK*393920070718*PI*3*3*0
REF*PO*0020070719
REF*ST*03939
REF*DP*043
DTM*999*20070718
RMR*IK*394120070712*PI*223.65*223.65*0
REF*PO*0020070713
REF*ST*03941
REF*DP*043
DTM*999*20070712
RMR*IK*394120070713*PI*142.5*142.5*0
REF*PO*0020070714
REF*ST*03941
REF*DP*043
DTM*999*20070713
RMR*IK*394120070714*PI*86.35*86.35*0
REF*PO*0020070715
REF*ST*03941
REF*DP*043
DTM*999*20070714
RMR*IK*394120070715*PI*69.4*69.4*0
REF*PO*0020070716
REF*ST*03941
REF*DP*043
DTM*999*20070715
RMR*IK*394120070716*PI*58.35*58.35*0
REF*PO*0020070717
REF*ST*03941
REF*DP*043
DTM*999*20070716
RMR*IK*394120070717*PI*92.45*92.45*0
REF*PO*0020070718
REF*ST*03941
REF*DP*043
DTM*999*20070717
RMR*IK*394120070718*PI*137.1*137.1*0
REF*PO*0020070719
REF*ST*03941
REF*DP*043
DTM*999*20070718
RMR*IK*394620070713*PI*3.25*3.25*0
REF*PO*0020070714
REF*ST*03946
REF*DP*043
DTM*999*20070713
RMR*IK*395720070712*PI*2.45*2.45*0
REF*PO*0020070713
REF*ST*03957
REF*DP*043
DTM*999*20070712
RMR*IK*396620070712*PI*36.05*36.05*0
REF*PO*0020070713
REF*ST*03966
REF*DP*043
DTM*999*20070712
RMR*IK*396620070713*PI*13.7*13.7*0
REF*PO*0020070714
REF*ST*03966
REF*DP*043
DTM*999*20070713
RMR*IK*396620070714*PI*21.45*21.45*0
REF*PO*0020070715
REF*ST*03966
REF*DP*043
DTM*999*20070714
RMR*IK*396620070715*PI*9.8*9.8*0
REF*PO*0020070716
REF*ST*03966
REF*DP*043
DTM*999*20070715
RMR*IK*396620070716*PI*1.75*1.75*0
REF*PO*0020070717
REF*ST*03966
REF*DP*043
DTM*999*20070716
RMR*IK*396620070717*PI*12.45*12.45*0
REF*PO*0020070718
REF*ST*03966
REF*DP*043
DTM*999*20070717
RMR*IK*396620070718*PI*33.85*33.85*0
REF*PO*0020070719
REF*ST*03966
REF*DP*043
DTM*999*20070718
RMR*IK*396720070712*PI*6.25*6.25*0
REF*PO*0020070713
REF*ST*03967
REF*DP*043
DTM*999*20070712
RMR*IK*396720070713*PI*15.1*15.1*0
REF*PO*0020070714
REF*ST*03967
REF*DP*043
DTM*999*20070713
RMR*IK*396720070714*PI*2.1*2.1*0
REF*PO*0020070715
REF*ST*03967
REF*DP*043
DTM*999*20070714
RMR*IK*396720070715*PI*3*3*0
REF*PO*0020070716
REF*ST*03967
REF*DP*043
DTM*999*20070715
RMR*IK*397520070714*PI*1.4*1.4*0
REF*PO*0020070715
REF*ST*03975
REF*DP*043
DTM*999*20070714
RMR*IK*397520070716*PI*1.4*1.4*0
REF*PO*0020070717
REF*ST*03975
REF*DP*043
DTM*999*20070716
RMR*IK*397520070717*PI*3.6*3.6*0
REF*PO*0020070718
REF*ST*03975
REF*DP*043
DTM*999*20070717
RMR*IK*397820070712*PI*9.2*9.2*0
REF*PO*0020070713
REF*ST*03978
REF*DP*043
DTM*999*20070712
RMR*IK*397820070713*PI*8.4*8.4*0
REF*PO*0020070714
REF*ST*03978
REF*DP*043
DTM*999*20070713
RMR*IK*397820070714*PI*3.25*3.25*0
REF*PO*0020070715
REF*ST*03978
REF*DP*043
DTM*999*20070714
RMR*IK*397820070716*PI*4.9*4.9*0
REF*PO*0020070717
REF*ST*03978
REF*DP*043
DTM*999*20070716
RMR*IK*397820070718*PI*2.8*2.8*0
REF*PO*0020070719
REF*ST*03978
REF*DP*043
DTM*999*20070718
RMR*IK*399120070713*PI*.35*.35*0
REF*PO*0020070714
REF*ST*03991
REF*DP*043
DTM*999*20070713
RMR*IK*399120070716*PI*1.4*1.4*0
REF*PO*0020070717
REF*ST*03991
REF*DP*043
DTM*999*20070716
RMR*IK*399120070717*PI*.35*.35*0
REF*PO*0020070718
REF*ST*03991
REF*DP*043
DTM*999*20070717
RMR*IK*399420070712*PI*2.1*2.1*0
REF*PO*0020070713
REF*ST*03994
REF*DP*043
DTM*999*20070712
RMR*IK*399420070713*PI*1.05*1.05*0
REF*PO*0020070714
REF*ST*03994
REF*DP*043
DTM*999*20070713
RMR*IK*399420070715*PI*15.9*15.9*0
REF*PO*0020070716
REF*ST*03994
REF*DP*043
DTM*999*20070715
RMR*IK*399420070716*PI*7.7*7.7*0
REF*PO*0020070717
REF*ST*03994
REF*DP*043
DTM*999*20070716
RMR*IK*399420070717*PI*1.4*1.4*0
REF*PO*0020070718
REF*ST*03994
REF*DP*043
DTM*999*20070717
RMR*IK*399620070712*PI*18.65*18.65*0
REF*PO*0020070713
REF*ST*03996
REF*DP*043
DTM*999*20070712
RMR*IK*399620070713*PI*21.45*21.45*0
REF*PO*0020070714
REF*ST*03996
REF*DP*043
DTM*999*20070713
RMR*IK*399620070714*PI*30.15*30.15*0
REF*PO*0020070715
REF*ST*03996
REF*DP*043
DTM*999*20070714
RMR*IK*399620070715*PI*4.55*4.55*0
REF*PO*0020070716
REF*ST*03996
REF*DP*043
DTM*999*20070715
RMR*IK*399620070716*PI*16.95*16.95*0
REF*PO*0020070717
REF*ST*03996
REF*DP*043
DTM*999*20070716
RMR*IK*399620070717*PI*1.05*1.05*0
REF*PO*0020070718
REF*ST*03996
REF*DP*043
DTM*999*20070717
RMR*IK*399620070718*PI*10.25*10.25*0
REF*PO*0020070719
REF*ST*03996
REF*DP*043
DTM*999*20070718
RMR*IK*403320070714*PI*1.4*1.4*0
REF*PO*0020070715
REF*ST*04033
REF*DP*043
DTM*999*20070714
RMR*IK*407120070712*PI*45.05*45.05*0
REF*PO*0020070713
REF*ST*04071
REF*DP*043
DTM*999*20070712
RMR*IK*407120070713*PI*42.5*42.5*0
REF*PO*0020070714
REF*ST*04071
REF*DP*043
DTM*999*20070713
RMR*IK*407120070714*PI*43.05*43.05*0
REF*PO*0020070715
REF*ST*04071
REF*DP*043
DTM*999*20070714
RMR*IK*407120070715*PI*19.05*19.05*0
REF*PO*0020070716
REF*ST*04071
REF*DP*043
DTM*999*20070715
RMR*IK*407120070716*PI*37.6*37.6*0
REF*PO*0020070717
REF*ST*04071
REF*DP*043
DTM*999*20070716
RMR*IK*407120070717*PI*28.5*28.5*0
REF*PO*0020070718
REF*ST*04071
REF*DP*043
DTM*999*20070717
RMR*IK*407120070718*PI*7.55*7.55*0
REF*PO*0020070719
REF*ST*04071
REF*DP*043
DTM*999*20070718
RMR*IK*409320070712*PI*267.95*267.95*0
REF*PO*0020070713
REF*ST*04093
REF*DP*043
DTM*999*20070712
RMR*IK*409320070713*PI*173.75*173.75*0
REF*PO*0020070714
REF*ST*04093
REF*DP*043
DTM*999*20070713
RMR*IK*409320070714*PI*257.9*257.9*0
REF*PO*0020070715
REF*ST*04093
REF*DP*043
DTM*999*20070714
RMR*IK*409320070715*PI*170.95*170.95*0
REF*PO*0020070716
REF*ST*04093
REF*DP*043
DTM*999*20070715
RMR*IK*409320070716*PI*146.4*146.4*0
REF*PO*0020070717
REF*ST*04093
REF*DP*043
DTM*999*20070716
RMR*IK*409320070717*PI*97.5*97.5*0
REF*PO*0020070718
REF*ST*04093
REF*DP*043
DTM*999*20070717
RMR*IK*409320070718*PI*209.05*209.05*0
REF*PO*0020070719
REF*ST*04093
REF*DP*043
DTM*999*20070718
RMR*IK*410320070712*PI*160.65*160.65*0
REF*PO*0020070713
REF*ST*04103
REF*DP*043
DTM*999*20070712
RMR*IK*410320070713*PI*200.9*200.9*0
REF*PO*0020070714
REF*ST*04103
REF*DP*043
DTM*999*20070713
RMR*IK*410320070714*PI*323.2*323.2*0
REF*PO*0020070715
REF*ST*04103
REF*DP*043
DTM*999*20070714
RMR*IK*410320070715*PI*213.7*213.7*0
REF*PO*0020070716
REF*ST*04103
REF*DP*043
DTM*999*20070715
RMR*IK*410320070716*PI*141.8*141.8*0
REF*PO*0020070717
REF*ST*04103
REF*DP*043
DTM*999*20070716
RMR*IK*410320070717*PI*191.75*191.75*0
REF*PO*0020070718
REF*ST*04103
REF*DP*043
DTM*999*20070717
RMR*IK*410320070718*PI*120.55*120.55*0
REF*PO*0020070719
REF*ST*04103
REF*DP*043
DTM*999*20070718
RMR*IK*412220070714*PI*7.7*7.7*0
REF*PO*0020070715
REF*ST*04122
REF*DP*043
DTM*999*20070714
RMR*IK*412220070718*PI*1.4*1.4*0
REF*PO*0020070719
REF*ST*04122
REF*DP*043
DTM*999*20070718
RMR*IK*419820070712*PI*1.4*1.4*0
REF*PO*0020070713
REF*ST*04198
REF*DP*043
DTM*999*20070712
RMR*IK*419820070713*PI*3.7*3.7*0
REF*PO*0020070714
REF*ST*04198
REF*DP*043
DTM*999*20070713
RMR*IK*419820070714*PI*3.7*3.7*0
REF*PO*0020070715
REF*ST*04198
REF*DP*043
DTM*999*20070714
RMR*IK*419820070715*PI*.7*.7*0
REF*PO*0020070716
REF*ST*04198
REF*DP*043
DTM*999*20070715
RMR*IK*419820070716*PI*6.85*6.85*0
REF*PO*0020070717
REF*ST*04198
REF*DP*043
DTM*999*20070716
RMR*IK*419820070717*PI*26.95*26.95*0
REF*PO*0020070718
REF*ST*04198
REF*DP*043
DTM*999*20070717
RMR*IK*419820070718*PI*1.75*1.75*0
REF*PO*0020070719
REF*ST*04198
REF*DP*043
DTM*999*20070718
RMR*IK*424420070712*PI*332.7*332.7*0
REF*PO*0020070713
REF*ST*04244
REF*DP*043
DTM*999*20070712
RMR*IK*424420070713*PI*273.4*273.4*0
REF*PO*0020070714
REF*ST*04244
REF*DP*043
DTM*999*20070713
RMR*IK*424420070714*PI*452.3*452.3*0
REF*PO*0020070715
REF*ST*04244
REF*DP*043
DTM*999*20070714
RMR*IK*424420070715*PI*226.15*226.15*0
REF*PO*0020070716
REF*ST*04244
REF*DP*043
DTM*999*20070715
RMR*IK*424420070716*PI*76.4*76.4*0
REF*PO*0020070717
REF*ST*04244
REF*DP*043
DTM*999*20070716
RMR*IK*424420070717*PI*273.25*273.25*0
REF*PO*0020070718
REF*ST*04244
REF*DP*043
DTM*999*20070717
RMR*IK*424420070718*PI*147.95*147.95*0
REF*PO*0020070719
REF*ST*04244
REF*DP*043
DTM*999*20070718
RMR*IK*430820070712*PI*86.75*86.75*0
REF*PO*0020070713
REF*ST*04308
REF*DP*043
DTM*999*20070712
RMR*IK*430820070713*PI*17.1*17.1*0
REF*PO*0020070714
REF*ST*04308
REF*DP*043
DTM*999*20070713
RMR*IK*430820070714*PI*31.9*31.9*0
REF*PO*0020070715
REF*ST*04308
REF*DP*043
DTM*999*20070714
RMR*IK*430820070715*PI*54.85*54.85*0
REF*PO*0020070716
REF*ST*04308
REF*DP*043
DTM*999*20070715
RMR*IK*430820070716*PI*26.45*26.45*0
REF*PO*0020070717
REF*ST*04308
REF*DP*043
DTM*999*20070716
RMR*IK*430820070717*PI*55.75*55.75*0
REF*PO*0020070718
REF*ST*04308
REF*DP*043
DTM*999*20070717
RMR*IK*430820070718*PI*47.35*47.35*0
REF*PO*0020070719
REF*ST*04308
REF*DP*043
DTM*999*20070718
RMR*IK*431220070712*PI*27.25*27.25*0
REF*PO*0020070713
REF*ST*04312
REF*DP*043
DTM*999*20070712
RMR*IK*431220070713*PI*21.55*21.55*0
REF*PO*0020070714
REF*ST*04312
REF*DP*043
DTM*999*20070713
RMR*IK*431220070714*PI*13.4*13.4*0
REF*PO*0020070715
REF*ST*04312
REF*DP*043
DTM*999*20070714
RMR*IK*431220070715*PI*34.5*34.5*0
REF*PO*0020070716
REF*ST*04312
REF*DP*043
DTM*999*20070715
RMR*IK*431220070716*PI*25.95*25.95*0
REF*PO*0020070717
REF*ST*04312
REF*DP*043
DTM*999*20070716
RMR*IK*431220070717*PI*22.1*22.1*0
REF*PO*0020070718
REF*ST*04312
REF*DP*043
DTM*999*20070717
RMR*IK*431220070718*PI*5.1*5.1*0
REF*PO*0020070719
REF*ST*04312
REF*DP*043
DTM*999*20070718
RMR*IK*447520070712*PI*42.9*42.9*0
REF*PO*0020070713
REF*ST*04475
REF*DP*043
DTM*999*20070712
RMR*IK*447520070713*PI*20.9*20.9*0
REF*PO*0020070714
REF*ST*04475
REF*DP*043
DTM*999*20070713
RMR*IK*447520070714*PI*35.95*35.95*0
REF*PO*0020070715
REF*ST*04475
REF*DP*043
DTM*999*20070714
RMR*IK*447520070715*PI*36.35*36.35*0
REF*PO*0020070716
REF*ST*04475
REF*DP*043
DTM*999*20070715
RMR*IK*447520070716*PI*15.55*15.55*0
REF*PO*0020070717
REF*ST*04475
REF*DP*043
DTM*999*20070716
RMR*IK*447520070717*PI*23*23*0
REF*PO*0020070718
REF*ST*04475
REF*DP*043
DTM*999*20070717
RMR*IK*447520070718*PI*41.95*41.95*0
REF*PO*0020070719
REF*ST*04475
REF*DP*043
DTM*999*20070718
RMR*IK*448920070714*PI*8.4*8.4*0
REF*PO*0020070715
REF*ST*04489
REF*DP*043
DTM*999*20070714
RMR*IK*448920070717*PI*2.1*2.1*0
REF*PO*0020070718
REF*ST*04489
REF*DP*043
DTM*999*20070717
RMR*IK*471720070712*PI*65.05*65.05*0
REF*PO*0020070713
REF*ST*04717
REF*DP*043
DTM*999*20070712
RMR*IK*471720070713*PI*144.3*144.3*0
REF*PO*0020070714
REF*ST*04717
REF*DP*043
DTM*999*20070713
RMR*IK*471720070714*PI*219.05*219.05*0
REF*PO*0020070715
REF*ST*04717
REF*DP*043
DTM*999*20070714
RMR*IK*471720070715*PI*87.15*87.15*0
REF*PO*0020070716
REF*ST*04717
REF*DP*043
DTM*999*20070715
RMR*IK*471720070716*PI*75.05*75.05*0
REF*PO*0020070717
REF*ST*04717
REF*DP*043
DTM*999*20070716
RMR*IK*471720070717*PI*22.5*22.5*0
REF*PO*0020070719
REF*ST*04717
REF*DP*043
DTM*999*20070717
RMR*IK*471720070717*PI*15.8*15.8*0
REF*PO*0020070718
REF*ST*04717
REF*DP*043
DTM*999*20070717
RMR*IK*471720070718*PI*86.45*86.45*0
REF*PO*0020070719
REF*ST*04717
REF*DP*043
DTM*999*20070718
RMR*IK*471920070712*PI*161.7*161.7*0
REF*PO*0020070713
REF*ST*04719
REF*DP*043
DTM*999*20070712
RMR*IK*471920070713*PI*419.25*419.25*0
REF*PO*0020070714
REF*ST*04719
REF*DP*043
DTM*999*20070713
RMR*IK*471920070714*PI*269.25*269.25*0
REF*PO*0020070715
REF*ST*04719
REF*DP*043
DTM*999*20070714
RMR*IK*471920070715*PI*242.25*242.25*0
REF*PO*0020070716
REF*ST*04719
REF*DP*043
DTM*999*20070715
RMR*IK*471920070716*PI*237.8*237.8*0
REF*PO*0020070717
REF*ST*04719
REF*DP*043
DTM*999*20070716
RMR*IK*471920070717*PI*88.15*88.15*0
REF*PO*0020070718
REF*ST*04719
REF*DP*043
DTM*999*20070717
RMR*IK*471920070718*PI*87.2*87.2*0
REF*PO*0020070719
REF*ST*04719
REF*DP*043
DTM*999*20070718
RMR*IK*472320070714*PI*.7*.7*0
REF*PO*0020070715
REF*ST*04723
REF*DP*043
DTM*999*20070714
RMR*IK*472320070717*PI*.7*.7*0
REF*PO*0020070718
REF*ST*04723
REF*DP*043
DTM*999*20070717
RMR*IK*473920070712*PI*62.65*62.65*0
REF*PO*0020070713
REF*ST*04739
REF*DP*043
DTM*999*20070712
RMR*IK*473920070713*PI*67.2*67.2*0
REF*PO*0020070714
REF*ST*04739
REF*DP*043
DTM*999*20070713
RMR*IK*473920070714*PI*67.95*67.95*0
REF*PO*0020070715
REF*ST*04739
REF*DP*043
DTM*999*20070714
RMR*IK*473920070715*PI*39.05*39.05*0
REF*PO*0020070716
REF*ST*04739
REF*DP*043
DTM*999*20070715
RMR*IK*473920070716*PI*15*15*0
REF*PO*0020070717
REF*ST*04739
REF*DP*043
DTM*999*20070716
RMR*IK*473920070717*PI*14.15*14.15*0
REF*PO*0020070718
REF*ST*04739
REF*DP*043
DTM*999*20070717
RMR*IK*473920070718*PI*17.65*17.65*0
REF*PO*0020070719
REF*ST*04739
REF*DP*043
DTM*999*20070718
RMR*IK*475320070712*PI*4.4*4.4*0
REF*PO*0020070713
REF*ST*04753
REF*DP*043
DTM*999*20070712
RMR*IK*475320070713*PI*13.75*13.75*0
REF*PO*0020070714
REF*ST*04753
REF*DP*043
DTM*999*20070713
RMR*IK*475320070714*PI*5.1*5.1*0
REF*PO*0020070715
REF*ST*04753
REF*DP*043
DTM*999*20070714
RMR*IK*475320070715*PI*1.75*1.75*0
REF*PO*0020070716
REF*ST*04753
REF*DP*043
DTM*999*20070715
RMR*IK*475320070716*PI*24.55*24.55*0
REF*PO*0020070717
REF*ST*04753
REF*DP*043
DTM*999*20070716
RMR*IK*475320070717*PI*4.05*4.05*0
REF*PO*0020070718
REF*ST*04753
REF*DP*043
DTM*999*20070717
RMR*IK*476020070712*PI*5.6*5.6*0
REF*PO*0020070713
REF*ST*04760
REF*DP*043
DTM*999*20070712
RMR*IK*476020070714*PI*.35*.35*0
REF*PO*0020070715
REF*ST*04760
REF*DP*043
DTM*999*20070714
RMR*IK*476020070717*PI*6*6*0
REF*PO*0020070718
REF*ST*04760
REF*DP*043
DTM*999*20070717
RMR*IK*476920070712*PI*7.35*7.35*0
REF*PO*0020070713
REF*ST*04769
REF*DP*043
DTM*999*20070712
RMR*IK*476920070713*PI*19.8*19.8*0
REF*PO*0020070714
REF*ST*04769
REF*DP*043
DTM*999*20070713
RMR*IK*476920070714*PI*40.9*40.9*0
REF*PO*0020070715
REF*ST*04769
REF*DP*043
DTM*999*20070714
RMR*IK*476920070715*PI*13*13*0
REF*PO*0020070716
REF*ST*04769
REF*DP*043
DTM*999*20070715
RMR*IK*476920070716*PI*13.5*13.5*0
REF*PO*0020070717
REF*ST*04769
REF*DP*043
DTM*999*20070716
RMR*IK*476920070717*PI*9.45*9.45*0
REF*PO*0020070718
REF*ST*04769
REF*DP*043
DTM*999*20070717
RMR*IK*476920070718*PI*2.8*2.8*0
REF*PO*0020070719
REF*ST*04769
REF*DP*043
DTM*999*20070718
RMR*IK*481720070712*PI*53.95*53.95*0
REF*PO*0020070713
REF*ST*04817
REF*DP*043
DTM*999*20070712
RMR*IK*481720070713*PI*55.1*55.1*0
REF*PO*0020070714
REF*ST*04817
REF*DP*043
DTM*999*20070713
RMR*IK*481720070714*PI*28*28*0
REF*PO*0020070715
REF*ST*04817
REF*DP*043
DTM*999*20070714
RMR*IK*481720070715*PI*21.2*21.2*0
REF*PO*0020070716
REF*ST*04817
REF*DP*043
DTM*999*20070715
RMR*IK*481720070716*PI*56.75*56.75*0
REF*PO*0020070717
REF*ST*04817
REF*DP*043
DTM*999*20070716
RMR*IK*481720070717*PI*25.4*25.4*0
REF*PO*0020070718
REF*ST*04817
REF*DP*043
DTM*999*20070717
RMR*IK*481720070718*PI*16.3*16.3*0
REF*PO*0020070719
REF*ST*04817
REF*DP*043
DTM*999*20070718
RMR*IK*483520070712*PI*5.6*5.6*0
REF*PO*0020070713
REF*ST*04835
REF*DP*043
DTM*999*20070712
RMR*IK*483520070713*PI*1.4*1.4*0
REF*PO*0020070714
REF*ST*04835
REF*DP*043
DTM*999*20070713
RMR*IK*483520070714*PI*6*6*0
REF*PO*0020070715
REF*ST*04835
REF*DP*043
DTM*999*20070714
RMR*IK*483520070716*PI*.7*.7*0
REF*PO*0020070717
REF*ST*04835
REF*DP*043
DTM*999*20070716
RMR*IK*483520070717*PI*7.2*7.2*0
REF*PO*0020070718
REF*ST*04835
REF*DP*043
DTM*999*20070717
RMR*IK*483520070718*PI*1.05*1.05*0
REF*PO*0020070719
REF*ST*04835
REF*DP*043
DTM*999*20070718
RMR*IK*488320070712*PI*15.75*15.75*0
REF*PO*0020070713
REF*ST*04883
REF*DP*043
DTM*999*20070712
RMR*IK*488320070713*PI*20.65*20.65*0
REF*PO*0020070714
REF*ST*04883
REF*DP*043
DTM*999*20070713
RMR*IK*488320070714*PI*43.5*43.5*0
REF*PO*0020070715
REF*ST*04883
REF*DP*043
DTM*999*20070714
RMR*IK*488320070715*PI*8.15*8.15*0
REF*PO*0020070716
REF*ST*04883
REF*DP*043
DTM*999*20070715
RMR*IK*488320070716*PI*12.6*12.6*0
REF*PO*0020070717
REF*ST*04883
REF*DP*043
DTM*999*20070716
RMR*IK*488320070717*PI*26.05*26.05*0
REF*PO*0020070718
REF*ST*04883
REF*DP*043
DTM*999*20070717
RMR*IK*488320070718*PI*2.45*2.45*0
REF*PO*0020070719
REF*ST*04883
REF*DP*043
DTM*999*20070718
RMR*IK*489820070712*PI*16*16*0
REF*PO*0020070713
REF*ST*04898
REF*DP*043
DTM*999*20070712
RMR*IK*489820070713*PI*1.75*1.75*0
REF*PO*0020070714
REF*ST*04898
REF*DP*043
DTM*999*20070713
RMR*IK*489820070716*PI*15.75*15.75*0
REF*PO*0020070717
REF*ST*04898
REF*DP*043
DTM*999*20070716
RMR*IK*489820070718*PI*3*3*0
REF*PO*0020070719
REF*ST*04898
REF*DP*043
DTM*999*20070718
RMR*IK*497020070712*PI*70.3*70.3*0
REF*PO*0020070713
REF*ST*04970
REF*DP*043
DTM*999*20070712
RMR*IK*497020070713*PI*141.35*141.35*0
REF*PO*0020070714
REF*ST*04970
REF*DP*043
DTM*999*20070713
RMR*IK*497020070714*PI*97*97*0
REF*PO*0020070715
REF*ST*04970
REF*DP*043
DTM*999*20070714
RMR*IK*497020070715*PI*58.45*58.45*0
REF*PO*0020070716
REF*ST*04970
REF*DP*043
DTM*999*20070715
RMR*IK*497020070716*PI*35.9*35.9*0
REF*PO*0020070717
REF*ST*04970
REF*DP*043
DTM*999*20070716
RMR*IK*497020070717*PI*58*58*0
REF*PO*0020070718
REF*ST*04970
REF*DP*043
DTM*999*20070717
RMR*IK*497020070718*PI*68.35*68.35*0
REF*PO*0020070719
REF*ST*04970
REF*DP*043
DTM*999*20070718
RMR*IK*502320070712*PI*1.05*1.05*0
REF*PO*0020070714
REF*ST*05023
REF*DP*043
DTM*999*20070712
RMR*IK*502320070713*PI*1.05*1.05*0
REF*PO*0020070715
REF*ST*05023
REF*DP*043
DTM*999*20070713
RMR*IK*502320070717*PI*.7*.7*0
REF*PO*0020070719
REF*ST*05023
REF*DP*043
DTM*999*20070717
RMR*IK*506620070713*PI*1.4*1.4*0
REF*PO*0020070715
REF*ST*05066
REF*DP*043
DTM*999*20070713
RMR*IK*506620070718*PI*3.25*3.25*0
REF*PO*0020070720
REF*ST*05066
REF*DP*043
DTM*999*20070718
RMR*IK*507020070712*PI*1.4*1.4*0
REF*PO*0020070714
REF*ST*05070
REF*DP*043
DTM*999*20070712
RMR*IK*507020070714*PI*2.8*2.8*0
REF*PO*0020070716
REF*ST*05070
REF*DP*043
DTM*999*20070714
RMR*IK*507020070716*PI*3.15*3.15*0
REF*PO*0020070718
REF*ST*05070
REF*DP*043
DTM*999*20070716
RMR*IK*507020070717*PI*3.95*3.95*0
REF*PO*0020070719
REF*ST*05070
REF*DP*043
DTM*999*20070717
RMR*IK*507020070718*PI*1.75*1.75*0
REF*PO*0020070720
REF*ST*05070
REF*DP*043
DTM*999*20070718
RMR*IK*702820070712*PI*1.75*1.75*0
REF*PO*0020070713
REF*ST*07028
REF*DP*043
DTM*999*20070712
RMR*IK*702820070713*PI*.35*.35*0
REF*PO*0020070714
REF*ST*07028
REF*DP*043
DTM*999*20070713
RMR*IK*702820070714*PI*14.7*14.7*0
REF*PO*0020070715
REF*ST*07028
REF*DP*043
DTM*999*20070714
RMR*IK*702820070718*PI*1.4*1.4*0
REF*PO*0020070719
REF*ST*07028
REF*DP*043
DTM*999*20070718
RMR*IK*704520070712*PI*7.25*7.25*0
REF*PO*0020070713
REF*ST*07045
REF*DP*043
DTM*999*20070712
RMR*IK*704520070713*PI*34.8*34.8*0
REF*PO*0020070714
REF*ST*07045
REF*DP*043
DTM*999*20070713
RMR*IK*704520070714*PI*37.3*37.3*0
REF*PO*0020070715
REF*ST*07045
REF*DP*043
DTM*999*20070714
RMR*IK*704520070715*PI*7.35*7.35*0
REF*PO*0020070716
REF*ST*07045
REF*DP*043
DTM*999*20070715
RMR*IK*704520070716*PI*20.6*20.6*0
REF*PO*0020070717
REF*ST*07045
REF*DP*043
DTM*999*20070716
RMR*IK*704520070717*PI*66.5*66.5*0
REF*PO*0020070718
REF*ST*07045
REF*DP*043
DTM*999*20070717
RMR*IK*704520070718*PI*39.7*39.7*0
REF*PO*0020070719
REF*ST*07045
REF*DP*043
DTM*999*20070718
RMR*IK*704520070804*PI*-3.25*-3.25*0
REF*PO*0020070806
REF*ST*07045
REF*DP*043
DTM*999*20070804
RMR*IK*705920070717*PI*.7*.7*0
REF*PO*0020070718
REF*ST*07059
REF*DP*043
DTM*999*20070717
RMR*IK*706320070712*PI*44.5*44.5*0
REF*PO*0020070713
REF*ST*07063
REF*DP*043
DTM*999*20070712
RMR*IK*706320070713*PI*45.75*45.75*0
REF*PO*0020070714
REF*ST*07063
REF*DP*043
DTM*999*20070713
RMR*IK*706320070714*PI*35.5*35.5*0
REF*PO*0020070715
REF*ST*07063
REF*DP*043
DTM*999*20070714
RMR*IK*706320070715*PI*15*15*0
REF*PO*0020070716
REF*ST*07063
REF*DP*043
DTM*999*20070715
RMR*IK*706320070716*PI*58*58*0
REF*PO*0020070717
REF*ST*07063
REF*DP*043
DTM*999*20070716
RMR*IK*706320070717*PI*23.5*23.5*0
REF*PO*0020070718
REF*ST*07063
REF*DP*043
DTM*999*20070717
RMR*IK*706320070718*PI*9*9*0
REF*PO*0020070719
REF*ST*07063
REF*DP*043
DTM*999*20070718
RMR*IK*706420070712*PI*15.1*15.1*0
REF*PO*0020070713
REF*ST*07064
REF*DP*043
DTM*999*20070712
RMR*IK*706420070713*PI*9.75*9.75*0
REF*PO*0020070714
REF*ST*07064
REF*DP*043
DTM*999*20070713
RMR*IK*706420070714*PI*28.05*28.05*0
REF*PO*0020070715
REF*ST*07064
REF*DP*043
DTM*999*20070714
RMR*IK*706420070715*PI*.7*.7*0
REF*PO*0020070716
REF*ST*07064
REF*DP*043
DTM*999*20070715
RMR*IK*706420070716*PI*9.75*9.75*0
REF*PO*0020070717
REF*ST*07064
REF*DP*043
DTM*999*20070716
RMR*IK*706420070717*PI*12.05*12.05*0
REF*PO*0020070718
REF*ST*07064
REF*DP*043
DTM*999*20070717
RMR*IK*706420070718*PI*5.25*5.25*0
REF*PO*0020070719
REF*ST*07064
REF*DP*043
DTM*999*20070718
RMR*IK*706620070712*PI*66.85*66.85*0
REF*PO*0020070713
REF*ST*07066
REF*DP*043
DTM*999*20070712
RMR*IK*706620070713*PI*28.55*28.55*0
REF*PO*0020070714
REF*ST*07066
REF*DP*043
DTM*999*20070713
RMR*IK*706620070714*PI*38.85*38.85*0
REF*PO*0020070715
REF*ST*07066
REF*DP*043
DTM*999*20070714
RMR*IK*706620070715*PI*38.1*38.1*0
REF*PO*0020070716
REF*ST*07066
REF*DP*043
DTM*999*20070715
RMR*IK*706620070716*PI*5.1*5.1*0
REF*PO*0020070717
REF*ST*07066
REF*DP*043
DTM*999*20070716
RMR*IK*706620070717*PI*26.5*26.5*0
REF*PO*0020070718
REF*ST*07066
REF*DP*043
DTM*999*20070717
RMR*IK*706620070718*PI*30.65*30.65*0
REF*PO*0020070719
REF*ST*07066
REF*DP*043
DTM*999*20070718
RMR*IK*706920070712*PI*31.75*31.75*0
REF*PO*0020070713
REF*ST*07069
REF*DP*043
DTM*999*20070712
RMR*IK*706920070713*PI*25.05*25.05*0
REF*PO*0020070714
REF*ST*07069
REF*DP*043
DTM*999*20070713
RMR*IK*706920070714*PI*111.45*111.45*0
REF*PO*0020070715
REF*ST*07069
REF*DP*043
DTM*999*20070714
RMR*IK*706920070715*PI*38.55*38.55*0
REF*PO*0020070716
REF*ST*07069
REF*DP*043
DTM*999*20070715
RMR*IK*706920070716*PI*16.7*16.7*0
REF*PO*0020070717
REF*ST*07069
REF*DP*043
DTM*999*20070716
RMR*IK*706920070717*PI*28.6*28.6*0
REF*PO*0020070718
REF*ST*07069
REF*DP*043
DTM*999*20070717
RMR*IK*706920070718*PI*14.3*14.3*0
REF*PO*0020070719
REF*ST*07069
REF*DP*043
DTM*999*20070718
RMR*IK*707620070712*PI*154.75*154.75*0
REF*PO*0020070713
REF*ST*07076
REF*DP*043
DTM*999*20070712
RMR*IK*707620070713*PI*155*155*0
REF*PO*0020070714
REF*ST*07076
REF*DP*043
DTM*999*20070713
RMR*IK*707620070714*PI*70.3*70.3*0
REF*PO*0020070715
REF*ST*07076
REF*DP*043
DTM*999*20070714
RMR*IK*707620070715*PI*90.8*90.8*0
REF*PO*0020070716
REF*ST*07076
REF*DP*043
DTM*999*20070715
RMR*IK*707620070716*PI*99.15*99.15*0
REF*PO*0020070717
REF*ST*07076
REF*DP*043
DTM*999*20070716
RMR*IK*707620070717*PI*49.55*49.55*0
REF*PO*0020070718
REF*ST*07076
REF*DP*043
DTM*999*20070717
RMR*IK*707620070718*PI*81.35*81.35*0
REF*PO*0020070719
REF*ST*07076
REF*DP*043
DTM*999*20070718
RMR*IK*707620070803*PI*-8.5*-8.5*0
REF*PO*0020070804
REF*ST*07076
REF*DP*043
DTM*999*20070803
RMR*IK*713220070712*PI*44.05*44.05*0
REF*PO*0020070713
REF*ST*07132
REF*DP*043
DTM*999*20070712
RMR*IK*713220070713*PI*35.5*35.5*0
REF*PO*0020070714
REF*ST*07132
REF*DP*043
DTM*999*20070713
RMR*IK*713220070714*PI*18.4*18.4*0
REF*PO*0020070715
REF*ST*07132
REF*DP*043
DTM*999*20070714
RMR*IK*713220070715*PI*37.55*37.55*0
REF*PO*0020070716
REF*ST*07132
REF*DP*043
DTM*999*20070715
RMR*IK*713220070716*PI*25.1*25.1*0
REF*PO*0020070717
REF*ST*07132
REF*DP*043
DTM*999*20070716
RMR*IK*713220070717*PI*2.1*2.1*0
REF*PO*0020070718
REF*ST*07132
REF*DP*043
DTM*999*20070717
RMR*IK*713220070718*PI*42.05*42.05*0
REF*PO*0020070719
REF*ST*07132
REF*DP*043
DTM*999*20070718
RMR*IK*714620070712*PI*4.4*4.4*0
REF*PO*0020070713
REF*ST*07146
REF*DP*043
DTM*999*20070712
RMR*IK*714620070713*PI*3.15*3.15*0
REF*PO*0020070714
REF*ST*07146
REF*DP*043
DTM*999*20070713
RMR*IK*714620070714*PI*52.2*52.2*0
REF*PO*0020070715
REF*ST*07146
REF*DP*043
DTM*999*20070714
RMR*IK*714620070715*PI*3.35*3.35*0
REF*PO*0020070716
REF*ST*07146
REF*DP*043
DTM*999*20070715
RMR*IK*714620070716*PI*11.55*11.55*0
REF*PO*0020070717
REF*ST*07146
REF*DP*043
DTM*999*20070716
RMR*IK*714620070717*PI*26.55*26.55*0
REF*PO*0020070718
REF*ST*07146
REF*DP*043
DTM*999*20070717
RMR*IK*714620070718*PI*4.55*4.55*0
REF*PO*0020070719
REF*ST*07146
REF*DP*043
DTM*999*20070718
RMR*IK*715420070712*PI*5.25*5.25*0
REF*PO*0020070713
REF*ST*07154
REF*DP*043
DTM*999*20070712
RMR*IK*715420070713*PI*5.6*5.6*0
REF*PO*0020070714
REF*ST*07154
REF*DP*043
DTM*999*20070713
RMR*IK*715420070714*PI*11.65*11.65*0
REF*PO*0020070715
REF*ST*07154
REF*DP*043
DTM*999*20070714
RMR*IK*715420070715*PI*8.5*8.5*0
REF*PO*0020070716
REF*ST*07154
REF*DP*043
DTM*999*20070715
RMR*IK*715420070718*PI*5.1*5.1*0
REF*PO*0020070719
REF*ST*07154
REF*DP*043
DTM*999*20070718
RMR*IK*718420070712*PI*101.7*101.7*0
REF*PO*0020070713
REF*ST*07184
REF*DP*043
DTM*999*20070712
RMR*IK*718420070713*PI*104.8*104.8*0
REF*PO*0020070714
REF*ST*07184
REF*DP*043
DTM*999*20070713
RMR*IK*718420070714*PI*177.75*177.75*0
REF*PO*0020070715
REF*ST*07184
REF*DP*043
DTM*999*20070714
RMR*IK*718420070715*PI*116.35*116.35*0
REF*PO*0020070716
REF*ST*07184
REF*DP*043
DTM*999*20070715
RMR*IK*718420070716*PI*203.95*203.95*0
REF*PO*0020070717
REF*ST*07184
REF*DP*043
DTM*999*20070716
RMR*IK*718420070717*PI*136.3*136.3*0
REF*PO*0020070718
REF*ST*07184
REF*DP*043
DTM*999*20070717
RMR*IK*718420070718*PI*88.6*88.6*0
REF*PO*0020070719
REF*ST*07184
REF*DP*043
DTM*999*20070718
RMR*IK*725520070712*PI*188.35*188.35*0
REF*PO*0020070713
REF*ST*07255
REF*DP*043
DTM*999*20070712
RMR*IK*725520070713*PI*186.7*186.7*0
REF*PO*0020070714
REF*ST*07255
REF*DP*043
DTM*999*20070713
RMR*IK*725520070714*PI*304.3*304.3*0
REF*PO*0020070715
REF*ST*07255
REF*DP*043
DTM*999*20070714
RMR*IK*725520070715*PI*104.35*104.35*0
REF*PO*0020070716
REF*ST*07255
REF*DP*043
DTM*999*20070715
RMR*IK*725520070716*PI*125.1*125.1*0
REF*PO*0020070717
REF*ST*07255
REF*DP*043
DTM*999*20070716
RMR*IK*725520070717*PI*199.2*199.2*0
REF*PO*0020070718
REF*ST*07255
REF*DP*043
DTM*999*20070717
RMR*IK*725520070718*PI*164.3*164.3*0
REF*PO*0020070719
REF*ST*07255
REF*DP*043
DTM*999*20070718
RMR*IK*735420070712*PI*26.8*26.8*0
REF*PO*0020070713
REF*ST*07354
REF*DP*043
DTM*999*20070712
RMR*IK*735420070713*PI*104.35*104.35*0
REF*PO*0020070714
REF*ST*07354
REF*DP*043
DTM*999*20070713
RMR*IK*735420070714*PI*101.95*101.95*0
REF*PO*0020070715
REF*ST*07354
REF*DP*043
DTM*999*20070714
RMR*IK*735420070715*PI*94.75*94.75*0
REF*PO*0020070716
REF*ST*07354
REF*DP*043
DTM*999*20070715
RMR*IK*735420070716*PI*28.95*28.95*0
REF*PO*0020070717
REF*ST*07354
REF*DP*043
DTM*999*20070716
RMR*IK*735420070717*PI*23.75*23.75*0
REF*PO*0020070718
REF*ST*07354
REF*DP*043
DTM*999*20070717
RMR*IK*735420070718*PI*17.8*17.8*0
REF*PO*0020070719
REF*ST*07354
REF*DP*043
DTM*999*20070718
RMR*IK*735820070712*PI*174.15*174.15*0
REF*PO*0020070713
REF*ST*07358
REF*DP*043
DTM*999*20070712
RMR*IK*735820070713*PI*292.15*292.15*0
REF*PO*0020070714
REF*ST*07358
REF*DP*043
DTM*999*20070713
RMR*IK*735820070714*PI*432.6*432.6*0
REF*PO*0020070715
REF*ST*07358
REF*DP*043
DTM*999*20070714
RMR*IK*735820070715*PI*279.6*279.6*0
REF*PO*0020070716
REF*ST*07358
REF*DP*043
DTM*999*20070715
RMR*IK*735820070716*PI*216.5*216.5*0
REF*PO*0020070717
REF*ST*07358
REF*DP*043
DTM*999*20070716
RMR*IK*735820070717*PI*126.15*126.15*0
REF*PO*0020070718
REF*ST*07358
REF*DP*043
DTM*999*20070717
RMR*IK*735820070718*PI*216.35*216.35*0
REF*PO*0020070719
REF*ST*07358
REF*DP*043
DTM*999*20070718
RMR*IK*736020070712*PI*.35*.35*0
REF*PO*0020070713
REF*ST*07360
REF*DP*043
DTM*999*20070712
RMR*IK*736020070715*PI*3*3*0
REF*PO*0020070716
REF*ST*07360
REF*DP*043
DTM*999*20070715
RMR*IK*736020070717*PI*5.1*5.1*0
REF*PO*0020070718
REF*ST*07360
REF*DP*043
DTM*999*20070717
RMR*IK*736220070712*PI*2.1*2.1*0
REF*PO*0020070713
REF*ST*07362
REF*DP*043
DTM*999*20070712
RMR*IK*736220070713*PI*3.85*3.85*0
REF*PO*0020070714
REF*ST*07362
REF*DP*043
DTM*999*20070713
RMR*IK*736220070714*PI*31.5*31.5*0
REF*PO*0020070715
REF*ST*07362
REF*DP*043
DTM*999*20070714
RMR*IK*736220070715*PI*11.25*11.25*0
REF*PO*0020070716
REF*ST*07362
REF*DP*043
DTM*999*20070715
RMR*IK*736220070716*PI*4.2*4.2*0
REF*PO*0020070717
REF*ST*07362
REF*DP*043
DTM*999*20070716
RMR*IK*736220070717*PI*4.9*4.9*0
REF*PO*0020070718
REF*ST*07362
REF*DP*043
DTM*999*20070717
RMR*IK*736220070718*PI*16.45*16.45*0
REF*PO*0020070719
REF*ST*07362
REF*DP*043
DTM*999*20070718
RMR*IK*738820070715*PI*.7*.7*0
REF*PO*0020070716
REF*ST*07388
REF*DP*043
DTM*999*20070715
RMR*IK*739720070714*PI*4.25*4.25*0
REF*PO*0020070715
REF*ST*07397
REF*DP*043
DTM*999*20070714
RMR*IK*739720070715*PI*8.5*8.5*0
REF*PO*0020070716
REF*ST*07397
REF*DP*043
DTM*999*20070715
RMR*IK*739720070717*PI*52.5*52.5*0
REF*PO*0020070718
REF*ST*07397
REF*DP*043
DTM*999*20070717
RMR*IK*743720070712*PI*15.5*15.5*0
REF*PO*0020070713
REF*ST*07437
REF*DP*043
DTM*999*20070712
RMR*IK*743720070713*PI*1.4*1.4*0
REF*PO*0020070714
REF*ST*07437
REF*DP*043
DTM*999*20070713
RMR*IK*743720070714*PI*12*12*0
REF*PO*0020070715
REF*ST*07437
REF*DP*043
DTM*999*20070714
RMR*IK*743720070717*PI*13.9*13.9*0
REF*PO*0020070718
REF*ST*07437
REF*DP*043
DTM*999*20070717
RMR*IK*743720070718*PI*12*12*0
REF*PO*0020070719
REF*ST*07437
REF*DP*043
DTM*999*20070718
RMR*IK*746020070712*PI*15.8*15.8*0
REF*PO*0020070713
REF*ST*07460
REF*DP*043
DTM*999*20070712
RMR*IK*746020070713*PI*14.6*14.6*0
REF*PO*0020070714
REF*ST*07460
REF*DP*043
DTM*999*20070713
RMR*IK*746020070714*PI*35.55*35.55*0
REF*PO*0020070715
REF*ST*07460
REF*DP*043
DTM*999*20070714
RMR*IK*746020070715*PI*12*12*0
REF*PO*0020070716
REF*ST*07460
REF*DP*043
DTM*999*20070715
RMR*IK*746020070716*PI*8.95*8.95*0
REF*PO*0020070717
REF*ST*07460
REF*DP*043
DTM*999*20070716
RMR*IK*746020070717*PI*15.7*15.7*0
REF*PO*0020070718
REF*ST*07460
REF*DP*043
DTM*999*20070717
RMR*IK*746020070718*PI*12.65*12.65*0
REF*PO*0020070719
REF*ST*07460
REF*DP*043
DTM*999*20070718
RMR*IK*746120070712*PI*73.3*73.3*0
REF*PO*0020070713
REF*ST*07461
REF*DP*043
DTM*999*20070712
RMR*IK*746120070713*PI*52.4*52.4*0
REF*PO*0020070714
REF*ST*07461
REF*DP*043
DTM*999*20070713
RMR*IK*746120070714*PI*73.8*73.8*0
REF*PO*0020070715
REF*ST*07461
REF*DP*043
DTM*999*20070714
RMR*IK*746120070715*PI*38.95*38.95*0
REF*PO*0020070716
REF*ST*07461
REF*DP*043
DTM*999*20070715
RMR*IK*746120070716*PI*10.5*10.5*0
REF*PO*0020070717
REF*ST*07461
REF*DP*043
DTM*999*20070716
RMR*IK*746120070717*PI*35.65*35.65*0
REF*PO*0020070718
REF*ST*07461
REF*DP*043
DTM*999*20070717
RMR*IK*746120070718*PI*21*21*0
REF*PO*0020070719
REF*ST*07461
REF*DP*043
DTM*999*20070718
RMR*IK*755820070712*PI*3.35*3.35*0
REF*PO*0020070713
REF*ST*07558
REF*DP*043
DTM*999*20070712
RMR*IK*755820070713*PI*.35*.35*0
REF*PO*0020070714
REF*ST*07558
REF*DP*043
DTM*999*20070713
RMR*IK*755820070714*PI*50*50*0
REF*PO*0020070715
REF*ST*07558
REF*DP*043
DTM*999*20070714
RMR*IK*755820070715*PI*12.1*12.1*0
REF*PO*0020070716
REF*ST*07558
REF*DP*043
DTM*999*20070715
RMR*IK*755820070716*PI*7.35*7.35*0
REF*PO*0020070717
REF*ST*07558
REF*DP*043
DTM*999*20070716
RMR*IK*755820070717*PI*27.35*27.35*0
REF*PO*0020070718
REF*ST*07558
REF*DP*043
DTM*999*20070717
RMR*IK*755820070718*PI*26.4*26.4*0
REF*PO*0020070719
REF*ST*07558
REF*DP*043
DTM*999*20070718
RMR*IK*760720070712*PI*125.05*125.05*0
REF*PO*0020070713
REF*ST*07607
REF*DP*043
DTM*999*20070712
RMR*IK*760720070713*PI*239.95*239.95*0
REF*PO*0020070714
REF*ST*07607
REF*DP*043
DTM*999*20070713
RMR*IK*760720070714*PI*155*155*0
REF*PO*0020070715
REF*ST*07607
REF*DP*043
DTM*999*20070714
RMR*IK*760720070715*PI*67.8*67.8*0
REF*PO*0020070716
REF*ST*07607
REF*DP*043
DTM*999*20070715
RMR*IK*760720070716*PI*88.55*88.55*0
REF*PO*0020070717
REF*ST*07607
REF*DP*043
DTM*999*20070716
RMR*IK*760720070717*PI*117.95*117.95*0
REF*PO*0020070718
REF*ST*07607
REF*DP*043
DTM*999*20070717
RMR*IK*760720070718*PI*121.6*121.6*0
REF*PO*0020070719
REF*ST*07607
REF*DP*043
DTM*999*20070718
RMR*IK*761020070712*PI*55.2*55.2*0
REF*PO*0020070713
REF*ST*07610
REF*DP*043
DTM*999*20070712
RMR*IK*761020070713*PI*154.65*154.65*0
REF*PO*0020070714
REF*ST*07610
REF*DP*043
DTM*999*20070713
RMR*IK*761020070714*PI*94.8*94.8*0
REF*PO*0020070715
REF*ST*07610
REF*DP*043
DTM*999*20070714
RMR*IK*761020070715*PI*78.4*78.4*0
REF*PO*0020070716
REF*ST*07610
REF*DP*043
DTM*999*20070715
RMR*IK*761020070716*PI*41.4*41.4*0
REF*PO*0020070717
REF*ST*07610
REF*DP*043
DTM*999*20070716
RMR*IK*761020070717*PI*59.15*59.15*0
REF*PO*0020070718
REF*ST*07610
REF*DP*043
DTM*999*20070717
RMR*IK*761020070718*PI*62.85*62.85*0
REF*PO*0020070719
REF*ST*07610
REF*DP*043
DTM*999*20070718
RMR*IK*762920070712*PI*.7*.7*0
REF*PO*0020070713
REF*ST*07629
REF*DP*043
DTM*999*20070712
RMR*IK*762920070713*PI*30*30*0
REF*PO*0020070714
REF*ST*07629
REF*DP*043
DTM*999*20070713
RMR*IK*762920070714*PI*27*27*0
REF*PO*0020070715
REF*ST*07629
REF*DP*043
DTM*999*20070714
RMR*IK*762920070716*PI*.7*.7*0
REF*PO*0020070717
REF*ST*07629
REF*DP*043
DTM*999*20070716
RMR*IK*762920070717*PI*9*9*0
REF*PO*0020070718
REF*ST*07629
REF*DP*043
DTM*999*20070717
RMR*IK*762920070718*PI*.7*.7*0
REF*PO*0020070719
REF*ST*07629
REF*DP*043
DTM*999*20070718
RMR*IK*763720070712*PI*.35*.35*0
REF*PO*0020070713
REF*ST*07637
REF*DP*043
DTM*999*20070712
RMR*IK*763720070713*PI*1.75*1.75*0
REF*PO*0020070714
REF*ST*07637
REF*DP*043
DTM*999*20070713
RMR*IK*763720070716*PI*6*6*0
REF*PO*0020070717
REF*ST*07637
REF*DP*043
DTM*999*20070716
RMR*IK*763720070717*PI*2.1*2.1*0
REF*PO*0020070718
REF*ST*07637
REF*DP*043
DTM*999*20070717
RMR*IK*771820070712*PI*63.55*63.55*0
REF*PO*0020070713
REF*ST*07718
REF*DP*043
DTM*999*20070712
RMR*IK*771820070713*PI*17.7*17.7*0
REF*PO*0020070714
REF*ST*07718
REF*DP*043
DTM*999*20070713
RMR*IK*771820070714*PI*92*92*0
REF*PO*0020070715
REF*ST*07718
REF*DP*043
DTM*999*20070714
RMR*IK*771820070715*PI*10.65*10.65*0
REF*PO*0020070716
REF*ST*07718
REF*DP*043
DTM*999*20070715
RMR*IK*771820070716*PI*4.65*4.65*0
REF*PO*0020070717
REF*ST*07718
REF*DP*043
DTM*999*20070716
RMR*IK*771820070717*PI*25.5*25.5*0
REF*PO*0020070718
REF*ST*07718
REF*DP*043
DTM*999*20070717
RMR*IK*771820070718*PI*33.8*33.8*0
REF*PO*0020070719
REF*ST*07718
REF*DP*043
DTM*999*20070718
RMR*IK*771920070712*PI*5.6*5.6*0
REF*PO*0020070713
REF*ST*07719
REF*DP*043
DTM*999*20070712
RMR*IK*771920070713*PI*1.05*1.05*0
REF*PO*0020070714
REF*ST*07719
REF*DP*043
DTM*999*20070713
RMR*IK*771920070714*PI*15.8*15.8*0
REF*PO*0020070715
REF*ST*07719
REF*DP*043
DTM*999*20070714
RMR*IK*771920070715*PI*2.8*2.8*0
REF*PO*0020070716
REF*ST*07719
REF*DP*043
DTM*999*20070715
RMR*IK*771920070716*PI*7.35*7.35*0
REF*PO*0020070717
REF*ST*07719
REF*DP*043
DTM*999*20070716
RMR*IK*771920070717*PI*28.8*28.8*0
REF*PO*0020070718
REF*ST*07719
REF*DP*043
DTM*999*20070717
RMR*IK*771920070718*PI*2.1*2.1*0
REF*PO*0020070719
REF*ST*07719
REF*DP*043
DTM*999*20070718
RMR*IK*921720070712*PI*.35*.35*0
REF*PO*0020070713
REF*ST*09217
REF*DP*043
DTM*999*20070712
RMR*IK*921720070717*PI*.35*.35*0
REF*PO*0020070718
REF*ST*09217
REF*DP*043
DTM*999*20070717
RMR*IK*951320070712*PI*84.6*84.6*0
REF*PO*0020070713
REF*ST*09513
REF*DP*043
DTM*999*20070712
RMR*IK*951320070713*PI*228.7*228.7*0
REF*PO*0020070714
REF*ST*09513
REF*DP*043
DTM*999*20070713
RMR*IK*951320070714*PI*199.9*199.9*0
REF*PO*0020070715
REF*ST*09513
REF*DP*043
DTM*999*20070714
RMR*IK*951320070715*PI*66.85*66.85*0
REF*PO*0020070716
REF*ST*09513
REF*DP*043
DTM*999*20070715
RMR*IK*951320070716*PI*116*116*0
REF*PO*0020070717
REF*ST*09513
REF*DP*043
DTM*999*20070716
RMR*IK*951320070717*PI*45.75*45.75*0
REF*PO*0020070718
REF*ST*09513
REF*DP*043
DTM*999*20070717
RMR*IK*951320070718*PI*47.9*47.9*0
REF*PO*0020070719
REF*ST*09513
REF*DP*043
DTM*999*20070718
RMR*IK*956020070712*PI*13.55*13.55*0
REF*PO*0020070713
REF*ST*09560
REF*DP*043
DTM*999*20070712
RMR*IK*956020070713*PI*11.6*11.6*0
REF*PO*0020070714
REF*ST*09560
REF*DP*043
DTM*999*20070713
RMR*IK*956020070714*PI*3.15*3.15*0
REF*PO*0020070715
REF*ST*09560
REF*DP*043
DTM*999*20070714
RMR*IK*956020070715*PI*8.05*8.05*0
REF*PO*0020070716
REF*ST*09560
REF*DP*043
DTM*999*20070715
RMR*IK*956020070716*PI*15.9*15.9*0
REF*PO*0020070717
REF*ST*09560
REF*DP*043
DTM*999*20070716
RMR*IK*956020070717*PI*8.4*8.4*0
REF*PO*0020070718
REF*ST*09560
REF*DP*043
DTM*999*20070717
RMR*IK*957120070712*PI*1.75*1.75*0
REF*PO*0020070713
REF*ST*09571
REF*DP*043
DTM*999*20070712
RMR*IK*957120070713*PI*1.4*1.4*0
REF*PO*0020070714
REF*ST*09571
REF*DP*043
DTM*999*20070713
RMR*IK*957120070714*PI*5.95*5.95*0
REF*PO*0020070715
REF*ST*09571
REF*DP*043
DTM*999*20070714
RMR*IK*957120070715*PI*1.4*1.4*0
REF*PO*0020070716
REF*ST*09571
REF*DP*043
DTM*999*20070715
RMR*IK*957120070717*PI*.35*.35*0
REF*PO*0020070718
REF*ST*09571
REF*DP*043
DTM*999*20070717
RMR*IK*962020070712*PI*62*62*0
REF*PO*0020070713
REF*ST*09620
REF*DP*043
DTM*999*20070712
RMR*IK*962020070713*PI*75.35*75.35*0
REF*PO*0020070714
REF*ST*09620
REF*DP*043
DTM*999*20070713
RMR*IK*962020070714*PI*57.5*57.5*0
REF*PO*0020070715
REF*ST*09620
REF*DP*043
DTM*999*20070714
RMR*IK*962020070715*PI*28.7*28.7*0
REF*PO*0020070716
REF*ST*09620
REF*DP*043
DTM*999*20070715
RMR*IK*962020070716*PI*29.9*29.9*0
REF*PO*0020070717
REF*ST*09620
REF*DP*043
DTM*999*20070716
RMR*IK*962020070717*PI*34.5*34.5*0
REF*PO*0020070718
REF*ST*09620
REF*DP*043
DTM*999*20070717
RMR*IK*962020070718*PI*40.55*40.55*0
REF*PO*0020070719
REF*ST*09620
REF*DP*043
DTM*999*20070718
RMR*IK*962120070712*PI*108.65*108.65*0
REF*PO*0020070713
REF*ST*09621
REF*DP*043
DTM*999*20070712
RMR*IK*962120070713*PI*172.95*172.95*0
REF*PO*0020070714
REF*ST*09621
REF*DP*043
DTM*999*20070713
RMR*IK*962120070714*PI*93.05*93.05*0
REF*PO*0020070715
REF*ST*09621
REF*DP*043
DTM*999*20070714
RMR*IK*962120070715*PI*36*36*0
REF*PO*0020070716
REF*ST*09621
REF*DP*043
DTM*999*20070715
RMR*IK*962120070716*PI*48.35*48.35*0
REF*PO*0020070717
REF*ST*09621
REF*DP*043
DTM*999*20070716
RMR*IK*962120070717*PI*43.25*43.25*0
REF*PO*0020070718
REF*ST*09621
REF*DP*043
DTM*999*20070717
RMR*IK*962120070718*PI*81.7*81.7*0
REF*PO*0020070719
REF*ST*09621
REF*DP*043
DTM*999*20070718
RMR*IK*962220070712*PI*.35*.35*0
REF*PO*0020070713
REF*ST*09622
REF*DP*043
DTM*999*20070712
RMR*IK*962220070714*PI*4.05*4.05*0
REF*PO*0020070715
REF*ST*09622
REF*DP*043
DTM*999*20070714
RMR*IK*962220070716*PI*5.25*5.25*0
REF*PO*0020070717
REF*ST*09622
REF*DP*043
DTM*999*20070716
RMR*IK*962220070717*PI*2.8*2.8*0
REF*PO*0020070718
REF*ST*09622
REF*DP*043
DTM*999*20070717
RMR*IK*962520070712*PI*7.8*7.8*0
REF*PO*0020070713
REF*ST*09625
REF*DP*043
DTM*999*20070712
RMR*IK*962520070713*PI*6.3*6.3*0
REF*PO*0020070714
REF*ST*09625
REF*DP*043
DTM*999*20070713
RMR*IK*962520070714*PI*26.75*26.75*0
REF*PO*0020070715
REF*ST*09625
REF*DP*043
DTM*999*20070714
RMR*IK*962520070715*PI*3.15*3.15*0
REF*PO*0020070716
REF*ST*09625
REF*DP*043
DTM*999*20070715
RMR*IK*962520070717*PI*5.5*5.5*0
REF*PO*0020070718
REF*ST*09625
REF*DP*043
DTM*999*20070717
RMR*IK*962520070718*PI*1.4*1.4*0
REF*PO*0020070719
REF*ST*09625
REF*DP*043
DTM*999*20070718
RMR*IK*962920070712*PI*29.35*29.35*0
REF*PO*0020070713
REF*ST*09629
REF*DP*043
DTM*999*20070712
RMR*IK*962920070713*PI*7*7*0
REF*PO*0020070714
REF*ST*09629
REF*DP*043
DTM*999*20070713
RMR*IK*962920070714*PI*18.9*18.9*0
REF*PO*0020070715
REF*ST*09629
REF*DP*043
DTM*999*20070714
RMR*IK*962920070715*PI*24.95*24.95*0
REF*PO*0020070716
REF*ST*09629
REF*DP*043
DTM*999*20070715
RMR*IK*962920070716*PI*38.65*38.65*0
REF*PO*0020070717
REF*ST*09629
REF*DP*043
DTM*999*20070716
RMR*IK*962920070717*PI*25.15*25.15*0
REF*PO*0020070718
REF*ST*09629
REF*DP*043
DTM*999*20070717
RMR*IK*962920070718*PI*.7*.7*0
REF*PO*0020070719
REF*ST*09629
REF*DP*043
DTM*999*20070718
RMR*IK*963320070712*PI*256.45*256.45*0
REF*PO*0020070713
REF*ST*09633
REF*DP*043
DTM*999*20070712
RMR*IK*963320070713*PI*196.55*196.55*0
REF*PO*0020070714
REF*ST*09633
REF*DP*043
DTM*999*20070713
RMR*IK*963320070714*PI*270.3*270.3*0
REF*PO*0020070715
REF*ST*09633
REF*DP*043
DTM*999*20070714
RMR*IK*963320070715*PI*72.5*72.5*0
REF*PO*0020070716
REF*ST*09633
REF*DP*043
DTM*999*20070715
RMR*IK*963320070716*PI*109.8*109.8*0
REF*PO*0020070717
REF*ST*09633
REF*DP*043
DTM*999*20070716
RMR*IK*963320070717*PI*69.75*69.75*0
REF*PO*0020070718
REF*ST*09633
REF*DP*043
DTM*999*20070717
RMR*IK*963320070718*PI*116.3*116.3*0
REF*PO*0020070719
REF*ST*09633
REF*DP*043
DTM*999*20070718
RMR*IK*963920070712*PI*4.55*4.55*0
REF*PO*0020070713
REF*ST*09639
REF*DP*043
DTM*999*20070712
RMR*IK*963920070713*PI*4.2*4.2*0
REF*PO*0020070714
REF*ST*09639
REF*DP*043
DTM*999*20070713
RMR*IK*963920070714*PI*5.7*5.7*0
REF*PO*0020070715
REF*ST*09639
REF*DP*043
DTM*999*20070714
RMR*IK*963920070715*PI*5.8*5.8*0
REF*PO*0020070716
REF*ST*09639
REF*DP*043
DTM*999*20070715
RMR*IK*963920070717*PI*4.9*4.9*0
REF*PO*0020070718
REF*ST*09639
REF*DP*043
DTM*999*20070717
RMR*IK*963920070718*PI*6*6*0
REF*PO*0020070719
REF*ST*09639
REF*DP*043
DTM*999*20070718
RMR*IK*964820070712*PI*38.3*38.3*0
REF*PO*0020070713
REF*ST*09648
REF*DP*043
DTM*999*20070712
RMR*IK*964820070713*PI*65.5*65.5*0
REF*PO*0020070714
REF*ST*09648
REF*DP*043
DTM*999*20070713
RMR*IK*964820070714*PI*81.5*81.5*0
REF*PO*0020070715
REF*ST*09648
REF*DP*043
DTM*999*20070714
RMR*IK*964820070715*PI*62*62*0
REF*PO*0020070716
REF*ST*09648
REF*DP*043
DTM*999*20070715
RMR*IK*964820070716*PI*62.1*62.1*0
REF*PO*0020070717
REF*ST*09648
REF*DP*043
DTM*999*20070716
RMR*IK*964820070717*PI*31.75*31.75*0
REF*PO*0020070718
REF*ST*09648
REF*DP*043
DTM*999*20070717
RMR*IK*964820070718*PI*56.65*56.65*0
REF*PO*0020070719
REF*ST*09648
REF*DP*043
DTM*999*20070718
RMR*IK*967420070712*PI*112.15*112.15*0
REF*PO*0020070713
REF*ST*09674
REF*DP*043
DTM*999*20070712
RMR*IK*967420070713*PI*94.9*94.9*0
REF*PO*0020070714
REF*ST*09674
REF*DP*043
DTM*999*20070713
RMR*IK*967420070714*PI*150.45*150.45*0
REF*PO*0020070715
REF*ST*09674
REF*DP*043
DTM*999*20070714
RMR*IK*967420070715*PI*72.05*72.05*0
REF*PO*0020070716
REF*ST*09674
REF*DP*043
DTM*999*20070715
RMR*IK*967420070716*PI*84.15*84.15*0
REF*PO*0020070717
REF*ST*09674
REF*DP*043
DTM*999*20070716
RMR*IK*967420070717*PI*89*89*0
REF*PO*0020070718
REF*ST*09674
REF*DP*043
DTM*999*20070717
RMR*IK*967420070718*PI*37.7*37.7*0
REF*PO*0020070719
REF*ST*09674
REF*DP*043
DTM*999*20070718
RMR*IK*971420070717*PI*10.5*10.5*0
REF*PO*0020070718
REF*ST*09714
REF*DP*043
DTM*999*20070717
RMR*IK*972820070712*PI*32.6*32.6*0
REF*PO*0020070713
REF*ST*09728
REF*DP*043
DTM*999*20070712
RMR*IK*972820070713*PI*16.7*16.7*0
REF*PO*0020070714
REF*ST*09728
REF*DP*043
DTM*999*20070713
RMR*IK*972820070714*PI*17.5*17.5*0
REF*PO*0020070715
REF*ST*09728
REF*DP*043
DTM*999*20070714
RMR*IK*972820070715*PI*2.8*2.8*0
REF*PO*0020070716
REF*ST*09728
REF*DP*043
DTM*999*20070715
RMR*IK*972820070716*PI*3.6*3.6*0
REF*PO*0020070717
REF*ST*09728
REF*DP*043
DTM*999*20070716
RMR*IK*972820070717*PI*2.45*2.45*0
REF*PO*0020070718
REF*ST*09728
REF*DP*043
DTM*999*20070717
RMR*IK*973520070712*PI*13.85*13.85*0
REF*PO*0020070713
REF*ST*09735
REF*DP*043
DTM*999*20070712
RMR*IK*973520070713*PI*17.8*17.8*0
REF*PO*0020070714
REF*ST*09735
REF*DP*043
DTM*999*20070713
RMR*IK*973520070714*PI*13*13*0
REF*PO*0020070715
REF*ST*09735
REF*DP*043
DTM*999*20070714
RMR*IK*973520070715*PI*2.45*2.45*0
REF*PO*0020070716
REF*ST*09735
REF*DP*043
DTM*999*20070715
RMR*IK*973520070716*PI*12*12*0
REF*PO*0020070717
REF*ST*09735
REF*DP*043
DTM*999*20070716
RMR*IK*975820070712*PI*187.3*187.3*0
REF*PO*0020070713
REF*ST*09758
REF*DP*043
DTM*999*20070712
RMR*IK*975820070713*PI*288.6*288.6*0
REF*PO*0020070714
REF*ST*09758
REF*DP*043
DTM*999*20070713
RMR*IK*975820070714*PI*245.6*245.6*0
REF*PO*0020070715
REF*ST*09758
REF*DP*043
DTM*999*20070714
RMR*IK*975820070715*PI*136.95*136.95*0
REF*PO*0020070716
REF*ST*09758
REF*DP*043
DTM*999*20070715
RMR*IK*975820070716*PI*145.55*145.55*0
REF*PO*0020070717
REF*ST*09758
REF*DP*043
DTM*999*20070716
RMR*IK*975820070717*PI*161.95*161.95*0
REF*PO*0020070718
REF*ST*09758
REF*DP*043
DTM*999*20070717
RMR*IK*975820070718*PI*179*179*0
REF*PO*0020070719
REF*ST*09758
REF*DP*043
DTM*999*20070718
SE*3164*0001
GE*1*1000081
IEA*1*001000081
ISA*00*          *00*          *08*9254291001     *12*6154525825     *070814*0420*U*00400*000000108*0*P*>
GS*PD*9254291001*6154525825*20070814*0420*108*X*004010
ST*852*0001
XQ*H*20070814
N9*AD*T00000040
LIN**IN*025393811*ZZ*43*UP*831664001238*****DG*1*VS*00000
ZA*QS***006*20070813
CTP**UCP*3.25
SDQ*EA*ZZ*3703*-1
LIN**IN*025393811*ZZ*43*UP*831664001238*****DG*4*VS*00000
ZA*QS***006*20070813
CTP**UCP*3.25
SDQ*EA*ZZ*3703*1
CTT*2
SE*13*0001
ST*852*0002
XQ*H*20070814
N9*AD*T00000040
LIN**IN*025397611*ZZ*43*UP*831664001245*****DG*1*VS*00000
ZA*QS***006*20070813
CTP**UCP*3
SDQ*EA*ZZ*3063*1*7076*5*9629*1
CTT*1
SE*9*0002
ST*852*0003
XQ*H*20070814
N9*AD*T00000040
LIN**IN*025412011*ZZ*43*UP*831664001276*****DG*1*VS*00000
ZA*QS***006*20070813
CTP**UCP*.7
SDQ*EA*ZZ*4244*2
CTT*1
SE*9*0003
ST*852*0004
XQ*H*20070814
N9*AD*T00000040
LIN**IN*053241411*ZZ*43*UP*831664001313*****DG*1*VS*00000
ZA*QS***006*20070813
CTP**UCP*.35
SDQ*EA*ZZ*3713*1
LIN**IN*053241411*ZZ*43*UP*831664001313*****DG*9*VS*00000
ZA*QS***006*20070813
CTP**UCP*.35
SDQ*EA*ZZ*7045*27
CTT*2
SE*13*0004
ST*852*0005
XQ*H*20070814
N9*AD*T00000040
LIN**IN*079180612*ZZ*43*UP*831664001368*****DG*1*VS*00000
ZA*QS***006*20070813
CTP**UCP*4.25
SDQ*EA*ZZ*3703*2*4717*2*7718*2
CTT*1
SE*9*0005
ST*852*0006
XQ*H*20070814
N9*AD*T00000040
LIN**IN*096901811*ZZ*43*UP*831664001122*****DG*1*VS*00000
ZA*QS***006*20070813
CTP**UCP*3
SDQ*EA*ZZ*3646*1*4244*2*9758*1
CTT*1
SE*9*0006
ST*852*0007
XQ*H*20070814
N9*AD*T00000040
LIN**IN*097065711*ZZ*43*UP*831664000842*****DG*8*VS*00000
ZA*QS***006*20070813
CTP**UCP*5.25
SDQ*EA*ZZ*7610*2
CTT*1
SE*9*0007
ST*852*0008
XQ*H*20070814
N9*AD*T00000040
LIN**IN*097095711*ZZ*43*UP*831664000255*****DG*1*VS*00000
ZA*QS***006*20070813
CTP**UCP*.35
SDQ*EA*ZZ*4970*4
CTT*1
SE*9*0008
ST*852*0009
XQ*H*20070814
N9*AD*T00000040
LIN**IN*097095911*ZZ*43*UP*831664000675*****DG*1*VS*00000
ZA*QS***006*20070813
CTP**UCP*.7
SDQ*EA*ZZ*3194*1
CTT*1
SE*9*0009
ST*852*0010
XQ*H*20070814
N9*AD*T00000040
LIN**IN*097096111*ZZ*43*UP*831664000330*****DG*1*VS*00000
ZA*QS***006*20070813
CTP**UCP*.7
SDQ*EA*ZZ*3713*4*4769*3
LIN**IN*097096111*ZZ*43*UP*831664000330*****DG*8*VS*00000
ZA*QS***006*20070813
CTP**UCP*.7
SDQ*EA*ZZ*3905*2
CTT*2
SE*13*0010
ST*852*0011
XQ*H*20070814
N9*AD*T00000040
LIN**IN*097096211*ZZ*43*UP*831664000941*****DG*1*VS*00000
ZA*QS***006*20070813
CTP**UCP*.7
SDQ*EA*ZZ*3408*6*3939*1*4769*2
CTT*1
SE*9*0011
ST*852*0012
XQ*H*20070814
N9*AD*T00000040
LIN**IN*097096411*ZZ*43*UP*831664000453*****DG*5*VS*00000
ZA*QS***006*20070813
CTP**UCP*3
SDQ*EA*ZZ*4739*1
LIN**IN*097096411*ZZ*43*UP*831664000453*****DG*8*VS*00000
ZA*QS***006*20070813
CTP**UCP*3
SDQ*EA*ZZ*4739*2
CTT*2
SE*13*0012
ST*852*0013
XQ*H*20070814
N9*AD*T00000040
LIN**IN*097096511*ZZ*43*UP*831664000460*****DG*5*VS*00000
ZA*QS***006*20070813
CTP**UCP*3
SDQ*EA*ZZ*3996*1
CTT*1
SE*9*0013
ST*852*0014
XQ*H*20070814
N9*AD*T00000040
LIN**IN*097096711*ZZ*43*UP*831664000484*****DG*1*VS*00000
ZA*QS***006*20070813
CTP**UCP*3.25
SDQ*EA*ZZ*3703*5
LIN**IN*097096711*ZZ*43*UP*831664000484*****DG*4*VS*00000
ZA*QS***006*20070813
CTP**UCP*3.25
SDQ*EA*ZZ*3703*1
LIN**IN*097096711*ZZ*43*UP*831664000484*****DG*5*VS*00000
ZA*QS***006*20070813
CTP**UCP*3.25
SDQ*EA*ZZ*4753*1*7076*1
CTT*3
SE*17*0014
ST*852*0015
XQ*H*20070814
N9*AD*T00000040
LIN**IN*097097011*ZZ*43*UP*831664000859*****DG*5*VS*00000
ZA*QS***006*20070813
CTP**UCP*2.55
SDQ*EA*ZZ*7076*11*9513*16
CTT*1
SE*9*0015
ST*852*0016
XQ*H*20070814
N9*AD*T00000040
LIN**IN*097097111*ZZ*43*UP*831664000781*****DG*1*VS*00000
ZA*QS***006*20070813
CTP**UCP*2.1
SDQ*EA*ZZ*4244*1*7358*1
CTT*1
SE*9*0016
ST*852*0017
XQ*H*20070814
N9*AD*T00000040
LIN**IN*097098311*ZZ*43*UP*831664000996*****DG*4*VS*00000
ZA*QS***006*20070813
CTP**UCP*1.35
SDQ*EA*ZZ*7184*1
CTT*1
SE*9*0017
ST*852*0018
XQ*H*20070814
N9*AD*T00000040
LIN**IN*097098511*ZZ*43*UP*831664001016*****DG*1*VS*00000
ZA*QS***006*20070812
CTP**UCP*2
SDQ*EA*ZZ*3703*-8
CTT*1
SE*9*0018
GE*18*108
IEA*1*000000108
*** SUPERTRACS READY FOR INPUT
