ISA*00*          *00*          *09*006985290EFT   *12*6154525825     *060505*2301*U*00400*001000020*0*P*>
GS*RA*006985290EFT*6154525825*20060505*2301*1000020*X*004010
ST*820*0001
BPR*I*201980.98*C*ACH*CCP*01*021000018*DA*0300955622*9008965873**01*064102601*DA*3000289*20060509*VEN
TRN*3*770172697*9008965873
DTM*097*20060505
N1*PR*KMART CORPORATION*1*008965873
N1*PE*YOUNGS FARMS*92*00069099588
N1*SE*YOUNGS FARMS*92*00069099588
ENT*1
RMR*IK*306320060406*PI*172.37*172.37*0
REF*PO*0020060407
REF*ST*03063
REF*DP*043
DTM*999*20060406
RMR*IK*306320060407*PI*201.76*201.76*0
REF*PO*0020060408
REF*ST*03063
REF*DP*043
DTM*999*20060407
RMR*IK*306320060408*PI*188.39*188.39*0
REF*PO*0020060409
REF*ST*03063
REF*DP*043
DTM*999*20060408
RMR*IK*306320060409*PI*226.28*226.28*0
REF*PO*0020060410
REF*ST*03063
REF*DP*043
DTM*999*20060409
RMR*IK*306320060410*PI*241.47*241.47*0
REF*PO*0020060411
REF*ST*03063
REF*DP*043
DTM*999*20060410
RMR*IK*306320060411*PI*132.73*132.73*0
REF*PO*0020060412
REF*ST*03063
REF*DP*043
DTM*999*20060411
RMR*IK*306320060412*PI*87.69*87.69*0
REF*PO*0020060413
REF*ST*03063
REF*DP*043
DTM*999*20060412
RMR*IK*308220060406*PI*243.29*243.29*0
REF*PO*0020060407
REF*ST*03082
REF*DP*043
DTM*999*20060406
RMR*IK*308220060407*PI*124.37*124.37*0
REF*PO*0020060408
REF*ST*03082
REF*DP*043
DTM*999*20060407
RMR*IK*308220060408*PI*225.95*225.95*0
REF*PO*0020060409
REF*ST*03082
REF*DP*043
DTM*999*20060408
RMR*IK*308220060409*PI*166.41*166.41*0
REF*PO*0020060410
REF*ST*03082
REF*DP*043
DTM*999*20060409
RMR*IK*308220060410*PI*243.8*243.8*0
REF*PO*0020060411
REF*ST*03082
REF*DP*043
DTM*999*20060410
RMR*IK*308220060411*PI*200.71*200.71*0
REF*PO*0020060412
REF*ST*03082
REF*DP*043
DTM*999*20060411
RMR*IK*308220060412*PI*214.58*214.58*0
REF*PO*0020060413
REF*ST*03082
REF*DP*043
DTM*999*20060412
RMR*IK*308320060406*PI*553.91*553.91*0
REF*PO*0020060407
REF*ST*03083
REF*DP*043
DTM*999*20060406
RMR*IK*308320060407*PI*678.54*678.54*0
REF*PO*0020060408
REF*ST*03083
REF*DP*043
DTM*999*20060407
RMR*IK*308320060408*PI*865.22*865.22*0
REF*PO*0020060409
REF*ST*03083
REF*DP*043
DTM*999*20060408
RMR*IK*308320060409*PI*512.25*512.25*0
REF*PO*0020060410
REF*ST*03083
REF*DP*043
DTM*999*20060409
RMR*IK*308320060410*PI*530.58*530.58*0
REF*PO*0020060411
REF*ST*03083
REF*DP*043
DTM*999*20060410
RMR*IK*308320060411*PI*403.7*403.7*0
REF*PO*0020060412
REF*ST*03083
REF*DP*043
DTM*999*20060411
RMR*IK*308320060412*PI*456.98*456.98*0
REF*PO*0020060413
REF*ST*03083
REF*DP*043
DTM*999*20060412
RMR*IK*308420060406*PI*246.81*246.81*0
REF*PO*0020060407
REF*ST*03084
REF*DP*043
DTM*999*20060406
RMR*IK*308420060407*PI*209.71*209.71*0
REF*PO*0020060408
REF*ST*03084
REF*DP*043
DTM*999*20060407
RMR*IK*308420060408*PI*67.7*67.7*0
REF*PO*0020060409
REF*ST*03084
REF*DP*043
DTM*999*20060408
RMR*IK*308420060409*PI*234.14*234.14*0
REF*PO*0020060410
REF*ST*03084
REF*DP*043
DTM*999*20060409
RMR*IK*308420060410*PI*217.78*217.78*0
REF*PO*0020060411
REF*ST*03084
REF*DP*043
DTM*999*20060410
RMR*IK*308420060411*PI*229.62*229.62*0
REF*PO*0020060412
REF*ST*03084
REF*DP*043
DTM*999*20060411
RMR*IK*308420060412*PI*160.32*160.32*0
REF*PO*0020060413
REF*ST*03084
REF*DP*043
DTM*999*20060412
RMR*IK*310320060406*PI*191.59*191.59*0
REF*PO*0020060407
REF*ST*03103
REF*DP*043
DTM*999*20060406
RMR*IK*310320060407*PI*335.06*335.06*0
REF*PO*0020060408
REF*ST*03103
REF*DP*043
DTM*999*20060407
RMR*IK*310320060408*PI*203.7*203.7*0
REF*PO*0020060409
REF*ST*03103
REF*DP*043
DTM*999*20060408
RMR*IK*310320060409*PI*165.43*165.43*0
REF*PO*0020060410
REF*ST*03103
REF*DP*043
DTM*999*20060409
RMR*IK*310320060410*PI*270.36*270.36*0
REF*PO*0020060411
REF*ST*03103
REF*DP*043
DTM*999*20060410
RMR*IK*310320060411*PI*189.77*189.77*0
REF*PO*0020060412
REF*ST*03103
REF*DP*043
DTM*999*20060411
RMR*IK*310320060412*PI*204.75*204.75*0
REF*PO*0020060413
REF*ST*03103
REF*DP*043
DTM*999*20060412
RMR*IK*314320060406*PI*527.65*527.65*0
REF*PO*0020060407
REF*ST*03143
REF*DP*043
DTM*999*20060406
RMR*IK*314320060407*PI*162.38*162.38*0
REF*PO*0020060408
REF*ST*03143
REF*DP*043
DTM*999*20060407
RMR*IK*314320060408*PI*180.86*180.86*0
REF*PO*0020060409
REF*ST*03143
REF*DP*043
DTM*999*20060408
RMR*IK*314320060409*PI*268.85*268.85*0
REF*PO*0020060410
REF*ST*03143
REF*DP*043
DTM*999*20060409
RMR*IK*314320060410*PI*462.71*462.71*0
REF*PO*0020060411
REF*ST*03143
REF*DP*043
DTM*999*20060410
RMR*IK*314320060411*PI*395.09*395.09*0
REF*PO*0020060412
REF*ST*03143
REF*DP*043
DTM*999*20060411
RMR*IK*314320060412*PI*609.87*609.87*0
REF*PO*0020060413
REF*ST*03143
REF*DP*043
DTM*999*20060412
RMR*IK*319420060406*PI*296.26*296.26*0
REF*PO*0020060407
REF*ST*03194
REF*DP*043
DTM*999*20060406
RMR*IK*319420060407*PI*109.49*109.49*0
REF*PO*0020060408
REF*ST*03194
REF*DP*043
DTM*999*20060407
RMR*IK*319420060408*PI*384.01*384.01*0
REF*PO*0020060409
REF*ST*03194
REF*DP*043
DTM*999*20060408
RMR*IK*319420060409*PI*80.61*80.61*0
REF*PO*0020060410
REF*ST*03194
REF*DP*043
DTM*999*20060409
RMR*IK*319420060410*PI*239.81*239.81*0
REF*PO*0020060411
REF*ST*03194
REF*DP*043
DTM*999*20060410
RMR*IK*319420060411*PI*230.1*230.1*0
REF*PO*0020060412
REF*ST*03194
REF*DP*043
DTM*999*20060411
RMR*IK*319420060412*PI*242.28*242.28*0
REF*PO*0020060413
REF*ST*03194
REF*DP*043
DTM*999*20060412
RMR*IK*321920060406*PI*191.44*191.44*0
REF*PO*0020060407
REF*ST*03219
REF*DP*043
DTM*999*20060406
RMR*IK*321920060407*PI*130.4*130.4*0
REF*PO*0020060408
REF*ST*03219
REF*DP*043
DTM*999*20060407
RMR*IK*321920060408*PI*118.33*118.33*0
REF*PO*0020060409
REF*ST*03219
REF*DP*043
DTM*999*20060408
RMR*IK*321920060409*PI*192.04*192.04*0
REF*PO*0020060410
REF*ST*03219
REF*DP*043
DTM*999*20060409
RMR*IK*321920060410*PI*242.73*242.73*0
REF*PO*0020060411
REF*ST*03219
REF*DP*043
DTM*999*20060410
RMR*IK*321920060411*PI*112.26*112.26*0
REF*PO*0020060412
REF*ST*03219
REF*DP*043
DTM*999*20060411
RMR*IK*321920060412*PI*135.64*135.64*0
REF*PO*0020060413
REF*ST*03219
REF*DP*043
DTM*999*20060412
RMR*IK*322320060406*PI*179.13*179.13*0
REF*PO*0020060407
REF*ST*03223
REF*DP*043
DTM*999*20060406
RMR*IK*322320060407*PI*192.09*192.09*0
REF*PO*0020060408
REF*ST*03223
REF*DP*043
DTM*999*20060407
RMR*IK*322320060408*PI*334.45*334.45*0
REF*PO*0020060409
REF*ST*03223
REF*DP*043
DTM*999*20060408
RMR*IK*322320060409*PI*326.69*326.69*0
REF*PO*0020060410
REF*ST*03223
REF*DP*043
DTM*999*20060409
RMR*IK*322320060410*PI*159.7*159.7*0
REF*PO*0020060411
REF*ST*03223
REF*DP*043
DTM*999*20060410
RMR*IK*322320060411*PI*193.99*193.99*0
REF*PO*0020060412
REF*ST*03223
REF*DP*043
DTM*999*20060411
RMR*IK*322320060412*PI*147.96*147.96*0
REF*PO*0020060413
REF*ST*03223
REF*DP*043
DTM*999*20060412
RMR*IK*328920060406*PI*126.82*126.82*0
REF*PO*0020060407
REF*ST*03289
REF*DP*043
DTM*999*20060406
RMR*IK*328920060407*PI*158.59*158.59*0
REF*PO*0020060408
REF*ST*03289
REF*DP*043
DTM*999*20060407
RMR*IK*328920060408*PI*103.5*103.5*0
REF*PO*0020060409
REF*ST*03289
REF*DP*043
DTM*999*20060408
RMR*IK*328920060409*PI*143.06*143.06*0
REF*PO*0020060410
REF*ST*03289
REF*DP*043
DTM*999*20060409
RMR*IK*328920060410*PI*303.02*303.02*0
REF*PO*0020060411
REF*ST*03289
REF*DP*043
DTM*999*20060410
RMR*IK*328920060411*PI*218.97*218.97*0
REF*PO*0020060412
REF*ST*03289
REF*DP*043
DTM*999*20060411
RMR*IK*328920060412*PI*118.57*118.57*0
REF*PO*0020060413
REF*ST*03289
REF*DP*043
DTM*999*20060412
RMR*IK*334820060406*PI*385.63*385.63*0
REF*PO*0020060407
REF*ST*03348
REF*DP*043
DTM*999*20060406
RMR*IK*334820060407*PI*328.49*328.49*0
REF*PO*0020060408
REF*ST*03348
REF*DP*043
DTM*999*20060407
RMR*IK*334820060408*PI*357.14*357.14*0
REF*PO*0020060409
REF*ST*03348
REF*DP*043
DTM*999*20060408
RMR*IK*334820060409*PI*429.02*429.02*0
REF*PO*0020060410
REF*ST*03348
REF*DP*043
DTM*999*20060409
RMR*IK*334820060410*PI*297.91*297.91*0
REF*PO*0020060411
REF*ST*03348
REF*DP*043
DTM*999*20060410
RMR*IK*334820060411*PI*250.89*250.89*0
REF*PO*0020060412
REF*ST*03348
REF*DP*043
DTM*999*20060411
RMR*IK*334820060412*PI*442.02*442.02*0
REF*PO*0020060413
REF*ST*03348
REF*DP*043
DTM*999*20060412
RMR*IK*335520060406*PI*217.88*217.88*0
REF*PO*0020060407
REF*ST*03355
REF*DP*043
DTM*999*20060406
RMR*IK*335520060407*PI*133.25*133.25*0
REF*PO*0020060408
REF*ST*03355
REF*DP*043
DTM*999*20060407
RMR*IK*335520060408*PI*271.19*271.19*0
REF*PO*0020060409
REF*ST*03355
REF*DP*043
DTM*999*20060408
RMR*IK*335520060409*PI*228.82*228.82*0
REF*PO*0020060410
REF*ST*03355
REF*DP*043
DTM*999*20060409
RMR*IK*335520060410*PI*201.56*201.56*0
REF*PO*0020060411
REF*ST*03355
REF*DP*043
DTM*999*20060410
RMR*IK*335520060411*PI*106.83*106.83*0
REF*PO*0020060412
REF*ST*03355
REF*DP*043
DTM*999*20060411
RMR*IK*335520060412*PI*201.11*201.11*0
REF*PO*0020060413
REF*ST*03355
REF*DP*043
DTM*999*20060412
RMR*IK*335920060406*PI*127.03*127.03*0
REF*PO*0020060407
REF*ST*03359
REF*DP*043
DTM*999*20060406
RMR*IK*335920060407*PI*97.95*97.95*0
REF*PO*0020060408
REF*ST*03359
REF*DP*043
DTM*999*20060407
RMR*IK*335920060410*PI*57.6*57.6*0
REF*PO*0020060411
REF*ST*03359
REF*DP*043
DTM*999*20060410
RMR*IK*335920060411*PI*138.71*138.71*0
REF*PO*0020060412
REF*ST*03359
REF*DP*043
DTM*999*20060411
RMR*IK*335920060412*PI*257.63*257.63*0
REF*PO*0020060413
REF*ST*03359
REF*DP*043
DTM*999*20060412
RMR*IK*340820060406*PI*307.78*307.78*0
REF*PO*0020060407
REF*ST*03408
REF*DP*043
DTM*999*20060406
RMR*IK*340820060407*PI*296.81*296.81*0
REF*PO*0020060408
REF*ST*03408
REF*DP*043
DTM*999*20060407
RMR*IK*340820060408*PI*306.43*306.43*0
REF*PO*0020060409
REF*ST*03408
REF*DP*043
DTM*999*20060408
RMR*IK*340820060409*PI*311.35*311.35*0
REF*PO*0020060410
REF*ST*03408
REF*DP*043
DTM*999*20060409
RMR*IK*340820060410*PI*279.7*279.7*0
REF*PO*0020060411
REF*ST*03408
REF*DP*043
DTM*999*20060410
RMR*IK*340820060411*PI*365.45*365.45*0
REF*PO*0020060412
REF*ST*03408
REF*DP*043
DTM*999*20060411
RMR*IK*340820060412*PI*228.19*228.19*0
REF*PO*0020060413
REF*ST*03408
REF*DP*043
DTM*999*20060412
RMR*IK*360220060406*PI*196.07*196.07*0
REF*PO*0020060407
REF*ST*03602
REF*DP*043
DTM*999*20060406
RMR*IK*360220060407*PI*278.21*278.21*0
REF*PO*0020060408
REF*ST*03602
REF*DP*043
DTM*999*20060407
RMR*IK*360220060408*PI*265.39*265.39*0
REF*PO*0020060409
REF*ST*03602
REF*DP*043
DTM*999*20060408
RMR*IK*360220060409*PI*324.04*324.04*0
REF*PO*0020060410
REF*ST*03602
REF*DP*043
DTM*999*20060409
RMR*IK*360220060410*PI*163.97*163.97*0
REF*PO*0020060411
REF*ST*03602
REF*DP*043
DTM*999*20060410
RMR*IK*360220060411*PI*253.4*253.4*0
REF*PO*0020060412
REF*ST*03602
REF*DP*043
DTM*999*20060411
RMR*IK*360220060412*PI*332.59*332.59*0
REF*PO*0020060413
REF*ST*03602
REF*DP*043
DTM*999*20060412
RMR*IK*364420060406*PI*176.46*176.46*0
REF*PO*0020060407
REF*ST*03644
REF*DP*043
DTM*999*20060406
RMR*IK*364420060407*PI*269.97*269.97*0
REF*PO*0020060408
REF*ST*03644
REF*DP*043
DTM*999*20060407
RMR*IK*364420060408*PI*117.95*117.95*0
REF*PO*0020060409
REF*ST*03644
REF*DP*043
DTM*999*20060408
RMR*IK*364420060409*PI*490.98*490.98*0
REF*PO*0020060410
REF*ST*03644
REF*DP*043
DTM*999*20060409
RMR*IK*364420060410*PI*456.32*456.32*0
REF*PO*0020060411
REF*ST*03644
REF*DP*043
DTM*999*20060410
RMR*IK*364420060411*PI*484.55*484.55*0
REF*PO*0020060412
REF*ST*03644
REF*DP*043
DTM*999*20060411
RMR*IK*364420060412*PI*475.19*475.19*0
REF*PO*0020060413
REF*ST*03644
REF*DP*043
DTM*999*20060412
RMR*IK*364620060406*PI*303.62*303.62*0
REF*PO*0020060407
REF*ST*03646
REF*DP*043
DTM*999*20060406
RMR*IK*364620060407*PI*212.93*212.93*0
REF*PO*0020060408
REF*ST*03646
REF*DP*043
DTM*999*20060407
RMR*IK*364620060408*PI*184.3*184.3*0
REF*PO*0020060409
REF*ST*03646
REF*DP*043
DTM*999*20060408
RMR*IK*364620060409*PI*256.35*256.35*0
REF*PO*0020060410
REF*ST*03646
REF*DP*043
DTM*999*20060409
RMR*IK*364620060410*PI*261.75*261.75*0
REF*PO*0020060411
REF*ST*03646
REF*DP*043
DTM*999*20060410
RMR*IK*364620060411*PI*269.55*269.55*0
REF*PO*0020060412
REF*ST*03646
REF*DP*043
DTM*999*20060411
RMR*IK*364620060412*PI*226.85*226.85*0
REF*PO*0020060413
REF*ST*03646
REF*DP*043
DTM*999*20060412
RMR*IK*366020060406*PI*152.62*152.62*0
REF*PO*0020060407
REF*ST*03660
REF*DP*043
DTM*999*20060406
RMR*IK*366020060407*PI*215.98*215.98*0
REF*PO*0020060408
REF*ST*03660
REF*DP*043
DTM*999*20060407
RMR*IK*366020060408*PI*178.25*178.25*0
REF*PO*0020060409
REF*ST*03660
REF*DP*043
DTM*999*20060408
RMR*IK*366020060409*PI*221.9*221.9*0
REF*PO*0020060410
REF*ST*03660
REF*DP*043
DTM*999*20060409
RMR*IK*366020060410*PI*116.01*116.01*0
REF*PO*0020060411
REF*ST*03660
REF*DP*043
DTM*999*20060410
RMR*IK*366020060411*PI*86.86*86.86*0
REF*PO*0020060412
REF*ST*03660
REF*DP*043
DTM*999*20060411
RMR*IK*366020060412*PI*226.04*226.04*0
REF*PO*0020060413
REF*ST*03660
REF*DP*043
DTM*999*20060412
RMR*IK*366120060406*PI*281.23*281.23*0
REF*PO*0020060407
REF*ST*03661
REF*DP*043
DTM*999*20060406
RMR*IK*366120060407*PI*402.03*402.03*0
REF*PO*0020060408
REF*ST*03661
REF*DP*043
DTM*999*20060407
RMR*IK*366120060408*PI*298.35*298.35*0
REF*PO*0020060409
REF*ST*03661
REF*DP*043
DTM*999*20060408
RMR*IK*366120060409*PI*677.47*677.47*0
REF*PO*0020060410
REF*ST*03661
REF*DP*043
DTM*999*20060409
RMR*IK*366120060410*PI*386.04*386.04*0
REF*PO*0020060411
REF*ST*03661
REF*DP*043
DTM*999*20060410
RMR*IK*366120060411*PI*375.23*375.23*0
REF*PO*0020060412
REF*ST*03661
REF*DP*043
DTM*999*20060411
RMR*IK*366120060412*PI*340.23*340.23*0
REF*PO*0020060413
REF*ST*03661
REF*DP*043
DTM*999*20060412
RMR*IK*367220060406*PI*447.14*447.14*0
REF*PO*0020060407
REF*ST*03672
REF*DP*043
DTM*999*20060406
RMR*IK*367220060407*PI*253.9*253.9*0
REF*PO*0020060408
REF*ST*03672
REF*DP*043
DTM*999*20060407
RMR*IK*367220060408*PI*450.31*450.31*0
REF*PO*0020060409
REF*ST*03672
REF*DP*043
DTM*999*20060408
RMR*IK*367220060409*PI*300.45*300.45*0
REF*PO*0020060410
REF*ST*03672
REF*DP*043
DTM*999*20060409
RMR*IK*367220060410*PI*592.22*592.22*0
REF*PO*0020060411
REF*ST*03672
REF*DP*043
DTM*999*20060410
RMR*IK*367220060411*PI*671.53*671.53*0
REF*PO*0020060412
REF*ST*03672
REF*DP*043
DTM*999*20060411
RMR*IK*367220060412*PI*364.47*364.47*0
REF*PO*0020060413
REF*ST*03672
REF*DP*043
DTM*999*20060412
RMR*IK*367520060406*PI*153.97*153.97*0
REF*PO*0020060407
REF*ST*03675
REF*DP*043
DTM*999*20060406
RMR*IK*367520060407*PI*277.65*277.65*0
REF*PO*0020060408
REF*ST*03675
REF*DP*043
DTM*999*20060407
RMR*IK*367520060408*PI*98.15*98.15*0
REF*PO*0020060409
REF*ST*03675
REF*DP*043
DTM*999*20060408
RMR*IK*367520060409*PI*219.01*219.01*0
REF*PO*0020060410
REF*ST*03675
REF*DP*043
DTM*999*20060409
RMR*IK*367520060410*PI*214.96*214.96*0
REF*PO*0020060411
REF*ST*03675
REF*DP*043
DTM*999*20060410
RMR*IK*367520060411*PI*222.65*222.65*0
REF*PO*0020060412
REF*ST*03675
REF*DP*043
DTM*999*20060411
RMR*IK*367520060412*PI*139.15*139.15*0
REF*PO*0020060413
REF*ST*03675
REF*DP*043
DTM*999*20060412
RMR*IK*368520060406*PI*148.73*148.73*0
REF*PO*0020060407
REF*ST*03685
REF*DP*043
DTM*999*20060406
RMR*IK*368520060407*PI*223.32*223.32*0
REF*PO*0020060408
REF*ST*03685
REF*DP*043
DTM*999*20060407
RMR*IK*368520060408*PI*88.5*88.5*0
REF*PO*0020060409
REF*ST*03685
REF*DP*043
DTM*999*20060408
RMR*IK*368520060409*PI*194.41*194.41*0
REF*PO*0020060410
REF*ST*03685
REF*DP*043
DTM*999*20060409
RMR*IK*368520060410*PI*84.56*84.56*0
REF*PO*0020060411
REF*ST*03685
REF*DP*043
DTM*999*20060410
RMR*IK*368520060411*PI*249.53*249.53*0
REF*PO*0020060412
REF*ST*03685
REF*DP*043
DTM*999*20060411
RMR*IK*368520060412*PI*123.24*123.24*0
REF*PO*0020060413
REF*ST*03685
REF*DP*043
DTM*999*20060412
RMR*IK*370120060406*PI*211.05*211.05*0
REF*PO*0020060407
REF*ST*03701
REF*DP*043
DTM*999*20060406
RMR*IK*370120060407*PI*208.6*208.6*0
REF*PO*0020060408
REF*ST*03701
REF*DP*043
DTM*999*20060407
RMR*IK*370120060408*PI*310.86*310.86*0
REF*PO*0020060409
REF*ST*03701
REF*DP*043
DTM*999*20060408
RMR*IK*370120060409*PI*282.19*282.19*0
REF*PO*0020060410
REF*ST*03701
REF*DP*043
DTM*999*20060409
RMR*IK*370120060410*PI*240.65*240.65*0
REF*PO*0020060411
REF*ST*03701
REF*DP*043
DTM*999*20060410
RMR*IK*370120060411*PI*164.62*164.62*0
REF*PO*0020060412
REF*ST*03701
REF*DP*043
DTM*999*20060411
RMR*IK*370120060412*PI*107.38*107.38*0
REF*PO*0020060413
REF*ST*03701
REF*DP*043
DTM*999*20060412
RMR*IK*370320060406*PI*392.93*392.93*0
REF*PO*0020060407
REF*ST*03703
REF*DP*043
DTM*999*20060406
RMR*IK*370320060407*PI*159*159*0
REF*PO*0020060408
REF*ST*03703
REF*DP*043
DTM*999*20060407
RMR*IK*370320060408*PI*330.18*330.18*0
REF*PO*0020060409
REF*ST*03703
REF*DP*043
DTM*999*20060408
RMR*IK*370320060409*PI*1039.14*1039.14*0
REF*PO*0020060410
REF*ST*03703
REF*DP*043
DTM*999*20060409
RMR*IK*370320060410*PI*516.29*516.29*0
REF*PO*0020060411
REF*ST*03703
REF*DP*043
DTM*999*20060410
RMR*IK*370320060411*PI*569.64*569.64*0
REF*PO*0020060412
REF*ST*03703
REF*DP*043
DTM*999*20060411
RMR*IK*370320060412*PI*616.28*616.28*0
REF*PO*0020060413
REF*ST*03703
REF*DP*043
DTM*999*20060412
RMR*IK*371320060406*PI*397.03*397.03*0
REF*PO*0020060407
REF*ST*03713
REF*DP*043
DTM*999*20060406
RMR*IK*371320060407*PI*326.84*326.84*0
REF*PO*0020060408
REF*ST*03713
REF*DP*043
DTM*999*20060407
RMR*IK*371320060408*PI*192.72*192.72*0
REF*PO*0020060409
REF*ST*03713
REF*DP*043
DTM*999*20060408
RMR*IK*371320060409*PI*203.63*203.63*0
REF*PO*0020060410
REF*ST*03713
REF*DP*043
DTM*999*20060409
RMR*IK*371320060410*PI*223.42*223.42*0
REF*PO*0020060411
REF*ST*03713
REF*DP*043
DTM*999*20060410
RMR*IK*371320060411*PI*218.51*218.51*0
REF*PO*0020060412
REF*ST*03713
REF*DP*043
DTM*999*20060411
RMR*IK*371320060412*PI*358.6*358.6*0
REF*PO*0020060413
REF*ST*03713
REF*DP*043
DTM*999*20060412
RMR*IK*371520060406*PI*49.45*49.45*0
REF*PO*0020060407
REF*ST*03715
REF*DP*043
DTM*999*20060406
RMR*IK*371520060407*PI*17.55*17.55*0
REF*PO*0020060408
REF*ST*03715
REF*DP*043
DTM*999*20060407
RMR*IK*371520060408*PI*77.41*77.41*0
REF*PO*0020060409
REF*ST*03715
REF*DP*043
DTM*999*20060408
RMR*IK*371520060409*PI*135.67*135.67*0
REF*PO*0020060410
REF*ST*03715
REF*DP*043
DTM*999*20060409
RMR*IK*371520060410*PI*192.4*192.4*0
REF*PO*0020060411
REF*ST*03715
REF*DP*043
DTM*999*20060410
RMR*IK*371520060411*PI*252.61*252.61*0
REF*PO*0020060412
REF*ST*03715
REF*DP*043
DTM*999*20060411
RMR*IK*371520060412*PI*102.56*102.56*0
REF*PO*0020060413
REF*ST*03715
REF*DP*043
DTM*999*20060412
RMR*IK*371520060503*PI*-1.05*-1.05*0
REF*PO*0020060505
REF*ST*03715
REF*DP*043
DTM*999*20060503
RMR*IK*382220060406*PI*80.7*80.7*0
REF*PO*0020060407
REF*ST*03822
REF*DP*043
DTM*999*20060406
RMR*IK*382220060407*PI*150.5*150.5*0
REF*PO*0020060408
REF*ST*03822
REF*DP*043
DTM*999*20060407
RMR*IK*382220060408*PI*96.4*96.4*0
REF*PO*0020060409
REF*ST*03822
REF*DP*043
DTM*999*20060408
RMR*IK*382220060409*PI*317.5*317.5*0
REF*PO*0020060410
REF*ST*03822
REF*DP*043
DTM*999*20060409
RMR*IK*382220060410*PI*251.55*251.55*0
REF*PO*0020060411
REF*ST*03822
REF*DP*043
DTM*999*20060410
RMR*IK*382220060411*PI*318.5*318.5*0
REF*PO*0020060412
REF*ST*03822
REF*DP*043
DTM*999*20060411
RMR*IK*382220060412*PI*197.4*197.4*0
REF*PO*0020060413
REF*ST*03822
REF*DP*043
DTM*999*20060412
RMR*IK*383620060406*PI*54.25*54.25*0
REF*PO*0020060407
REF*ST*03836
REF*DP*043
DTM*999*20060406
RMR*IK*383620060407*PI*225.15*225.15*0
REF*PO*0020060408
REF*ST*03836
REF*DP*043
DTM*999*20060407
RMR*IK*383620060408*PI*157.88*157.88*0
REF*PO*0020060409
REF*ST*03836
REF*DP*043
DTM*999*20060408
RMR*IK*383620060409*PI*204.73*204.73*0
REF*PO*0020060410
REF*ST*03836
REF*DP*043
DTM*999*20060409
RMR*IK*383620060410*PI*139.24*139.24*0
REF*PO*0020060411
REF*ST*03836
REF*DP*043
DTM*999*20060410
RMR*IK*383620060411*PI*206.18*206.18*0
REF*PO*0020060412
REF*ST*03836
REF*DP*043
DTM*999*20060411
RMR*IK*383620060412*PI*259.22*259.22*0
REF*PO*0020060413
REF*ST*03836
REF*DP*043
DTM*999*20060412
RMR*IK*384820060406*PI*89.41*89.41*0
REF*PO*0020060407
REF*ST*03848
REF*DP*043
DTM*999*20060406
RMR*IK*384820060407*PI*103.74*103.74*0
REF*PO*0020060408
REF*ST*03848
REF*DP*043
DTM*999*20060407
RMR*IK*384820060408*PI*216.75*216.75*0
REF*PO*0020060409
REF*ST*03848
REF*DP*043
DTM*999*20060408
RMR*IK*384820060409*PI*255.28*255.28*0
REF*PO*0020060410
REF*ST*03848
REF*DP*043
DTM*999*20060409
RMR*IK*384820060410*PI*369.35*369.35*0
REF*PO*0020060411
REF*ST*03848
REF*DP*043
DTM*999*20060410
RMR*IK*384820060411*PI*476.92*476.92*0
REF*PO*0020060412
REF*ST*03848
REF*DP*043
DTM*999*20060411
RMR*IK*384820060412*PI*578.84*578.84*0
REF*PO*0020060413
REF*ST*03848
REF*DP*043
DTM*999*20060412
RMR*IK*387620060406*PI*52.73*52.73*0
REF*PO*0020060407
REF*ST*03876
REF*DP*043
DTM*999*20060406
RMR*IK*387620060407*PI*272.2*272.2*0
REF*PO*0020060408
REF*ST*03876
REF*DP*043
DTM*999*20060407
RMR*IK*387620060408*PI*69.21*69.21*0
REF*PO*0020060409
REF*ST*03876
REF*DP*043
DTM*999*20060408
RMR*IK*387620060409*PI*287.87*287.87*0
REF*PO*0020060410
REF*ST*03876
REF*DP*043
DTM*999*20060409
RMR*IK*387620060410*PI*143.37*143.37*0
REF*PO*0020060411
REF*ST*03876
REF*DP*043
DTM*999*20060410
RMR*IK*387620060411*PI*211.9*211.9*0
REF*PO*0020060412
REF*ST*03876
REF*DP*043
DTM*999*20060411
RMR*IK*387620060412*PI*164.11*164.11*0
REF*PO*0020060413
REF*ST*03876
REF*DP*043
DTM*999*20060412
RMR*IK*390520060406*PI*270.18*270.18*0
REF*PO*0020060407
REF*ST*03905
REF*DP*043
DTM*999*20060406
RMR*IK*390520060407*PI*144.96*144.96*0
REF*PO*0020060408
REF*ST*03905
REF*DP*043
DTM*999*20060407
RMR*IK*390520060408*PI*124.42*124.42*0
REF*PO*0020060409
REF*ST*03905
REF*DP*043
DTM*999*20060408
RMR*IK*390520060409*PI*142.7*142.7*0
REF*PO*0020060410
REF*ST*03905
REF*DP*043
DTM*999*20060409
RMR*IK*390520060410*PI*122.71*122.71*0
REF*PO*0020060411
REF*ST*03905
REF*DP*043
DTM*999*20060410
RMR*IK*390520060411*PI*113.85*113.85*0
REF*PO*0020060412
REF*ST*03905
REF*DP*043
DTM*999*20060411
RMR*IK*390520060412*PI*204.43*204.43*0
REF*PO*0020060413
REF*ST*03905
REF*DP*043
DTM*999*20060412
RMR*IK*390520060429*PI*-1.05*-1.05*0
REF*PO*0020060501
REF*ST*03905
REF*DP*043
DTM*999*20060429
RMR*IK*392920060406*PI*127.46*127.46*0
REF*PO*0020060407
REF*ST*03929
REF*DP*043
DTM*999*20060406
RMR*IK*392920060407*PI*157.97*157.97*0
REF*PO*0020060408
REF*ST*03929
REF*DP*043
DTM*999*20060407
RMR*IK*392920060408*PI*354.91*354.91*0
REF*PO*0020060409
REF*ST*03929
REF*DP*043
DTM*999*20060408
RMR*IK*392920060409*PI*331.05*331.05*0
REF*PO*0020060410
REF*ST*03929
REF*DP*043
DTM*999*20060409
RMR*IK*392920060410*PI*1.05*1.05*0
REF*PO*0020060412
REF*ST*03929
REF*DP*043
DTM*999*20060410
RMR*IK*392920060410*PI*163.62*163.62*0
REF*PO*0020060411
REF*ST*03929
REF*DP*043
DTM*999*20060410
RMR*IK*392920060411*PI*197.08*197.08*0
REF*PO*0020060412
REF*ST*03929
REF*DP*043
DTM*999*20060411
RMR*IK*392920060412*PI*185.43*185.43*0
REF*PO*0020060413
REF*ST*03929
REF*DP*043
DTM*999*20060412
RMR*IK*393120060406*PI*160.53*160.53*0
REF*PO*0020060407
REF*ST*03931
REF*DP*043
DTM*999*20060406
RMR*IK*393120060407*PI*152.75*152.75*0
REF*PO*0020060408
REF*ST*03931
REF*DP*043
DTM*999*20060407
RMR*IK*393120060408*PI*281.18*281.18*0
REF*PO*0020060409
REF*ST*03931
REF*DP*043
DTM*999*20060408
RMR*IK*393120060409*PI*244.32*244.32*0
REF*PO*0020060410
REF*ST*03931
REF*DP*043
DTM*999*20060409
RMR*IK*393120060410*PI*154.12*154.12*0
REF*PO*0020060411
REF*ST*03931
REF*DP*043
DTM*999*20060410
RMR*IK*393120060411*PI*165.5*165.5*0
REF*PO*0020060412
REF*ST*03931
REF*DP*043
DTM*999*20060411
RMR*IK*393120060412*PI*159.88*159.88*0
REF*PO*0020060413
REF*ST*03931
REF*DP*043
DTM*999*20060412
RMR*IK*393920060406*PI*41.8*41.8*0
REF*PO*0020060407
REF*ST*03939
REF*DP*043
DTM*999*20060406
RMR*IK*393920060407*PI*76.7*76.7*0
REF*PO*0020060408
REF*ST*03939
REF*DP*043
DTM*999*20060407
RMR*IK*393920060408*PI*216.2*216.2*0
REF*PO*0020060409
REF*ST*03939
REF*DP*043
DTM*999*20060408
RMR*IK*393920060409*PI*136.4*136.4*0
REF*PO*0020060410
REF*ST*03939
REF*DP*043
DTM*999*20060409
RMR*IK*393920060410*PI*89.95*89.95*0
REF*PO*0020060411
REF*ST*03939
REF*DP*043
DTM*999*20060410
RMR*IK*393920060411*PI*99.17*99.17*0
REF*PO*0020060412
REF*ST*03939
REF*DP*043
DTM*999*20060411
RMR*IK*393920060412*PI*164.91*164.91*0
REF*PO*0020060413
REF*ST*03939
REF*DP*043
DTM*999*20060412
RMR*IK*394120060406*PI*60.25*60.25*0
REF*PO*0020060407
REF*ST*03941
REF*DP*043
DTM*999*20060406
RMR*IK*394120060407*PI*220.95*220.95*0
REF*PO*0020060408
REF*ST*03941
REF*DP*043
DTM*999*20060407
RMR*IK*394120060408*PI*63.7*63.7*0
REF*PO*0020060409
REF*ST*03941
REF*DP*043
DTM*999*20060408
RMR*IK*394120060409*PI*148.7*148.7*0
REF*PO*0020060410
REF*ST*03941
REF*DP*043
DTM*999*20060409
RMR*IK*394120060410*PI*319.35*319.35*0
REF*PO*0020060411
REF*ST*03941
REF*DP*043
DTM*999*20060410
RMR*IK*394120060411*PI*185.2*185.2*0
REF*PO*0020060412
REF*ST*03941
REF*DP*043
DTM*999*20060411
RMR*IK*394120060412*PI*196.4*196.4*0
REF*PO*0020060413
REF*ST*03941
REF*DP*043
DTM*999*20060412
RMR*IK*394620060406*PI*31.95*31.95*0
REF*PO*0020060407
REF*ST*03946
REF*DP*043
DTM*999*20060406
RMR*IK*394620060407*PI*49.8*49.8*0
REF*PO*0020060408
REF*ST*03946
REF*DP*043
DTM*999*20060407
RMR*IK*394620060408*PI*87.17*87.17*0
REF*PO*0020060409
REF*ST*03946
REF*DP*043
DTM*999*20060408
RMR*IK*394620060409*PI*17.55*17.55*0
REF*PO*0020060410
REF*ST*03946
REF*DP*043
DTM*999*20060409
RMR*IK*394620060410*PI*35.05*35.05*0
REF*PO*0020060411
REF*ST*03946
REF*DP*043
DTM*999*20060410
RMR*IK*394620060411*PI*22.85*22.85*0
REF*PO*0020060412
REF*ST*03946
REF*DP*043
DTM*999*20060411
RMR*IK*394620060412*PI*14.35*14.35*0
REF*PO*0020060413
REF*ST*03946
REF*DP*043
DTM*999*20060412
RMR*IK*395720060406*PI*57.15*57.15*0
REF*PO*0020060407
REF*ST*03957
REF*DP*043
DTM*999*20060406
RMR*IK*395720060407*PI*101.25*101.25*0
REF*PO*0020060408
REF*ST*03957
REF*DP*043
DTM*999*20060407
RMR*IK*395720060408*PI*92.13*92.13*0
REF*PO*0020060409
REF*ST*03957
REF*DP*043
DTM*999*20060408
RMR*IK*395720060409*PI*195.67*195.67*0
REF*PO*0020060410
REF*ST*03957
REF*DP*043
DTM*999*20060409
RMR*IK*395720060410*PI*169.05*169.05*0
REF*PO*0020060411
REF*ST*03957
REF*DP*043
DTM*999*20060410
RMR*IK*395720060411*PI*212.95*212.95*0
REF*PO*0020060412
REF*ST*03957
REF*DP*043
DTM*999*20060411
RMR*IK*395720060412*PI*166.84*166.84*0
REF*PO*0020060413
REF*ST*03957
REF*DP*043
DTM*999*20060412
RMR*IK*396620060406*PI*337.95*337.95*0
REF*PO*0020060407
REF*ST*03966
REF*DP*043
DTM*999*20060406
RMR*IK*396620060407*PI*222.82*222.82*0
REF*PO*0020060408
REF*ST*03966
REF*DP*043
DTM*999*20060407
RMR*IK*396620060408*PI*125.52*125.52*0
REF*PO*0020060409
REF*ST*03966
REF*DP*043
DTM*999*20060408
RMR*IK*396620060409*PI*181.24*181.24*0
REF*PO*0020060410
REF*ST*03966
REF*DP*043
DTM*999*20060409
RMR*IK*396620060410*PI*132.55*132.55*0
REF*PO*0020060411
REF*ST*03966
REF*DP*043
DTM*999*20060410
RMR*IK*396620060411*PI*238.81*238.81*0
REF*PO*0020060412
REF*ST*03966
REF*DP*043
DTM*999*20060411
RMR*IK*396620060412*PI*282.12*282.12*0
REF*PO*0020060413
REF*ST*03966
REF*DP*043
DTM*999*20060412
RMR*IK*396720060406*PI*108.1*108.1*0
REF*PO*0020060407
REF*ST*03967
REF*DP*043
DTM*999*20060406
RMR*IK*396720060407*PI*52.2*52.2*0
REF*PO*0020060408
REF*ST*03967
REF*DP*043
DTM*999*20060407
RMR*IK*396720060408*PI*48.75*48.75*0
REF*PO*0020060409
REF*ST*03967
REF*DP*043
DTM*999*20060408
RMR*IK*396720060409*PI*212.85*212.85*0
REF*PO*0020060410
REF*ST*03967
REF*DP*043
DTM*999*20060409
RMR*IK*396720060410*PI*90.35*90.35*0
REF*PO*0020060411
REF*ST*03967
REF*DP*043
DTM*999*20060410
RMR*IK*396720060411*PI*46.14*46.14*0
REF*PO*0020060412
REF*ST*03967
REF*DP*043
DTM*999*20060411
RMR*IK*396720060412*PI*185.02*185.02*0
REF*PO*0020060413
REF*ST*03967
REF*DP*043
DTM*999*20060412
RMR*IK*397520060406*PI*240.16*240.16*0
REF*PO*0020060407
REF*ST*03975
REF*DP*043
DTM*999*20060406
RMR*IK*397520060407*PI*191.48*191.48*0
REF*PO*0020060408
REF*ST*03975
REF*DP*043
DTM*999*20060407
RMR*IK*397520060408*PI*506.41*506.41*0
REF*PO*0020060409
REF*ST*03975
REF*DP*043
DTM*999*20060408
RMR*IK*397520060409*PI*354.71*354.71*0
REF*PO*0020060410
REF*ST*03975
REF*DP*043
DTM*999*20060409
RMR*IK*397520060410*PI*300.24*300.24*0
REF*PO*0020060411
REF*ST*03975
REF*DP*043
DTM*999*20060410
RMR*IK*397520060411*PI*254.52*254.52*0
REF*PO*0020060412
REF*ST*03975
REF*DP*043
DTM*999*20060411
RMR*IK*397520060412*PI*278.21*278.21*0
REF*PO*0020060413
REF*ST*03975
REF*DP*043
DTM*999*20060412
RMR*IK*397820060406*PI*372.82*372.82*0
REF*PO*0020060407
REF*ST*03978
REF*DP*043
DTM*999*20060406
RMR*IK*397820060407*PI*446.04*446.04*0
REF*PO*0020060408
REF*ST*03978
REF*DP*043
DTM*999*20060407
RMR*IK*397820060408*PI*256.68*256.68*0
REF*PO*0020060409
REF*ST*03978
REF*DP*043
DTM*999*20060408
RMR*IK*397820060409*PI*205.02*205.02*0
REF*PO*0020060410
REF*ST*03978
REF*DP*043
DTM*999*20060409
RMR*IK*397820060410*PI*172.37*172.37*0
REF*PO*0020060411
REF*ST*03978
REF*DP*043
DTM*999*20060410
RMR*IK*397820060411*PI*471.93*471.93*0
REF*PO*0020060412
REF*ST*03978
REF*DP*043
DTM*999*20060411
RMR*IK*397820060412*PI*283*283*0
REF*PO*0020060413
REF*ST*03978
REF*DP*043
DTM*999*20060412
RMR*IK*399120060406*PI*194.93*194.93*0
REF*PO*0020060407
REF*ST*03991
REF*DP*043
DTM*999*20060406
RMR*IK*399120060407*PI*335.15*335.15*0
REF*PO*0020060408
REF*ST*03991
REF*DP*043
DTM*999*20060407
RMR*IK*399120060408*PI*329.11*329.11*0
REF*PO*0020060409
REF*ST*03991
REF*DP*043
DTM*999*20060408
RMR*IK*399120060409*PI*177.68*177.68*0
REF*PO*0020060410
REF*ST*03991
REF*DP*043
DTM*999*20060409
RMR*IK*399120060410*PI*107.06*107.06*0
REF*PO*0020060411
REF*ST*03991
REF*DP*043
DTM*999*20060410
RMR*IK*399120060411*PI*100.22*100.22*0
REF*PO*0020060412
REF*ST*03991
REF*DP*043
DTM*999*20060411
RMR*IK*399120060412*PI*142.85*142.85*0
REF*PO*0020060413
REF*ST*03991
REF*DP*043
DTM*999*20060412
RMR*IK*399420060406*PI*119.5*119.5*0
REF*PO*0020060407
REF*ST*03994
REF*DP*043
DTM*999*20060406
RMR*IK*399420060407*PI*131.55*131.55*0
REF*PO*0020060408
REF*ST*03994
REF*DP*043
DTM*999*20060407
RMR*IK*399420060408*PI*125.3*125.3*0
REF*PO*0020060409
REF*ST*03994
REF*DP*043
DTM*999*20060408
RMR*IK*399420060409*PI*189.14*189.14*0
REF*PO*0020060410
REF*ST*03994
REF*DP*043
DTM*999*20060409
RMR*IK*399420060410*PI*204.35*204.35*0
REF*PO*0020060411
REF*ST*03994
REF*DP*043
DTM*999*20060410
RMR*IK*399420060411*PI*167.92*167.92*0
REF*PO*0020060412
REF*ST*03994
REF*DP*043
DTM*999*20060411
RMR*IK*399420060412*PI*196.83*196.83*0
REF*PO*0020060413
REF*ST*03994
REF*DP*043
DTM*999*20060412
RMR*IK*399620060406*PI*354.17*354.17*0
REF*PO*0020060407
REF*ST*03996
REF*DP*043
DTM*999*20060406
RMR*IK*399620060407*PI*297.36*297.36*0
REF*PO*0020060408
REF*ST*03996
REF*DP*043
DTM*999*20060407
RMR*IK*399620060408*PI*244.84*244.84*0
REF*PO*0020060409
REF*ST*03996
REF*DP*043
DTM*999*20060408
RMR*IK*399620060409*PI*242.8*242.8*0
REF*PO*0020060410
REF*ST*03996
REF*DP*043
DTM*999*20060409
RMR*IK*399620060410*PI*217.59*217.59*0
REF*PO*0020060411
REF*ST*03996
REF*DP*043
DTM*999*20060410
RMR*IK*399620060411*PI*230.21*230.21*0
REF*PO*0020060412
REF*ST*03996
REF*DP*043
DTM*999*20060411
RMR*IK*399620060412*PI*212.76*212.76*0
REF*PO*0020060413
REF*ST*03996
REF*DP*043
DTM*999*20060412
RMR*IK*403320060406*PI*73.74*73.74*0
REF*PO*0020060407
REF*ST*04033
REF*DP*043
DTM*999*20060406
RMR*IK*403320060407*PI*99.03*99.03*0
REF*PO*0020060408
REF*ST*04033
REF*DP*043
DTM*999*20060407
RMR*IK*403320060408*PI*104.88*104.88*0
REF*PO*0020060409
REF*ST*04033
REF*DP*043
DTM*999*20060408
RMR*IK*403320060409*PI*101.7*101.7*0
REF*PO*0020060410
REF*ST*04033
REF*DP*043
DTM*999*20060409
RMR*IK*403320060410*PI*205.94*205.94*0
REF*PO*0020060411
REF*ST*04033
REF*DP*043
DTM*999*20060410
RMR*IK*403320060411*PI*207.22*207.22*0
REF*PO*0020060412
REF*ST*04033
REF*DP*043
DTM*999*20060411
RMR*IK*403320060412*PI*107.22*107.22*0
REF*PO*0020060413
REF*ST*04033
REF*DP*043
DTM*999*20060412
RMR*IK*407120060406*PI*395*395*0
REF*PO*0020060407
REF*ST*04071
REF*DP*043
DTM*999*20060406
RMR*IK*407120060407*PI*335.84*335.84*0
REF*PO*0020060408
REF*ST*04071
REF*DP*043
DTM*999*20060407
RMR*IK*407120060409*PI*172.58*172.58*0
REF*PO*0020060410
REF*ST*04071
REF*DP*043
DTM*999*20060409
RMR*IK*407120060410*PI*126.2*126.2*0
REF*PO*0020060411
REF*ST*04071
REF*DP*043
DTM*999*20060410
RMR*IK*407120060411*PI*251.7*251.7*0
REF*PO*0020060412
REF*ST*04071
REF*DP*043
DTM*999*20060411
RMR*IK*407120060412*PI*212.2*212.2*0
REF*PO*0020060413
REF*ST*04071
REF*DP*043
DTM*999*20060412
RMR*IK*407120060428*PI*-6.7*-6.7*0
REF*PO*0020060430
REF*ST*04071
REF*DP*043
DTM*999*20060428
RMR*IK*409320060406*PI*593.05*593.05*0
REF*PO*0020060407
REF*ST*04093
REF*DP*043
DTM*999*20060406
RMR*IK*409320060407*PI*457.58*457.58*0
REF*PO*0020060408
REF*ST*04093
REF*DP*043
DTM*999*20060407
RMR*IK*409320060408*PI*498.84*498.84*0
REF*PO*0020060409
REF*ST*04093
REF*DP*043
DTM*999*20060408
RMR*IK*409320060409*PI*924.32*924.32*0
REF*PO*0020060410
REF*ST*04093
REF*DP*043
DTM*999*20060409
RMR*IK*409320060410*PI*941.99*941.99*0
REF*PO*0020060411
REF*ST*04093
REF*DP*043
DTM*999*20060410
RMR*IK*409320060411*PI*1003.98*1003.98*0
REF*PO*0020060412
REF*ST*04093
REF*DP*043
DTM*999*20060411
RMR*IK*409320060412*PI*967.4*967.4*0
REF*PO*0020060413
REF*ST*04093
REF*DP*043
DTM*999*20060412
RMR*IK*410320060406*PI*286.9*286.9*0
REF*PO*0020060407
REF*ST*04103
REF*DP*043
DTM*999*20060406
RMR*IK*410320060407*PI*281.39*281.39*0
REF*PO*0020060408
REF*ST*04103
REF*DP*043
DTM*999*20060407
RMR*IK*410320060408*PI*188.32*188.32*0
REF*PO*0020060409
REF*ST*04103
REF*DP*043
DTM*999*20060408
RMR*IK*410320060409*PI*875.65*875.65*0
REF*PO*0020060410
REF*ST*04103
REF*DP*043
DTM*999*20060409
RMR*IK*410320060410*PI*701.97*701.97*0
REF*PO*0020060411
REF*ST*04103
REF*DP*043
DTM*999*20060410
RMR*IK*410320060411*PI*782.53*782.53*0
REF*PO*0020060412
REF*ST*04103
REF*DP*043
DTM*999*20060411
RMR*IK*410320060412*PI*822.5*822.5*0
REF*PO*0020060413
REF*ST*04103
REF*DP*043
DTM*999*20060412
RMR*IK*412220060406*PI*177.27*177.27*0
REF*PO*0020060407
REF*ST*04122
REF*DP*043
DTM*999*20060406
RMR*IK*412220060407*PI*102.36*102.36*0
REF*PO*0020060408
REF*ST*04122
REF*DP*043
DTM*999*20060407
RMR*IK*412220060408*PI*170.23*170.23*0
REF*PO*0020060409
REF*ST*04122
REF*DP*043
DTM*999*20060408
RMR*IK*412220060409*PI*216.98*216.98*0
REF*PO*0020060410
REF*ST*04122
REF*DP*043
DTM*999*20060409
RMR*IK*412220060410*PI*121.14*121.14*0
REF*PO*0020060411
REF*ST*04122
REF*DP*043
DTM*999*20060410
RMR*IK*412220060411*PI*110.68*110.68*0
REF*PO*0020060412
REF*ST*04122
REF*DP*043
DTM*999*20060411
RMR*IK*412220060412*PI*82.64*82.64*0
REF*PO*0020060413
REF*ST*04122
REF*DP*043
DTM*999*20060412
RMR*IK*418920060406*PI*482.06*482.06*0
REF*PO*0020060407
REF*ST*04189
REF*DP*043
DTM*999*20060406
RMR*IK*418920060407*PI*586.72*586.72*0
REF*PO*0020060408
REF*ST*04189
REF*DP*043
DTM*999*20060407
RMR*IK*418920060408*PI*375.25*375.25*0
REF*PO*0020060409
REF*ST*04189
REF*DP*043
DTM*999*20060408
RMR*IK*418920060409*PI*186.36*186.36*0
REF*PO*0020060410
REF*ST*04189
REF*DP*043
DTM*999*20060409
RMR*IK*418920060410*PI*621.88*621.88*0
REF*PO*0020060411
REF*ST*04189
REF*DP*043
DTM*999*20060410
RMR*IK*418920060411*PI*464.9*464.9*0
REF*PO*0020060412
REF*ST*04189
REF*DP*043
DTM*999*20060411
RMR*IK*418920060412*PI*415.39*415.39*0
REF*PO*0020060413
REF*ST*04189
REF*DP*043
DTM*999*20060412
RMR*IK*419820060406*PI*243.5*243.5*0
REF*PO*0020060407
REF*ST*04198
REF*DP*043
DTM*999*20060406
RMR*IK*419820060407*PI*382.9*382.9*0
REF*PO*0020060408
REF*ST*04198
REF*DP*043
DTM*999*20060407
RMR*IK*419820060408*PI*198.48*198.48*0
REF*PO*0020060409
REF*ST*04198
REF*DP*043
DTM*999*20060408
RMR*IK*419820060409*PI*486.64*486.64*0
REF*PO*0020060410
REF*ST*04198
REF*DP*043
DTM*999*20060409
RMR*IK*419820060410*PI*340.89*340.89*0
REF*PO*0020060411
REF*ST*04198
REF*DP*043
DTM*999*20060410
RMR*IK*419820060411*PI*383.64*383.64*0
REF*PO*0020060412
REF*ST*04198
REF*DP*043
DTM*999*20060411
RMR*IK*419820060412*PI*155.15*155.15*0
REF*PO*0020060413
REF*ST*04198
REF*DP*043
DTM*999*20060412
RMR*IK*424420060406*PI*534.63*534.63*0
REF*PO*0020060407
REF*ST*04244
REF*DP*043
DTM*999*20060406
RMR*IK*424420060407*PI*503.42*503.42*0
REF*PO*0020060408
REF*ST*04244
REF*DP*043
DTM*999*20060407
RMR*IK*424420060408*PI*875.09*875.09*0
REF*PO*0020060409
REF*ST*04244
REF*DP*043
DTM*999*20060408
RMR*IK*424420060409*PI*1217.12*1217.12*0
REF*PO*0020060410
REF*ST*04244
REF*DP*043
DTM*999*20060409
RMR*IK*424420060410*PI*452.86*452.86*0
REF*PO*0020060411
REF*ST*04244
REF*DP*043
DTM*999*20060410
RMR*IK*424420060411*PI*625.78*625.78*0
REF*PO*0020060412
REF*ST*04244
REF*DP*043
DTM*999*20060411
RMR*IK*424420060412*PI*1497.75*1497.75*0
REF*PO*0020060413
REF*ST*04244
REF*DP*043
DTM*999*20060412
RMR*IK*430820060406*PI*263.9*263.9*0
REF*PO*0020060407
REF*ST*04308
REF*DP*043
DTM*999*20060406
RMR*IK*430820060407*PI*232.5*232.5*0
REF*PO*0020060408
REF*ST*04308
REF*DP*043
DTM*999*20060407
RMR*IK*430820060408*PI*244.02*244.02*0
REF*PO*0020060409
REF*ST*04308
REF*DP*043
DTM*999*20060408
RMR*IK*430820060409*PI*327.3*327.3*0
REF*PO*0020060410
REF*ST*04308
REF*DP*043
DTM*999*20060409
RMR*IK*430820060410*PI*225.84*225.84*0
REF*PO*0020060411
REF*ST*04308
REF*DP*043
DTM*999*20060410
RMR*IK*430820060411*PI*154.3*154.3*0
REF*PO*0020060412
REF*ST*04308
REF*DP*043
DTM*999*20060411
RMR*IK*430820060412*PI*317.35*317.35*0
REF*PO*0020060413
REF*ST*04308
REF*DP*043
DTM*999*20060412
RMR*IK*431220060406*PI*473.04*473.04*0
REF*PO*0020060407
REF*ST*04312
REF*DP*043
DTM*999*20060406
RMR*IK*431220060407*PI*199.87*199.87*0
REF*PO*0020060408
REF*ST*04312
REF*DP*043
DTM*999*20060407
RMR*IK*431220060408*PI*329.98*329.98*0
REF*PO*0020060409
REF*ST*04312
REF*DP*043
DTM*999*20060408
RMR*IK*431220060409*PI*311.08*311.08*0
REF*PO*0020060410
REF*ST*04312
REF*DP*043
DTM*999*20060409
RMR*IK*431220060410*PI*283.77*283.77*0
REF*PO*0020060411
REF*ST*04312
REF*DP*043
DTM*999*20060410
RMR*IK*431220060411*PI*237.38*237.38*0
REF*PO*0020060412
REF*ST*04312
REF*DP*043
DTM*999*20060411
RMR*IK*431220060412*PI*556.35*556.35*0
REF*PO*0020060413
REF*ST*04312
REF*DP*043
DTM*999*20060412
RMR*IK*447520060406*PI*698.65*698.65*0
REF*PO*0020060407
REF*ST*04475
REF*DP*043
DTM*999*20060406
RMR*IK*447520060407*PI*428.9*428.9*0
REF*PO*0020060408
REF*ST*04475
REF*DP*043
DTM*999*20060407
RMR*IK*447520060408*PI*505.76*505.76*0
REF*PO*0020060409
REF*ST*04475
REF*DP*043
DTM*999*20060408
RMR*IK*447520060409*PI*384.71*384.71*0
REF*PO*0020060410
REF*ST*04475
REF*DP*043
DTM*999*20060409
RMR*IK*447520060410*PI*620.84*620.84*0
REF*PO*0020060411
REF*ST*04475
REF*DP*043
DTM*999*20060410
RMR*IK*447520060411*PI*847.1*847.1*0
REF*PO*0020060412
REF*ST*04475
REF*DP*043
DTM*999*20060411
RMR*IK*447520060412*PI*779.52*779.52*0
REF*PO*0020060413
REF*ST*04475
REF*DP*043
DTM*999*20060412
RMR*IK*448920060406*PI*154.17*154.17*0
REF*PO*0020060407
REF*ST*04489
REF*DP*043
DTM*999*20060406
RMR*IK*448920060407*PI*272.38*272.38*0
REF*PO*0020060408
REF*ST*04489
REF*DP*043
DTM*999*20060407
RMR*IK*448920060408*PI*254.56*254.56*0
REF*PO*0020060409
REF*ST*04489
REF*DP*043
DTM*999*20060408
RMR*IK*448920060409*PI*405.72*405.72*0
REF*PO*0020060410
REF*ST*04489
REF*DP*043
DTM*999*20060409
RMR*IK*448920060410*PI*264.4*264.4*0
REF*PO*0020060411
REF*ST*04489
REF*DP*043
DTM*999*20060410
RMR*IK*448920060411*PI*223.77*223.77*0
REF*PO*0020060412
REF*ST*04489
REF*DP*043
DTM*999*20060411
RMR*IK*448920060412*PI*268.4*268.4*0
REF*PO*0020060413
REF*ST*04489
REF*DP*043
DTM*999*20060412
RMR*IK*471720060406*PI*256.16*256.16*0
REF*PO*0020060407
REF*ST*04717
REF*DP*043
DTM*999*20060406
RMR*IK*471720060407*PI*344.32*344.32*0
REF*PO*0020060408
REF*ST*04717
REF*DP*043
DTM*999*20060407
RMR*IK*471720060408*PI*374.25*374.25*0
REF*PO*0020060409
REF*ST*04717
REF*DP*043
DTM*999*20060408
RMR*IK*471720060409*PI*438.06*438.06*0
REF*PO*0020060410
REF*ST*04717
REF*DP*043
DTM*999*20060409
RMR*IK*471720060410*PI*229.36*229.36*0
REF*PO*0020060411
REF*ST*04717
REF*DP*043
DTM*999*20060410
RMR*IK*471720060411*PI*681.87*681.87*0
REF*PO*0020060412
REF*ST*04717
REF*DP*043
DTM*999*20060411
RMR*IK*471720060412*PI*765.1*765.1*0
REF*PO*0020060413
REF*ST*04717
REF*DP*043
DTM*999*20060412
RMR*IK*471920060406*PI*390.33*390.33*0
REF*PO*0020060407
REF*ST*04719
REF*DP*043
DTM*999*20060406
RMR*IK*471920060407*PI*495.59*495.59*0
REF*PO*0020060408
REF*ST*04719
REF*DP*043
DTM*999*20060407
RMR*IK*471920060408*PI*506.62*506.62*0
REF*PO*0020060409
REF*ST*04719
REF*DP*043
DTM*999*20060408
RMR*IK*471920060409*PI*787.27*787.27*0
REF*PO*0020060410
REF*ST*04719
REF*DP*043
DTM*999*20060409
RMR*IK*471920060410*PI*458.51*458.51*0
REF*PO*0020060411
REF*ST*04719
REF*DP*043
DTM*999*20060410
RMR*IK*471920060411*PI*465.87*465.87*0
REF*PO*0020060412
REF*ST*04719
REF*DP*043
DTM*999*20060411
RMR*IK*471920060412*PI*280.68*280.68*0
REF*PO*0020060413
REF*ST*04719
REF*DP*043
DTM*999*20060412
RMR*IK*472320060406*PI*118.35*118.35*0
REF*PO*0020060407
REF*ST*04723
REF*DP*043
DTM*999*20060406
RMR*IK*472320060407*PI*110.38*110.38*0
REF*PO*0020060408
REF*ST*04723
REF*DP*043
DTM*999*20060407
RMR*IK*472320060408*PI*235.05*235.05*0
REF*PO*0020060409
REF*ST*04723
REF*DP*043
DTM*999*20060408
RMR*IK*472320060409*PI*136.08*136.08*0
REF*PO*0020060410
REF*ST*04723
REF*DP*043
DTM*999*20060409
RMR*IK*472320060410*PI*76.4*76.4*0
REF*PO*0020060411
REF*ST*04723
REF*DP*043
DTM*999*20060410
RMR*IK*472320060411*PI*129.85*129.85*0
REF*PO*0020060412
REF*ST*04723
REF*DP*043
DTM*999*20060411
RMR*IK*472320060412*PI*64.98*64.98*0
REF*PO*0020060413
REF*ST*04723
REF*DP*043
DTM*999*20060412
RMR*IK*473920060406*PI*28.24*28.24*0
REF*PO*0020060407
REF*ST*04739
REF*DP*043
DTM*999*20060406
RMR*IK*473920060407*PI*45.1*45.1*0
REF*PO*0020060408
REF*ST*04739
REF*DP*043
DTM*999*20060407
RMR*IK*473920060408*PI*65.7*65.7*0
REF*PO*0020060409
REF*ST*04739
REF*DP*043
DTM*999*20060408
RMR*IK*473920060409*PI*108.75*108.75*0
REF*PO*0020060410
REF*ST*04739
REF*DP*043
DTM*999*20060409
RMR*IK*473920060410*PI*146.2*146.2*0
REF*PO*0020060411
REF*ST*04739
REF*DP*043
DTM*999*20060410
RMR*IK*473920060411*PI*108.27*108.27*0
REF*PO*0020060412
REF*ST*04739
REF*DP*043
DTM*999*20060411
RMR*IK*473920060412*PI*133.63*133.63*0
REF*PO*0020060413
REF*ST*04739
REF*DP*043
DTM*999*20060412
RMR*IK*475320060406*PI*23*23*0
REF*PO*0020060407
REF*ST*04753
REF*DP*043
DTM*999*20060406
RMR*IK*475320060407*PI*18.45*18.45*0
REF*PO*0020060408
REF*ST*04753
REF*DP*043
DTM*999*20060407
RMR*IK*475320060408*PI*122.45*122.45*0
REF*PO*0020060409
REF*ST*04753
REF*DP*043
DTM*999*20060408
RMR*IK*475320060409*PI*80.25*80.25*0
REF*PO*0020060410
REF*ST*04753
REF*DP*043
DTM*999*20060409
RMR*IK*475320060410*PI*156.8*156.8*0
REF*PO*0020060411
REF*ST*04753
REF*DP*043
DTM*999*20060410
RMR*IK*475320060411*PI*251.3*251.3*0
REF*PO*0020060412
REF*ST*04753
REF*DP*043
DTM*999*20060411
RMR*IK*475320060412*PI*84*84*0
REF*PO*0020060413
REF*ST*04753
REF*DP*043
DTM*999*20060412
RMR*IK*476020060406*PI*107.16*107.16*0
REF*PO*0020060407
REF*ST*04760
REF*DP*043
DTM*999*20060406
RMR*IK*476020060407*PI*158.05*158.05*0
REF*PO*0020060408
REF*ST*04760
REF*DP*043
DTM*999*20060407
RMR*IK*476020060408*PI*89.78*89.78*0
REF*PO*0020060409
REF*ST*04760
REF*DP*043
DTM*999*20060408
RMR*IK*476020060409*PI*269.19*269.19*0
REF*PO*0020060410
REF*ST*04760
REF*DP*043
DTM*999*20060409
RMR*IK*476020060410*PI*156.88*156.88*0
REF*PO*0020060411
REF*ST*04760
REF*DP*043
DTM*999*20060410
RMR*IK*476020060411*PI*201.85*201.85*0
REF*PO*0020060412
REF*ST*04760
REF*DP*043
DTM*999*20060411
RMR*IK*476020060412*PI*207.45*207.45*0
REF*PO*0020060413
REF*ST*04760
REF*DP*043
DTM*999*20060412
RMR*IK*476020060428*PI*-1.05*-1.05*0
REF*PO*0020060430
REF*ST*04760
REF*DP*043
DTM*999*20060428
RMR*IK*476920060406*PI*326.39*326.39*0
REF*PO*0020060407
REF*ST*04769
REF*DP*043
DTM*999*20060406
RMR*IK*476920060407*PI*250.37*250.37*0
REF*PO*0020060408
REF*ST*04769
REF*DP*043
DTM*999*20060407
RMR*IK*476920060408*PI*568.61*568.61*0
REF*PO*0020060409
REF*ST*04769
REF*DP*043
DTM*999*20060408
RMR*IK*476920060409*PI*421.4*421.4*0
REF*PO*0020060410
REF*ST*04769
REF*DP*043
DTM*999*20060409
RMR*IK*476920060410*PI*389.55*389.55*0
REF*PO*0020060411
REF*ST*04769
REF*DP*043
DTM*999*20060410
RMR*IK*476920060411*PI*652.01*652.01*0
REF*PO*0020060412
REF*ST*04769
REF*DP*043
DTM*999*20060411
RMR*IK*476920060412*PI*487.53*487.53*0
REF*PO*0020060413
REF*ST*04769
REF*DP*043
DTM*999*20060412
RMR*IK*477720060428*PI*-5.8*-5.8*0
REF*PO*0020060429
REF*ST*04777
REF*DP*043
DTM*999*20060428
RMR*IK*481720060406*PI*268.5*268.5*0
REF*PO*0020060407
REF*ST*04817
REF*DP*043
DTM*999*20060406
RMR*IK*481720060407*PI*210.14*210.14*0
REF*PO*0020060408
REF*ST*04817
REF*DP*043
DTM*999*20060407
RMR*IK*481720060408*PI*309.92*309.92*0
REF*PO*0020060409
REF*ST*04817
REF*DP*043
DTM*999*20060408
RMR*IK*481720060409*PI*394.21*394.21*0
REF*PO*0020060410
REF*ST*04817
REF*DP*043
DTM*999*20060409
RMR*IK*481720060410*PI*375.06*375.06*0
REF*PO*0020060411
REF*ST*04817
REF*DP*043
DTM*999*20060410
RMR*IK*481720060411*PI*329.61*329.61*0
REF*PO*0020060412
REF*ST*04817
REF*DP*043
DTM*999*20060411
RMR*IK*481720060412*PI*454.09*454.09*0
REF*PO*0020060413
REF*ST*04817
REF*DP*043
DTM*999*20060412
RMR*IK*483520060406*PI*148.96*148.96*0
REF*PO*0020060407
REF*ST*04835
REF*DP*043
DTM*999*20060406
RMR*IK*483520060407*PI*143.35*143.35*0
REF*PO*0020060408
REF*ST*04835
REF*DP*043
DTM*999*20060407
RMR*IK*483520060408*PI*319.11*319.11*0
REF*PO*0020060409
REF*ST*04835
REF*DP*043
DTM*999*20060408
RMR*IK*483520060409*PI*121*121*0
REF*PO*0020060410
REF*ST*04835
REF*DP*043
DTM*999*20060409
RMR*IK*483520060410*PI*98.05*98.05*0
REF*PO*0020060411
REF*ST*04835
REF*DP*043
DTM*999*20060410
RMR*IK*483520060411*PI*161.51*161.51*0
REF*PO*0020060412
REF*ST*04835
REF*DP*043
DTM*999*20060411
RMR*IK*483520060412*PI*188.43*188.43*0
REF*PO*0020060413
REF*ST*04835
REF*DP*043
DTM*999*20060412
RMR*IK*488320060406*PI*55.9*55.9*0
REF*PO*0020060407
REF*ST*04883
REF*DP*043
DTM*999*20060406
RMR*IK*488320060407*PI*68.2*68.2*0
REF*PO*0020060408
REF*ST*04883
REF*DP*043
DTM*999*20060407
RMR*IK*488320060408*PI*69.43*69.43*0
REF*PO*0020060409
REF*ST*04883
REF*DP*043
DTM*999*20060408
RMR*IK*488320060409*PI*83.28*83.28*0
REF*PO*0020060410
REF*ST*04883
REF*DP*043
DTM*999*20060409
RMR*IK*488320060410*PI*189.71*189.71*0
REF*PO*0020060411
REF*ST*04883
REF*DP*043
DTM*999*20060410
RMR*IK*488320060411*PI*91.45*91.45*0
REF*PO*0020060412
REF*ST*04883
REF*DP*043
DTM*999*20060411
RMR*IK*488320060412*PI*141.42*141.42*0
REF*PO*0020060413
REF*ST*04883
REF*DP*043
DTM*999*20060412
RMR*IK*489820060406*PI*114.8*114.8*0
REF*PO*0020060407
REF*ST*04898
REF*DP*043
DTM*999*20060406
RMR*IK*489820060407*PI*88.84*88.84*0
REF*PO*0020060408
REF*ST*04898
REF*DP*043
DTM*999*20060407
RMR*IK*489820060408*PI*220.27*220.27*0
REF*PO*0020060409
REF*ST*04898
REF*DP*043
DTM*999*20060408
RMR*IK*489820060409*PI*164.76*164.76*0
REF*PO*0020060410
REF*ST*04898
REF*DP*043
DTM*999*20060409
RMR*IK*489820060410*PI*202.81*202.81*0
REF*PO*0020060411
REF*ST*04898
REF*DP*043
DTM*999*20060410
RMR*IK*489820060411*PI*99.75*99.75*0
REF*PO*0020060412
REF*ST*04898
REF*DP*043
DTM*999*20060411
RMR*IK*489820060412*PI*123.76*123.76*0
REF*PO*0020060413
REF*ST*04898
REF*DP*043
DTM*999*20060412
RMR*IK*497020060406*PI*231.58*231.58*0
REF*PO*0020060407
REF*ST*04970
REF*DP*043
DTM*999*20060406
RMR*IK*497020060407*PI*83.89*83.89*0
REF*PO*0020060408
REF*ST*04970
REF*DP*043
DTM*999*20060407
RMR*IK*497020060408*PI*114.53*114.53*0
REF*PO*0020060409
REF*ST*04970
REF*DP*043
DTM*999*20060408
RMR*IK*497020060409*PI*306.53*306.53*0
REF*PO*0020060410
REF*ST*04970
REF*DP*043
DTM*999*20060409
RMR*IK*497020060410*PI*243.68*243.68*0
REF*PO*0020060411
REF*ST*04970
REF*DP*043
DTM*999*20060410
RMR*IK*497020060411*PI*221.13*221.13*0
REF*PO*0020060412
REF*ST*04970
REF*DP*043
DTM*999*20060411
RMR*IK*497020060412*PI*246.69*246.69*0
REF*PO*0020060413
REF*ST*04970
REF*DP*043
DTM*999*20060412
RMR*IK*502320060406*PI*88.15*88.15*0
REF*PO*0020060408
REF*ST*05023
REF*DP*043
DTM*999*20060406
RMR*IK*502320060407*PI*149.26*149.26*0
REF*PO*0020060409
REF*ST*05023
REF*DP*043
DTM*999*20060407
RMR*IK*502320060408*PI*144.25*144.25*0
REF*PO*0020060410
REF*ST*05023
REF*DP*043
DTM*999*20060408
RMR*IK*502320060409*PI*158.3*158.3*0
REF*PO*0020060411
REF*ST*05023
REF*DP*043
DTM*999*20060409
RMR*IK*502320060410*PI*179.65*179.65*0
REF*PO*0020060412
REF*ST*05023
REF*DP*043
DTM*999*20060410
RMR*IK*502320060411*PI*83.3*83.3*0
REF*PO*0020060413
REF*ST*05023
REF*DP*043
DTM*999*20060411
RMR*IK*502320060412*PI*142.1*142.1*0
REF*PO*0020060414
REF*ST*05023
REF*DP*043
DTM*999*20060412
RMR*IK*506620060406*PI*63.9*63.9*0
REF*PO*0020060408
REF*ST*05066
REF*DP*043
DTM*999*20060406
RMR*IK*506620060407*PI*89.9*89.9*0
REF*PO*0020060409
REF*ST*05066
REF*DP*043
DTM*999*20060407
RMR*IK*506620060408*PI*96.13*96.13*0
REF*PO*0020060410
REF*ST*05066
REF*DP*043
DTM*999*20060408
RMR*IK*506620060409*PI*45.7*45.7*0
REF*PO*0020060411
REF*ST*05066
REF*DP*043
DTM*999*20060409
RMR*IK*506620060410*PI*63.82*63.82*0
REF*PO*0020060412
REF*ST*05066
REF*DP*043
DTM*999*20060410
RMR*IK*506620060411*PI*59.17*59.17*0
REF*PO*0020060413
REF*ST*05066
REF*DP*043
DTM*999*20060411
RMR*IK*506620060412*PI*35.5*35.5*0
REF*PO*0020060414
REF*ST*05066
REF*DP*043
DTM*999*20060412
RMR*IK*507020060406*PI*167.31*167.31*0
REF*PO*0020060408
REF*ST*05070
REF*DP*043
DTM*999*20060406
RMR*IK*507020060407*PI*138.03*138.03*0
REF*PO*0020060409
REF*ST*05070
REF*DP*043
DTM*999*20060407
RMR*IK*507020060408*PI*291.25*291.25*0
REF*PO*0020060410
REF*ST*05070
REF*DP*043
DTM*999*20060408
RMR*IK*507020060409*PI*127.2*127.2*0
REF*PO*0020060411
REF*ST*05070
REF*DP*043
DTM*999*20060409
RMR*IK*507020060410*PI*306.75*306.75*0
REF*PO*0020060412
REF*ST*05070
REF*DP*043
DTM*999*20060410
RMR*IK*507020060411*PI*155.48*155.48*0
REF*PO*0020060413
REF*ST*05070
REF*DP*043
DTM*999*20060411
RMR*IK*507020060412*PI*181.79*181.79*0
REF*PO*0020060414
REF*ST*05070
REF*DP*043
DTM*999*20060412
RMR*IK*507720060406*PI*48.53*48.53*0
REF*PO*0020060408
REF*ST*05077
REF*DP*043
DTM*999*20060406
RMR*IK*507720060407*PI*55.63*55.63*0
REF*PO*0020060409
REF*ST*05077
REF*DP*043
DTM*999*20060407
RMR*IK*507720060408*PI*42.85*42.85*0
REF*PO*0020060410
REF*ST*05077
REF*DP*043
DTM*999*20060408
RMR*IK*507720060409*PI*103.75*103.75*0
REF*PO*0020060411
REF*ST*05077
REF*DP*043
DTM*999*20060409
RMR*IK*507720060410*PI*76.8*76.8*0
REF*PO*0020060412
REF*ST*05077
REF*DP*043
DTM*999*20060410
RMR*IK*507720060411*PI*13.55*13.55*0
REF*PO*0020060413
REF*ST*05077
REF*DP*043
DTM*999*20060411
RMR*IK*507720060412*PI*64.28*64.28*0
REF*PO*0020060414
REF*ST*05077
REF*DP*043
DTM*999*20060412
RMR*IK*702820060406*PI*131.21*131.21*0
REF*PO*0020060407
REF*ST*07028
REF*DP*043
DTM*999*20060406
RMR*IK*702820060407*PI*67.84*67.84*0
REF*PO*0020060408
REF*ST*07028
REF*DP*043
DTM*999*20060407
RMR*IK*702820060408*PI*60.71*60.71*0
REF*PO*0020060409
REF*ST*07028
REF*DP*043
DTM*999*20060408
RMR*IK*702820060409*PI*38.35*38.35*0
REF*PO*0020060410
REF*ST*07028
REF*DP*043
DTM*999*20060409
RMR*IK*702820060410*PI*80.85*80.85*0
REF*PO*0020060411
REF*ST*07028
REF*DP*043
DTM*999*20060410
RMR*IK*702820060411*PI*47.89*47.89*0
REF*PO*0020060412
REF*ST*07028
REF*DP*043
DTM*999*20060411
RMR*IK*702820060412*PI*67.23*67.23*0
REF*PO*0020060413
REF*ST*07028
REF*DP*043
DTM*999*20060412
RMR*IK*704520060406*PI*245.97*245.97*0
REF*PO*0020060407
REF*ST*07045
REF*DP*043
DTM*999*20060406
RMR*IK*704520060407*PI*137.69*137.69*0
REF*PO*0020060408
REF*ST*07045
REF*DP*043
DTM*999*20060407
RMR*IK*704520060408*PI*57.83*57.83*0
REF*PO*0020060409
REF*ST*07045
REF*DP*043
DTM*999*20060408
RMR*IK*704520060409*PI*85.87*85.87*0
REF*PO*0020060410
REF*ST*07045
REF*DP*043
DTM*999*20060409
RMR*IK*704520060410*PI*150.45*150.45*0
REF*PO*0020060411
REF*ST*07045
REF*DP*043
DTM*999*20060410
RMR*IK*704520060411*PI*76.31*76.31*0
REF*PO*0020060412
REF*ST*07045
REF*DP*043
DTM*999*20060411
RMR*IK*704520060412*PI*338.31*338.31*0
REF*PO*0020060413
REF*ST*07045
REF*DP*043
DTM*999*20060412
RMR*IK*705920060406*PI*64.81*64.81*0
REF*PO*0020060407
REF*ST*07059
REF*DP*043
DTM*999*20060406
RMR*IK*705920060407*PI*121.57*121.57*0
REF*PO*0020060408
REF*ST*07059
REF*DP*043
DTM*999*20060407
RMR*IK*705920060408*PI*111.85*111.85*0
REF*PO*0020060409
REF*ST*07059
REF*DP*043
DTM*999*20060408
RMR*IK*705920060409*PI*140.37*140.37*0
REF*PO*0020060410
REF*ST*07059
REF*DP*043
DTM*999*20060409
RMR*IK*705920060410*PI*109.01*109.01*0
REF*PO*0020060411
REF*ST*07059
REF*DP*043
DTM*999*20060410
RMR*IK*705920060411*PI*140.62*140.62*0
REF*PO*0020060412
REF*ST*07059
REF*DP*043
DTM*999*20060411
RMR*IK*705920060412*PI*140.63*140.63*0
REF*PO*0020060413
REF*ST*07059
REF*DP*043
DTM*999*20060412
RMR*IK*706420060406*PI*169.86*169.86*0
REF*PO*0020060407
REF*ST*07064
REF*DP*043
DTM*999*20060406
RMR*IK*706420060407*PI*220.45*220.45*0
REF*PO*0020060408
REF*ST*07064
REF*DP*043
DTM*999*20060407
RMR*IK*706420060408*PI*222.05*222.05*0
REF*PO*0020060409
REF*ST*07064
REF*DP*043
DTM*999*20060408
RMR*IK*706420060409*PI*244.24*244.24*0
REF*PO*0020060410
REF*ST*07064
REF*DP*043
DTM*999*20060409
RMR*IK*706420060410*PI*48.24*48.24*0
REF*PO*0020060411
REF*ST*07064
REF*DP*043
DTM*999*20060410
RMR*IK*706420060411*PI*164.82*164.82*0
REF*PO*0020060412
REF*ST*07064
REF*DP*043
DTM*999*20060411
RMR*IK*706420060412*PI*77.94*77.94*0
REF*PO*0020060413
REF*ST*07064
REF*DP*043
DTM*999*20060412
RMR*IK*706620060406*PI*387.48*387.48*0
REF*PO*0020060407
REF*ST*07066
REF*DP*043
DTM*999*20060406
RMR*IK*706620060407*PI*173.7*173.7*0
REF*PO*0020060408
REF*ST*07066
REF*DP*043
DTM*999*20060407
RMR*IK*706620060408*PI*340.51*340.51*0
REF*PO*0020060409
REF*ST*07066
REF*DP*043
DTM*999*20060408
RMR*IK*706620060409*PI*332.1*332.1*0
REF*PO*0020060410
REF*ST*07066
REF*DP*043
DTM*999*20060409
RMR*IK*706620060410*PI*492.38*492.38*0
REF*PO*0020060411
REF*ST*07066
REF*DP*043
DTM*999*20060410
RMR*IK*706620060411*PI*487.97*487.97*0
REF*PO*0020060412
REF*ST*07066
REF*DP*043
DTM*999*20060411
RMR*IK*706620060412*PI*568.75*568.75*0
REF*PO*0020060413
REF*ST*07066
REF*DP*043
DTM*999*20060412
RMR*IK*706920060406*PI*418.59*418.59*0
REF*PO*0020060407
REF*ST*07069
REF*DP*043
DTM*999*20060406
RMR*IK*706920060407*PI*519.53*519.53*0
REF*PO*0020060408
REF*ST*07069
REF*DP*043
DTM*999*20060407
RMR*IK*706920060408*PI*381.48*381.48*0
REF*PO*0020060409
REF*ST*07069
REF*DP*043
DTM*999*20060408
RMR*IK*706920060409*PI*462.28*462.28*0
REF*PO*0020060410
REF*ST*07069
REF*DP*043
DTM*999*20060409
RMR*IK*706920060410*PI*415.43*415.43*0
REF*PO*0020060411
REF*ST*07069
REF*DP*043
DTM*999*20060410
RMR*IK*706920060411*PI*327.98*327.98*0
REF*PO*0020060412
REF*ST*07069
REF*DP*043
DTM*999*20060411
RMR*IK*706920060412*PI*382.92*382.92*0
REF*PO*0020060413
REF*ST*07069
REF*DP*043
DTM*999*20060412
RMR*IK*707620060406*PI*197.41*197.41*0
REF*PO*0020060407
REF*ST*07076
REF*DP*043
DTM*999*20060406
RMR*IK*707620060407*PI*156.34*156.34*0
REF*PO*0020060408
REF*ST*07076
REF*DP*043
DTM*999*20060407
RMR*IK*707620060408*PI*42.8*42.8*0
REF*PO*0020060409
REF*ST*07076
REF*DP*043
DTM*999*20060408
RMR*IK*707620060409*PI*223.68*223.68*0
REF*PO*0020060410
REF*ST*07076
REF*DP*043
DTM*999*20060409
RMR*IK*707620060410*PI*111.83*111.83*0
REF*PO*0020060411
REF*ST*07076
REF*DP*043
DTM*999*20060410
RMR*IK*707620060411*PI*103.58*103.58*0
REF*PO*0020060412
REF*ST*07076
REF*DP*043
DTM*999*20060411
RMR*IK*707620060412*PI*259.33*259.33*0
REF*PO*0020060413
REF*ST*07076
REF*DP*043
DTM*999*20060412
RMR*IK*713220060406*PI*60.1*60.1*0
REF*PO*0020060407
REF*ST*07132
REF*DP*043
DTM*999*20060406
RMR*IK*713220060407*PI*84.25*84.25*0
REF*PO*0020060408
REF*ST*07132
REF*DP*043
DTM*999*20060407
RMR*IK*713220060408*PI*30.9*30.9*0
REF*PO*0020060409
REF*ST*07132
REF*DP*043
DTM*999*20060408
RMR*IK*713220060409*PI*128.35*128.35*0
REF*PO*0020060410
REF*ST*07132
REF*DP*043
DTM*999*20060409
RMR*IK*713220060410*PI*255.05*255.05*0
REF*PO*0020060411
REF*ST*07132
REF*DP*043
DTM*999*20060410
RMR*IK*713220060411*PI*221.9*221.9*0
REF*PO*0020060412
REF*ST*07132
REF*DP*043
DTM*999*20060411
RMR*IK*713220060412*PI*223.85*223.85*0
REF*PO*0020060413
REF*ST*07132
REF*DP*043
DTM*999*20060412
RMR*IK*714620060406*PI*153.38*153.38*0
REF*PO*0020060407
REF*ST*07146
REF*DP*043
DTM*999*20060406
RMR*IK*714620060407*PI*210.55*210.55*0
REF*PO*0020060408
REF*ST*07146
REF*DP*043
DTM*999*20060407
RMR*IK*714620060408*PI*122.98*122.98*0
REF*PO*0020060409
REF*ST*07146
REF*DP*043
DTM*999*20060408
RMR*IK*714620060409*PI*129.43*129.43*0
REF*PO*0020060410
REF*ST*07146
REF*DP*043
DTM*999*20060409
RMR*IK*714620060410*PI*183.82*183.82*0
REF*PO*0020060411
REF*ST*07146
REF*DP*043
DTM*999*20060410
RMR*IK*714620060411*PI*275.67*275.67*0
REF*PO*0020060412
REF*ST*07146
REF*DP*043
DTM*999*20060411
RMR*IK*714620060412*PI*299.53*299.53*0
REF*PO*0020060413
REF*ST*07146
REF*DP*043
DTM*999*20060412
RMR*IK*715420060406*PI*168.79*168.79*0
REF*PO*0020060407
REF*ST*07154
REF*DP*043
DTM*999*20060406
RMR*IK*715420060407*PI*127.43*127.43*0
REF*PO*0020060408
REF*ST*07154
REF*DP*043
DTM*999*20060407
RMR*IK*715420060408*PI*183.31*183.31*0
REF*PO*0020060409
REF*ST*07154
REF*DP*043
DTM*999*20060408
RMR*IK*715420060409*PI*154.83*154.83*0
REF*PO*0020060410
REF*ST*07154
REF*DP*043
DTM*999*20060409
RMR*IK*715420060410*PI*174.59*174.59*0
REF*PO*0020060411
REF*ST*07154
REF*DP*043
DTM*999*20060410
RMR*IK*715420060411*PI*226.56*226.56*0
REF*PO*0020060412
REF*ST*07154
REF*DP*043
DTM*999*20060411
RMR*IK*715420060412*PI*284.24*284.24*0
REF*PO*0020060413
REF*ST*07154
REF*DP*043
DTM*999*20060412
RMR*IK*718420060406*PI*625.19*625.19*0
REF*PO*0020060407
REF*ST*07184
REF*DP*043
DTM*999*20060406
RMR*IK*718420060407*PI*642.52*642.52*0
REF*PO*0020060408
REF*ST*07184
REF*DP*043
DTM*999*20060407
RMR*IK*718420060408*PI*630.35*630.35*0
REF*PO*0020060409
REF*ST*07184
REF*DP*043
DTM*999*20060408
RMR*IK*718420060409*PI*903.9*903.9*0
REF*PO*0020060410
REF*ST*07184
REF*DP*043
DTM*999*20060409
RMR*IK*718420060410*PI*420.9*420.9*0
REF*PO*0020060411
REF*ST*07184
REF*DP*043
DTM*999*20060410
RMR*IK*718420060411*PI*879.35*879.35*0
REF*PO*0020060412
REF*ST*07184
REF*DP*043
DTM*999*20060411
RMR*IK*718420060412*PI*918.74*918.74*0
REF*PO*0020060413
REF*ST*07184
REF*DP*043
DTM*999*20060412
RMR*IK*725520060406*PI*41.35*41.35*0
REF*PO*0020060407
REF*ST*07255
REF*DP*043
DTM*999*20060406
RMR*IK*725520060407*PI*329.8*329.8*0
REF*PO*0020060408
REF*ST*07255
REF*DP*043
DTM*999*20060407
RMR*IK*725520060408*PI*75.9*75.9*0
REF*PO*0020060409
REF*ST*07255
REF*DP*043
DTM*999*20060408
RMR*IK*725520060409*PI*311.8*311.8*0
REF*PO*0020060410
REF*ST*07255
REF*DP*043
DTM*999*20060409
RMR*IK*725520060410*PI*172.45*172.45*0
REF*PO*0020060411
REF*ST*07255
REF*DP*043
DTM*999*20060410
RMR*IK*725520060411*PI*268.45*268.45*0
REF*PO*0020060412
REF*ST*07255
REF*DP*043
DTM*999*20060411
RMR*IK*725520060412*PI*276.9*276.9*0
REF*PO*0020060413
REF*ST*07255
REF*DP*043
DTM*999*20060412
RMR*IK*735820060406*PI*136.03*136.03*0
REF*PO*0020060407
REF*ST*07358
REF*DP*043
DTM*999*20060406
RMR*IK*735820060407*PI*173.02*173.02*0
REF*PO*0020060408
REF*ST*07358
REF*DP*043
DTM*999*20060407
RMR*IK*735820060408*PI*32.4*32.4*0
REF*PO*0020060409
REF*ST*07358
REF*DP*043
DTM*999*20060408
RMR*IK*735820060409*PI*242.01*242.01*0
REF*PO*0020060410
REF*ST*07358
REF*DP*043
DTM*999*20060409
RMR*IK*735820060410*PI*390.97*390.97*0
REF*PO*0020060411
REF*ST*07358
REF*DP*043
DTM*999*20060410
RMR*IK*735820060411*PI*338.84*338.84*0
REF*PO*0020060412
REF*ST*07358
REF*DP*043
DTM*999*20060411
RMR*IK*735820060412*PI*507.94*507.94*0
REF*PO*0020060413
REF*ST*07358
REF*DP*043
DTM*999*20060412
RMR*IK*736020060406*PI*275.76*275.76*0
REF*PO*0020060407
REF*ST*07360
REF*DP*043
DTM*999*20060406
RMR*IK*736020060407*PI*108.41*108.41*0
REF*PO*0020060408
REF*ST*07360
REF*DP*043
DTM*999*20060407
RMR*IK*736020060408*PI*63.08*63.08*0
REF*PO*0020060409
REF*ST*07360
REF*DP*043
DTM*999*20060408
RMR*IK*736020060409*PI*139.78*139.78*0
REF*PO*0020060410
REF*ST*07360
REF*DP*043
DTM*999*20060409
RMR*IK*736020060410*PI*138.6*138.6*0
REF*PO*0020060411
REF*ST*07360
REF*DP*043
DTM*999*20060410
RMR*IK*736020060411*PI*75.13*75.13*0
REF*PO*0020060412
REF*ST*07360
REF*DP*043
DTM*999*20060411
RMR*IK*736020060412*PI*97.49*97.49*0
REF*PO*0020060413
REF*ST*07360
REF*DP*043
DTM*999*20060412
RMR*IK*736220060406*PI*216.11*216.11*0
REF*PO*0020060407
REF*ST*07362
REF*DP*043
DTM*999*20060406
RMR*IK*736220060407*PI*54.9*54.9*0
REF*PO*0020060408
REF*ST*07362
REF*DP*043
DTM*999*20060407
RMR*IK*736220060408*PI*185.73*185.73*0
REF*PO*0020060409
REF*ST*07362
REF*DP*043
DTM*999*20060408
RMR*IK*736220060409*PI*278.18*278.18*0
REF*PO*0020060410
REF*ST*07362
REF*DP*043
DTM*999*20060409
RMR*IK*736220060410*PI*288*288*0
REF*PO*0020060411
REF*ST*07362
REF*DP*043
DTM*999*20060410
RMR*IK*736220060411*PI*353*353*0
REF*PO*0020060412
REF*ST*07362
REF*DP*043
DTM*999*20060411
RMR*IK*736220060412*PI*387.27*387.27*0
REF*PO*0020060413
REF*ST*07362
REF*DP*043
DTM*999*20060412
RMR*IK*738820060406*PI*177.79*177.79*0
REF*PO*0020060407
REF*ST*07388
REF*DP*043
DTM*999*20060406
RMR*IK*738820060407*PI*232.49*232.49*0
REF*PO*0020060408
REF*ST*07388
REF*DP*043
DTM*999*20060407
RMR*IK*738820060408*PI*55.21*55.21*0
REF*PO*0020060409
REF*ST*07388
REF*DP*043
DTM*999*20060408
RMR*IK*738820060409*PI*296.22*296.22*0
REF*PO*0020060410
REF*ST*07388
REF*DP*043
DTM*999*20060409
RMR*IK*738820060410*PI*258.71*258.71*0
REF*PO*0020060411
REF*ST*07388
REF*DP*043
DTM*999*20060410
RMR*IK*738820060411*PI*237.43*237.43*0
REF*PO*0020060412
REF*ST*07388
REF*DP*043
DTM*999*20060411
RMR*IK*738820060412*PI*138*138*0
REF*PO*0020060413
REF*ST*07388
REF*DP*043
DTM*999*20060412
RMR*IK*743720060406*PI*79.46*79.46*0
REF*PO*0020060407
REF*ST*07437
REF*DP*043
DTM*999*20060406
RMR*IK*743720060407*PI*107.5*107.5*0
REF*PO*0020060408
REF*ST*07437
REF*DP*043
DTM*999*20060407
RMR*IK*743720060408*PI*150.45*150.45*0
REF*PO*0020060409
REF*ST*07437
REF*DP*043
DTM*999*20060408
RMR*IK*743720060409*PI*74.7*74.7*0
REF*PO*0020060410
REF*ST*07437
REF*DP*043
DTM*999*20060409
RMR*IK*743720060410*PI*110.35*110.35*0
REF*PO*0020060411
REF*ST*07437
REF*DP*043
DTM*999*20060410
RMR*IK*743720060411*PI*173.61*173.61*0
REF*PO*0020060412
REF*ST*07437
REF*DP*043
DTM*999*20060411
RMR*IK*743720060412*PI*128.91*128.91*0
REF*PO*0020060413
REF*ST*07437
REF*DP*043
DTM*999*20060412
RMR*IK*746020060406*PI*56.3*56.3*0
REF*PO*0020060407
REF*ST*07460
REF*DP*043
DTM*999*20060406
RMR*IK*746020060407*PI*82.3*82.3*0
REF*PO*0020060408
REF*ST*07460
REF*DP*043
DTM*999*20060407
RMR*IK*746020060408*PI*157.38*157.38*0
REF*PO*0020060409
REF*ST*07460
REF*DP*043
DTM*999*20060408
RMR*IK*746020060409*PI*231.7*231.7*0
REF*PO*0020060410
REF*ST*07460
REF*DP*043
DTM*999*20060409
RMR*IK*746020060410*PI*352.25*352.25*0
REF*PO*0020060411
REF*ST*07460
REF*DP*043
DTM*999*20060410
RMR*IK*746020060411*PI*369.08*369.08*0
REF*PO*0020060412
REF*ST*07460
REF*DP*043
DTM*999*20060411
RMR*IK*746020060412*PI*276.15*276.15*0
REF*PO*0020060413
REF*ST*07460
REF*DP*043
DTM*999*20060412
RMR*IK*746120060406*PI*43.46*43.46*0
REF*PO*0020060407
REF*ST*07461
REF*DP*043
DTM*999*20060406
RMR*IK*746120060407*PI*143.1*143.1*0
REF*PO*0020060408
REF*ST*07461
REF*DP*043
DTM*999*20060407
RMR*IK*746120060408*PI*60.4*60.4*0
REF*PO*0020060409
REF*ST*07461
REF*DP*043
DTM*999*20060408
RMR*IK*746120060409*PI*146.76*146.76*0
REF*PO*0020060410
REF*ST*07461
REF*DP*043
DTM*999*20060409
RMR*IK*746120060410*PI*218.53*218.53*0
REF*PO*0020060411
REF*ST*07461
REF*DP*043
DTM*999*20060410
RMR*IK*746120060411*PI*146.77*146.77*0
REF*PO*0020060412
REF*ST*07461
REF*DP*043
DTM*999*20060411
RMR*IK*746120060412*PI*111.42*111.42*0
REF*PO*0020060413
REF*ST*07461
REF*DP*043
DTM*999*20060412
RMR*IK*755820060406*PI*154.83*154.83*0
REF*PO*0020060407
REF*ST*07558
REF*DP*043
DTM*999*20060406
RMR*IK*755820060407*PI*123.25*123.25*0
REF*PO*0020060408
REF*ST*07558
REF*DP*043
DTM*999*20060407
RMR*IK*755820060408*PI*130.22*130.22*0
REF*PO*0020060409
REF*ST*07558
REF*DP*043
DTM*999*20060408
RMR*IK*755820060409*PI*350.61*350.61*0
REF*PO*0020060410
REF*ST*07558
REF*DP*043
DTM*999*20060409
RMR*IK*755820060410*PI*221.5*221.5*0
REF*PO*0020060411
REF*ST*07558
REF*DP*043
DTM*999*20060410
RMR*IK*755820060411*PI*202.78*202.78*0
REF*PO*0020060412
REF*ST*07558
REF*DP*043
DTM*999*20060411
RMR*IK*755820060412*PI*179.31*179.31*0
REF*PO*0020060413
REF*ST*07558
REF*DP*043
DTM*999*20060412
RMR*IK*760720060406*PI*180.75*180.75*0
REF*PO*0020060407
REF*ST*07607
REF*DP*043
DTM*999*20060406
RMR*IK*760720060407*PI*243.8*243.8*0
REF*PO*0020060408
REF*ST*07607
REF*DP*043
DTM*999*20060407
RMR*IK*760720060408*PI*56.2*56.2*0
REF*PO*0020060409
REF*ST*07607
REF*DP*043
DTM*999*20060408
RMR*IK*760720060409*PI*182.8*182.8*0
REF*PO*0020060410
REF*ST*07607
REF*DP*043
DTM*999*20060409
RMR*IK*760720060410*PI*477.69*477.69*0
REF*PO*0020060411
REF*ST*07607
REF*DP*043
DTM*999*20060410
RMR*IK*760720060411*PI*303.86*303.86*0
REF*PO*0020060412
REF*ST*07607
REF*DP*043
DTM*999*20060411
RMR*IK*760720060412*PI*334.96*334.96*0
REF*PO*0020060413
REF*ST*07607
REF*DP*043
DTM*999*20060412
RMR*IK*761020060406*PI*115.76*115.76*0
REF*PO*0020060407
REF*ST*07610
REF*DP*043
DTM*999*20060406
RMR*IK*761020060407*PI*162.26*162.26*0
REF*PO*0020060408
REF*ST*07610
REF*DP*043
DTM*999*20060407
RMR*IK*761020060408*PI*217.98*217.98*0
REF*PO*0020060409
REF*ST*07610
REF*DP*043
DTM*999*20060408
RMR*IK*761020060409*PI*191.46*191.46*0
REF*PO*0020060410
REF*ST*07610
REF*DP*043
DTM*999*20060409
RMR*IK*761020060410*PI*123.05*123.05*0
REF*PO*0020060411
REF*ST*07610
REF*DP*043
DTM*999*20060410
RMR*IK*761020060411*PI*223.46*223.46*0
REF*PO*0020060412
REF*ST*07610
REF*DP*043
DTM*999*20060411
RMR*IK*761020060412*PI*271.22*271.22*0
REF*PO*0020060413
REF*ST*07610
REF*DP*043
DTM*999*20060412
RMR*IK*762920060406*PI*431.33*431.33*0
REF*PO*0020060407
REF*ST*07629
REF*DP*043
DTM*999*20060406
RMR*IK*762920060407*PI*420.36*420.36*0
REF*PO*0020060408
REF*ST*07629
REF*DP*043
DTM*999*20060407
RMR*IK*762920060408*PI*354.26*354.26*0
REF*PO*0020060409
REF*ST*07629
REF*DP*043
DTM*999*20060408
RMR*IK*762920060409*PI*471.02*471.02*0
REF*PO*0020060410
REF*ST*07629
REF*DP*043
DTM*999*20060409
RMR*IK*762920060410*PI*237.49*237.49*0
REF*PO*0020060411
REF*ST*07629
REF*DP*043
DTM*999*20060410
RMR*IK*762920060411*PI*424.77*424.77*0
REF*PO*0020060412
REF*ST*07629
REF*DP*043
DTM*999*20060411
RMR*IK*762920060412*PI*484.92*484.92*0
REF*PO*0020060413
REF*ST*07629
REF*DP*043
DTM*999*20060412
RMR*IK*763720060406*PI*149.38*149.38*0
REF*PO*0020060407
REF*ST*07637
REF*DP*043
DTM*999*20060406
RMR*IK*763720060407*PI*333.92*333.92*0
REF*PO*0020060408
REF*ST*07637
REF*DP*043
DTM*999*20060407
RMR*IK*763720060408*PI*136.26*136.26*0
REF*PO*0020060409
REF*ST*07637
REF*DP*043
DTM*999*20060408
RMR*IK*763720060409*PI*82.86*82.86*0
REF*PO*0020060410
REF*ST*07637
REF*DP*043
DTM*999*20060409
RMR*IK*763720060410*PI*201.26*201.26*0
REF*PO*0020060411
REF*ST*07637
REF*DP*043
DTM*999*20060410
RMR*IK*763720060411*PI*107.91*107.91*0
REF*PO*0020060412
REF*ST*07637
REF*DP*043
DTM*999*20060411
RMR*IK*763720060412*PI*102.81*102.81*0
REF*PO*0020060413
REF*ST*07637
REF*DP*043
DTM*999*20060412
RMR*IK*771820060406*PI*627.09*627.09*0
REF*PO*0020060407
REF*ST*07718
REF*DP*043
DTM*999*20060406
RMR*IK*771820060407*PI*589.21*589.21*0
REF*PO*0020060408
REF*ST*07718
REF*DP*043
DTM*999*20060407
RMR*IK*771820060408*PI*1059.38*1059.38*0
REF*PO*0020060409
REF*ST*07718
REF*DP*043
DTM*999*20060408
RMR*IK*771820060409*PI*954.49*954.49*0
REF*PO*0020060410
REF*ST*07718
REF*DP*043
DTM*999*20060409
RMR*IK*771820060410*PI*578.89*578.89*0
REF*PO*0020060411
REF*ST*07718
REF*DP*043
DTM*999*20060410
RMR*IK*771820060411*PI*630.1*630.1*0
REF*PO*0020060412
REF*ST*07718
REF*DP*043
DTM*999*20060411
RMR*IK*771820060412*PI*1032.5*1032.5*0
REF*PO*0020060413
REF*ST*07718
REF*DP*043
DTM*999*20060412
RMR*IK*771920060406*PI*626.02*626.02*0
REF*PO*0020060407
REF*ST*07719
REF*DP*043
DTM*999*2006040.57*246.57*0
REF*PO*0020060409
REF*ST*07719
REF*DP*043
DTM*999*20060408
RMR*IK*771920060409*PI*389.64*389.64*0
REF*PO*0020060410
REF*ST*07719
REF*DP*043
DTM*999*20060409
RMR*IK*771920060410*PI*593.07*593.07*0
REF*PO*0020060411
REF*ST*07719
REF*DP*043
DTM*999*20060410
RMR*IK*771920060411*PI*570.09*570.09*0
REF*PO*0020060412
REF*ST*07719
REF*DP*043
DTM*999*20060411
RMR*IK*771920060412*PI*743.2*743.2*0
REF*PO*0020060413
REF*ST*07719
REF*DP*043
DTM*999*20060412
RMR*IK*921720060406*PI*170.43*170.43*0
REF*PO*0020060407
REF*ST*09217
REF*DP*043
DTM*999*20060406
RMR*IK*921720060407*PI*129.51*129.51*0
REF*PO*0020060408
REF*ST*09217
REF*DP*043
DTM*999*20060407
RMR*IK*921720060408*PI*127.3*127.3*0
REF*PO*0020060409
REF*ST*09217
REF*DP*043
DTM*999*20060408
RMR*IK*921720060409*PI*205.05*205.05*0
REF*PO*0020060410
REF*ST*09217
REF*DP*043
DTM*999*20060409
RMR*IK*921720060410*PI*206.9*206.9*0
REF*PO*0020060411
REF*ST*09217
REF*DP*043
DTM*999*20060410
RMR*IK*921720060411*PI*345.9*345.9*0
REF*PO*0020060412
REF*ST*09217
REF*DP*043
DTM*999*20060411
RMR*IK*921720060412*PI*232.46*232.46*0
REF*PO*0020060413
REF*ST*09217
REF*DP*043
DTM*999*20060412
RMR*IK*956020060406*PI*122.55*122.55*0
REF*PO*0020060407
REF*ST*09560
REF*DP*043
DTM*999*20060406
RMR*IK*956020060407*PI*116.35*116.35*0
REF*PO*0020060408
REF*ST*09560
REF*DP*043
DTM*999*20060407
RMR*IK*956020060408*PI*212.26*212.26*0
REF*PO*0020060409
REF*ST*09560
REF*DP*043
DTM*999*20060408
RMR*IK*956020060409*PI*144.11*144.11*0
REF*PO*0020060410
REF*ST*09560
REF*DP*043
DTM*999*20060409
RMR*IK*956020060410*PI*178.53*178.53*0
REF*PO*0020060411
REF*ST*09560
REF*DP*043
DTM*999*20060410
RMR*IK*956020060411*PI*224.39*224.39*0
REF*PO*0020060412
REF*ST*09560
REF*DP*043
DTM*999*20060411
RMR*IK*956020060412*PI*185.77*185.77*0
REF*PO*0020060413
REF*ST*09560
REF*DP*043
DTM*999*20060412
RMR*IK*957120060406*PI*181.98*181.98*0
REF*PO*0020060407
REF*ST*09571
REF*DP*043
DTM*999*20060406
RMR*IK*957120060407*PI*134.17*134.17*0
REF*PO*0020060408
REF*ST*09571
REF*DP*043
DTM*999*20060407
RMR*IK*957120060408*PI*142.23*142.23*0
REF*PO*0020060409
REF*ST*09571
REF*DP*043
DTM*999*20060408
RMR*IK*957120060409*PI*120.28*120.28*0
REF*PO*0020060410
REF*ST*09571
REF*DP*043
DTM*999*20060409
RMR*IK*957120060410*PI*172.85*172.85*0
REF*PO*0020060411
REF*ST*09571
REF*DP*043
DTM*999*20060410
RMR*IK*957120060411*PI*93.4*93.4*0
REF*PO*0020060412
REF*ST*09571
REF*DP*043
DTM*999*20060411
RMR*IK*957120060412*PI*39.15*39.15*0
REF*PO*0020060413
REF*ST*09571
REF*DP*043
DTM*999*20060412
RMR*IK*962020060406*PI*137.99*137.99*0
REF*PO*0020060407
REF*ST*09620
REF*DP*043
DTM*999*20060406
RMR*IK*962020060407*PI*213.4*213.4*0
REF*PO*0020060408
REF*ST*09620
REF*DP*043
DTM*999*20060407
RMR*IK*962020060408*PI*372.08*372.08*0
REF*PO*0020060409
REF*ST*09620
REF*DP*043
DTM*999*20060408
RMR*IK*962020060409*PI*255.98*255.98*0
REF*PO*0020060410
REF*ST*09620
REF*DP*043
DTM*999*20060409
RMR*IK*962020060410*PI*309.75*309.75*0
REF*PO*0020060411
REF*ST*09620
REF*DP*043
DTM*999*20060410
RMR*IK*962020060411*PI*209.62*209.62*0
REF*PO*0020060412
REF*ST*09620
REF*DP*043
DTM*999*20060411
RMR*IK*962020060412*PI*303.53*303.53*0
REF*PO*0020060413
REF*ST*09620
REF*DP*043
DTM*999*20060412
RMR*IK*962120060406*PI*218.05*218.05*0
REF*PO*0020060407
REF*ST*09621
REF*DP*043
DTM*999*20060406
RMR*IK*962120060407*PI*147.38*147.38*0
REF*PO*0020060408
REF*ST*09621
REF*DP*043
DTM*999*20060407
RMR*IK*962120060408*PI*165.55*165.55*0
REF*PO*0020060409
REF*ST*09621
REF*DP*043
DTM*999*20060408
RMR*IK*962120060409*PI*246.2*246.2*0
REF*PO*0020060410
REF*ST*09621
REF*DP*043
DTM*999*20060409
RMR*IK*962120060410*PI*553.75*553.75*0
REF*PO*0020060411
REF*ST*09621
REF*DP*043
DTM*999*20060410
RMR*IK*962120060411*PI*497.3*497.3*0
REF*PO*0020060412
REF*ST*09621
REF*DP*043
DTM*999*20060411
RMR*IK*962120060412*PI*464.9*464.9*0
REF*PO*0020060413
REF*ST*09621
REF*DP*043
DTM*999*20060412
RMR*IK*962220060406*PI*207.2*207.2*0
REF*PO*0020060407
REF*ST*09622
REF*DP*043
DTM*999*20060406
RMR*IK*962220060407*PI*93.69*93.69*0
REF*PO*0020060408
REF*ST*09622
REF*DP*043
DTM*999*20060407
RMR*IK*962220060408*PI*182.9*182.9*0
REF*PO*0020060409
REF*ST*09622
REF*DP*043
DTM*999*20060408
RMR*IK*962220060409*PI*115.67*115.67*0
REF*PO*0020060410
REF*ST*09622
REF*DP*043
DTM*999*20060409
RMR*IK*962220060410*PI*207.05*207.05*0
REF*PO*0020060411
REF*ST*09622
REF*DP*043
DTM*999*20060410
RMR*IK*962220060411*PI*144.37*144.37*0
REF*PO*0020060412
REF*ST*09622
REF*DP*043
DTM*999*20060411
RMR*IK*962220060412*PI*139.5*139.5*0
REF*PO*0020060413
REF*ST*09622
REF*DP*043
DTM*999*20060412
RMR*IK*962520060406*PI*147.02*147.02*0
REF*PO*0020060407
REF*ST*09625
REF*DP*043
DTM*999*20060406
RMR*IK*962520060407*PI*135.03*135.03*0
REF*PO*0020060408
REF*ST*09625
REF*DP*043
DTM*999*20060407
RMR*IK*962520060408*PI*138.95*138.95*0
REF*PO*0020060409
REF*ST*09625
REF*DP*043
DTM*999*20060408
RMR*IK*962520060409*PI*71.56*71.56*0
REF*PO*0020060410
REF*ST*09625
REF*DP*043
DTM*999*20060409
RMR*IK*962520060410*PI*82.08*82.08*0
REF*PO*0020060411
REF*ST*09625
REF*DP*043
DTM*999*20060410
RMR*IK*962520060411*PI*111.06*111.06*0
REF*PO*0020060412
REF*ST*09625
REF*DP*043
DTM*999*20060411
RMR*IK*962520060412*PI*73.15*73.15*0
REF*PO*0020060413
REF*ST*09625
REF*DP*043
DTM*999*20060412
RMR*IK*962920060406*PI*237.76*237.76*0
REF*PO*0020060407
REF*ST*09629
REF*DP*043
DTM*999*20060406
RMR*IK*962920060407*PI*268.71*268.71*0
REF*PO*0020060408
REF*ST*09629
REF*DP*043
DTM*999*20060407
RMR*IK*962920060408*PI*111.25*111.25*0
REF*PO*0020060409
REF*ST*09629
REF*DP*043
DTM*999*20060408
RMR*IK*962920060409*PI*216.89*216.89*0
REF*PO*0020060410
REF*ST*09629
REF*DP*043
DTM*999*20060409
RMR*IK*962920060410*PI*663.7*663.7*0
REF*PO*0020060411
REF*ST*09629
REF*DP*043
DTM*999*20060410
RMR*IK*962920060411*PI*484.05*484.05*0
REF*PO*0020060412
REF*ST*09629
REF*DP*043
DTM*999*20060411
RMR*IK*962920060412*PI*631.72*631.72*0
REF*PO*0020060413
REF*ST*09629
REF*DP*043
DTM*999*20060412
RMR*IK*963320060406*PI*262.42*262.42*0
REF*PO*0020060407
REF*ST*09633
REF*DP*043
DTM*999*20060406
RMR*IK*963320060407*PI*169.95*169.95*0
REF*PO*0020060408
REF*ST*09633
REF*DP*043
DTM*999*20060407
RMR*IK*963320060408*PI*162.56*162.56*0
REF*PO*0020060409
REF*ST*09633
REF*DP*043
DTM*999*20060408
RMR*IK*963320060409*PI*405.14*405.14*0
REF*PO*0020060410
REF*ST*09633
REF*DP*043
DTM*999*20060409
RMR*IK*963320060410*PI*552.61*552.61*0
REF*PO*0020060411
REF*ST*09633
REF*DP*043
DTM*999*20060410
RMR*IK*963320060411*PI*564.74*564.74*0
REF*PO*0020060412
REF*ST*09633
REF*DP*043
DTM*999*20060411
RMR*IK*963320060412*PI*485.75*485.75*0
REF*PO*0020060413
REF*ST*09633
REF*DP*043
DTM*999*20060412
RMR*IK*963920060406*PI*79.48*79.48*0
REF*PO*0020060407
REF*ST*09639
REF*DP*043
DTM*999*20060406
RMR*IK*963920060407*PI*104.45*104.45*0
REF*PO*0020060408
REF*ST*09639
REF*DP*043
DTM*999*20060407
RMR*IK*963920060408*PI*49.7*49.7*0
REF*PO*0020060409
REF*ST*09639
REF*DP*043
DTM*999*20060408
RMR*IK*963920060409*PI*124.6*124.6*0
REF*PO*0020060410
REF*ST*09639
REF*DP*043
DTM*999*20060409
RMR*IK*963920060410*PI*128.35*128.35*0
REF*PO*0020060411
REF*ST*09639
REF*DP*043
DTM*999*20060410
RMR*IK*963920060411*PI*190.7*190.7*0
REF*PO*0020060412
REF*ST*09639
REF*DP*043
DTM*999*20060411
RMR*IK*963920060412*PI*182.1*182.1*0
REF*PO*0020060413
REF*ST*09639
REF*DP*043
DTM*999*20060412
RMR*IK*964820060406*PI*476.25*476.25*0
REF*PO*0020060407
REF*ST*09648
REF*DP*043
DTM*999*20060406
RMR*IK*964820060407*PI*399.95*399.95*0
REF*PO*0020060408
REF*ST*09648
REF*DP*043
DTM*999*20060407
RMR*IK*964820060408*PI*666.05*666.05*0
REF*PO*0020060409
REF*ST*09648
REF*DP*043
DTM*999*20060408
RMR*IK*964820060409*PI*711.51*711.51*0
REF*PO*0020060410
REF*ST*09648
REF*DP*043
DTM*999*20060409
RMR*IK*964820060410*PI*828.7*828.7*0
REF*PO*0020060411
REF*ST*09648
REF*DP*043
DTM*999*20060410
RMR*IK*964820060411*PI*767.75*767.75*0
REF*PO*0020060412
REF*ST*09648
REF*DP*043
DTM*999*20060411
RMR*IK*964820060412*PI*1118.21*1118.21*0
REF*PO*0020060413
REF*ST*09648
REF*DP*043
DTM*999*20060412
RMR*IK*967420060406*PI*13.65*13.65*0
REF*PO*0020060407
REF*ST*09674
REF*DP*043
DTM*999*20060406
RMR*IK*967420060407*PI*46.1*46.1*0
REF*PO*0020060408
REF*ST*09674
REF*DP*043
DTM*999*20060407
RMR*IK*967420060408*PI*55.84*55.84*0
REF*PO*0020060409
REF*ST*09674
REF*DP*043
DTM*999*20060408
RMR*IK*967420060409*PI*197.48*197.48*0
REF*PO*0020060410
REF*ST*09674
REF*DP*043
DTM*999*20060409
RMR*IK*967420060410*PI*161.25*161.25*0
REF*PO*0020060411
REF*ST*09674
REF*DP*043
DTM*999*20060410
RMR*IK*967420060411*PI*104.45*104.45*0
REF*PO*0020060412
REF*ST*09674
REF*DP*043
DTM*999*20060411
RMR*IK*967420060412*PI*196.62*196.62*0
REF*PO*0020060413
REF*ST*09674
REF*DP*043
DTM*999*20060412
RMR*IK*971420060406*PI*172.2*172.2*0
REF*PO*0020060407
REF*ST*09714
REF*DP*043
DTM*999*20060406
RMR*IK*971420060407*PI*230.78*230.78*0
REF*PO*0020060408
REF*ST*09714
REF*DP*043
DTM*999*20060407
RMR*IK*971420060408*PI*270.65*270.65*0
REF*PO*0020060409
REF*ST*09714
REF*DP*043
DTM*999*20060408
RMR*IK*971420060409*PI*263.96*263.96*0
REF*PO*0020060410
REF*ST*09714
REF*DP*043
DTM*999*20060409
RMR*IK*971420060410*PI*145.42*145.42*0
REF*PO*0020060411
REF*ST*09714
REF*DP*043
DTM*999*20060410
RMR*IK*971420060411*PI*208.98*208.98*0
REF*PO*0020060412
REF*ST*09714
REF*DP*043
DTM*999*20060411
RMR*IK*971420060412*PI*133.7*133.7*0
REF*PO*0020060413
REF*ST*09714
REF*DP*043
DTM*999*20060412
RMR*IK*971420060428*PI*-7.4*-7.4*0
REF*PO*0020060430
REF*ST*09714
REF*DP*043
DTM*999*20060428
RMR*IK*972820060406*PI*49.8*49.8*0
REF*PO*0020060407
REF*ST*09728
REF*DP*043
DTM*999*20060406
RMR*IK*972820060407*PI*18.05*18.05*0
REF*PO*0020060408
REF*ST*09728
REF*DP*043
DTM*999*20060407
RMR*IK*972820060408*PI*50.15*50.15*0
REF*PO*0020060409
REF*ST*09728
REF*DP*043
DTM*999*20060408
RMR*IK*972820060409*PI*146.65*146.65*0
REF*PO*0020060410
REF*ST*09728
REF*DP*043
DTM*999*20060409
RMR*IK*972820060410*PI*182.95*182.95*0
REF*PO*0020060411
REF*ST*09728
REF*DP*043
DTM*999*20060410
RMR*IK*972820060411*PI*252.99*252.99*0
REF*PO*0020060412
REF*ST*09728
REF*DP*043
DTM*999*20060411
RMR*IK*972820060412*PI*191.17*191.17*0
REF*PO*0020060413
REF*ST*09728
REF*DP*043
DTM*999*20060412
RMR*IK*973520060406*PI*83.9*83.9*0
REF*PO*0020060407
REF*ST*09735
REF*DP*043
DTM*999*20060406
RMR*IK*973520060407*PI*73.3*73.3*0
REF*PO*0020060408
REF*ST*09735
REF*DP*043
DTM*999*20060407
RMR*IK*973520060408*PI*81.05*81.05*0
REF*PO*0020060409
REF*ST*09735
REF*DP*043
DTM*999*20060408
RMR*IK*973520060409*PI*69.65*69.65*0
REF*PO*0020060410
REF*ST*09735
REF*DP*043
DTM*999*20060409
RMR*IK*973520060410*PI*161.53*161.53*0
REF*PO*0020060411
REF*ST*09735
REF*DP*043
DTM*999*20060410
RMR*IK*973520060411*PI*103.01*103.01*0
REF*PO*0020060412
REF*ST*09735
REF*DP*043
DTM*999*20060411
RMR*IK*973520060412*PI*196.31*196.31*0
REF*PO*0020060413
REF*ST*09735
REF*DP*043
DTM*999*20060412
RMR*IK*975820060406*PI*225.31*225.31*0
REF*PO*0020060407
REF*ST*09758
REF*DP*043
DTM*999*20060406
RMR*IK*975820060407*PI*211.7*211.7*0
REF*PO*0020060408
REF*ST*09758
REF*DP*043
DTM*999*20060407
RMR*IK*975820060408*PI*228.35*228.35*0
REF*PO*0020060409
REF*ST*09758
REF*DP*043
DTM*999*20060408
RMR*IK*975820060409*PI*277.45*277.45*0
REF*PO*0020060410
REF*ST*09758
REF*DP*043
DTM*999*20060409
RMR*IK*975820060410*PI*271.98*271.98*0
REF*PO*0020060411
REF*ST*09758
REF*DP*043
DTM*999*20060410
RMR*IK*975820060411*PI*532.09*532.09*0
REF*PO*0020060412
REF*ST*09758
REF*DP*043
DTM*999*20060411
RMR*IK*975820060412*PI*447.47*447.47*0
REF*PO*0020060413
REF*ST*09758
REF*DP*043
DTM*999*20060412
SE*4019*0001
GE*1*1000020
IEA*1*001000020
ISA*00*          *00*          *09*006985290AC    *12*6154525825     *060509*0521*U*00400*001000122*0*P*>
GS*PD*006985290AC*6154525825*20060509*0521*1000122*X*004010
ST*852*0001
XQ*H*20060509
N9*AD*T00000040
LIN**CB*488487117*ZZ*43*UP*831664001153*****DG*1*VS*00000
ZA*QS***006*20060508
CTP**UCP*2.9
SDQ*EA*ZZ*7045*1
CTT*1
SE*9*0001
ST*852*0002
XQ*H*20060509
N9*AD*T00000040
LIN**CB*492922117*ZZ*43*UP*831664001139*****DG*1*VS*00000
ZA*QS***006*20060508
CTP**UCP*2.9
SDQ*EA*ZZ*3063*3*3082*1*3083*2*3084*2*3103*1*3143*19*3194*6*3219*4*3289*2*3348*2
SDQ*EA*ZZ*3408*4*3602*6*3644*4*3646*5*3661*4*3672*11*3675*8*3685*1*3701*1*3703*1
SDQ*EA*ZZ*3713*3*3715*4*3822*5*3848*6*3941*4*3975*3*3978*5*4033*5*4071*8*4093*4
SDQ*EA*ZZ*4103*5*4189*4*4198*4*4244*12*4308*7*4489*1*4717*9*4719*8*4739*4*4753*1
SDQ*EA*ZZ*4760*4*4769*2*4817*4*4835*5*4898*1*4970*2*7064*2*7066*4*7069*1*7076*4
SDQ*EA*ZZ*7132*1*7154*4*7184*6*7255*1*7358*3*7388*1*7460*4*7461*6*7558*1*7607*3
SDQ*EA*ZZ*7610*5*7613*6*7629*8*7718*1*9217*4*9620*13*9625*1*9629*8*9648*10*9674*5
SDQ*EA*ZZ*9714*1*9758*5
CTT*1
SE*16*0002
ST*852*0003
XQ*H*20060509
N9*AD*T00000040
LIN**CB*966989113*ZZ*43*UP*831664001115*****DG*1*VS*00000
ZA*QS***006*20060508
CTP**UCP*8.75
SDQ*EA*ZZ*3083*2*3143*2*3715*1*3941*1*4093*3*4103*1*4244*3*4717*1*4753*5*4883*1
SDQ*EA*ZZ*7358*13*7362*1*7607*3*9621*3*9633*1*9639*1
CTT*1
SE*10*0003
ST*852*0004
XQ*H*20060509
N9*AD*T00000040
LIN**CB*969018118*ZZ*43*UP*831664001122*****DG*6*VS*00000
ZA*QS***006*20060508
CTP**UCP*4.5
SDQ*EA*ZZ*3143*4*3194*2*3941*2*4071*2*4093*1*4189*1*4475*8*4717*3*4719*1*4739*2
SDQ*EA*ZZ*4760*1*4769*1*4970*1*7045*1*7255*1*7607*6*7610*4*7629*3*7718*3*9629*2
SDQ*EA*ZZ*9633*4*9648*4*9674*1
CTT*1
SE*11*0004
ST*852*0005
XQ*H*20060509
N9*AD*T00000040
LIN**CB*970657110*ZZ*43*UP*831664000842*****DG*1*VS*00000
ZA*QS***006*20060507
CTP**UCP*5.75
SDQ*EA*ZZ*5023*5
LIN**CB*970657110*ZZ*43*UP*831664000842*****DG*6*VS*00000
ZA*QS***006*20060508
CTP**UCP*5.75
SDQ*EA*ZZ*3084*5*3103*7*3143*45*3223*1*3348*6*3355*1*3359*2*3408*2*3644*2*3646*57
SDQ*EA*ZZ*3685*6*3701*5*3703*29*3713*10*3715*7*3822*1*3836*4*3905*5*3931*4*3966*3
SDQ*EA*ZZ*3975*2*3978*2*3996*2*4033*5*4071*3*4103*3*4198*7*4244*6*4308*2*4312*6
SDQ*EA*ZZ*4475*7*4489*1*4717*11*4719*42*4739*1*4753*9*4769*4*4817*2*4898*3*4970*2
SDQ*EA*ZZ*7045*2*7059*2*7066*14*7076*1*7132*3*7154*4*7184*5*7255*2*7358*12*7362*12
SDQ*EA*ZZ*7388*2*7460*5*7461*2*7558*3*7607*5*7610*9*7613*2*7629*4*7637*2*7718*8
SDQ*EA*ZZ*7719*11*9217*3*9621*5*9625*1*9633*6*9648*5*9674*2*9728*1*9735*10*9758*7
CTT*2
SE*19*0005
ST*852*0006
XQ*H*20060509
N9*AD*T00000040
LIN**CB*970956116*ZZ*43*UP*831664000019*****DG*1*VS*00000
ZA*QS***006*20060507
CTP**UCP*1.05
SDQ*EA*ZZ*4244*-2*5023*25*5066*19*5077*7
LIN**CB*970956116*ZZ*43*UP*831664000019*****DG*3*VS*00000
ZA*QS***006*20060507
CTP**UCP*1.05
SDQ*EA*ZZ*5070*32
ZA*QS***006*20060508
CTP**UCP*1.05
SDQ*EA*ZZ*3063*73*3082*33*3083*191*3084*52*3103*130*3143*275*3194*59*3219*22*3223*43*3289*35
SDQ*EA*ZZ*3348*58*3355*17*3359*101*3408*79*3602*50*3644*108*3646*315*3660*14*3661*61*3672*94
SDQ*EA*ZZ*3675*26*3685*19*3701*43*3703*341*3713*56*3715*92*3822*87*3836*52*3848*148*3876*34
SDQ*EA*ZZ*3905*19*3929*65*3931*58*3939*5*3941*69*3946*4*3957*20*3966*56*3975*26*3978*38
SDQ*EA*ZZ*3991*23*3994*17*3996*67*4033*45*4071*37*4093*227*4103*334*4122*15*4189*17*4198*100
SDQ*EA*ZZ*4213*73*4244*121*4308*99*4312*61*4475*215*4489*46*4717*148*4719*204*4723*16*4739*43
SDQ*EA*ZZ*4753*103*4760*86*4769*91*4817*67*4835*88*4883*52*4898*23*4970*193*7028*4*7045*41
SDQ*EA*ZZ*7059*40*7064*14*7066*93*7069*58*7076*92*7132*50*7146*3*7154*56*7184*108*7255*145
SDQ*EA*ZZ*7358*186*7360*3*7362*37*7388*95*7437*22*7460*113*7461*145*7558*28*7607*109*7610*65
SDQ*EA*ZZ*7613*22*7629*64*7637*35*7718*230*7719*148*9217*27*9560*38*9571*31*9620*122*9621*163
SDQ*EA*ZZ*9622*38*9625*22*9629*68*9633*140*9639*56*9648*202*9674*43*9714*18*9728*81*9735*89
SDQ*EA*ZZ*9758*107
LIN**CB*970956116*ZZ*43*UP*831664000019*****DG*8*VS*00000
ZA*QS***006*20060508
CTP**UCP*1.05
SDQ*EA*ZZ*3084*2*4739*1*4835*1
CTT*3
SE*31*0006
ST*852*0007
XQ*H*20060509
N9*AD*T00000040
LIN**CB*970957114*ZZ*43*UP*831664000255*****DG*1*VS*00000
ZA*QS***006*20060507
CTP**UCP*.78
SDQ*EA*ZZ*5023*6*5070*2
ZA*QS***006*20060508
CTP**UCP*.78
SDQ*EA*ZZ*4883*22*4970*19
LIN**CB*970957114*ZZ*43*UP*831664000255*****DG*3*VS*00000
ZA*QS***006*20060508
CTP**UCP*.78
SDQ*EA*ZZ*3063*1*3082*17*3083*16*3103*28*3143*35*3219*2*3223*2*3289*2*3348*22*3359*7
SDQ*EA*ZZ*3408*3*3602*2*3644*60*3646*152*3660*7*3672*1*3685*3*3701*10*3703*43*3715*1
SDQ*EA*ZZ*3822*24*3836*1*3848*25*3876*1*3905*3*3929*2*3931*3*3941*4*3957*8*3966*10
SDQ*EA*ZZ*3975*3*4033*3*4071*2*4093*59*4103*49*4122*4*4189*2*4244*17*4308*11*4312*14
SDQ*EA*ZZ*4475*22*4489*7*4717*59*4719*52*4723*4*4739*23*4753*8*4769*15*4817*7*4835*5
SDQ*EA*ZZ*4898*4*7028*3*7045*3*7066*1*7069*6*7132*26*7146*1*7154*10*7184*6*7255*23
SDQ*EA*ZZ*7358*33*7362*1*7388*5*7437*4*7460*4*7461*15*7558*2*7610*-5*7613*4*7629*4
SDQ*EA*ZZ*7637*6*7718*26*7719*5*9560*4*9620*9*9621*23*9629*8*9639*2*9648*50*9674*31
SDQ*EA*ZZ*9714*6*9728*5*9735*1*9758*20
CTT*2
SE*24*0007
ST*852*0008
XQ*H*20060509
N9*AD*T00000040
LIN**CB*970958112*ZZ*43*UP*831664000699*****DG*1*VS*00000
ZA*QS***006*20060508
CTP**UCP*.78
SDQ*EA*ZZ*3063*11*3083*16*3084*1*3143*2*3219*3*3223*2*3289*2*3348*6*3359*3*3644*7
SDQ*EA*ZZ*3646*53*3661*3*3672*3*3675*2*3701*6*3703*24*3713*6*3836*8*3848*3*3905*2
SDQ*EA*ZZ*3931*2*3939*1*3966*3*3975*2*3978*2*3996*4*4093*36*4103*42*4189*6*4198*10
SDQ*EA*ZZ*4244*3*4308*9*4312*8*4475*4*4719*41*4739*3*4817*8*4883*19*4970*1*7059*3
SDQ*EA*ZZ*7076*2*7132*6*7146*7*7154*5*7184*6*7358*6*7362*6*7388*2*7460*5*7461*18
SDQ*EA*ZZ*7607*12*7610*4*7613*12*7629*13*7718*17*7719*9*9217*2*9571*1*9620*15*9621*26
SDQ*EA*ZZ*9622*1*9633*9*9639*2*9648*8*9674*9*9714*2*9728*6*9735*2*9758*3
LIN**CB*970958112*ZZ*43*UP*831664000699*****DG*3*VS*00000
ZA*QS***006*20060508
CTP**UCP*.78
SDQ*EA*ZZ*3941*2*4753*27*7255*32
CTT*2
SE*19*0008
ST*852*0009
XQ*H*20060509
N9*AD*T00000040
LIN**CB*970959110*ZZ*43*UP*831664000675*****DG*1*VS*00000
ZA*QS***006*20060507
CTP**UCP*1.9
SDQ*EA*ZZ*5023*2*5066*1
ZA*QS***006*20060508
CTP**UCP*1.9
SDQ*EA*ZZ*3083*1*3103*3*3143*18*3194*1*3219*2*3355*7*3359*4*3408*2*3644*4*3646*27
SDQ*EA*ZZ*3660*1*3661*6*3672*2*3685*1*3701*6*3703*15*3713*1*3715*4*3848*10*3929*2
SDQ*EA*ZZ*3939*1*3941*5*3966*1*3975*3*4093*18*4103*16*4189*3*4244*19*4308*6*4475*38
SDQ*EA*ZZ*4489*4*4717*12*4719*2*4723*2*4753*6*4760*1*4769*8*4817*11*4835*6*4883*2
SDQ*EA*ZZ*4898*2*4970*1*7028*3*7045*2*7059*2*7066*5*7069*3*7076*3*7132*1*7146*1
SDQ*EA*ZZ*7154*1*7184*12*7255*7*7358*4*7360*1*7362*2*7388*2*7437*1*7460*2*7461*2
SDQ*EA*ZZ*7558*2*7610*9*7637*2*7718*1*7719*2*9217*2*9560*7*9571*1*9620*2*9621*4
SDQ*EA*ZZ*9633*13*9648*18*9728*15*9735*3*9758*1
LIN**CB*970959110*ZZ*43*UP*831664000675*****DG*3*VS*00000
ZA*QS***006*20060508
CTP**UCP*1.9
SDQ*EA*ZZ*4835*3
CTT*2
SE*23*0009
ST*852*0010
XQ*H*20060509
N9*AD*T00000040
LIN**CB*970960118*ZZ*43*UP*831664000682*****DG*1*VS*00000
ZA*QS***006*20060507
CTP**UCP*1.38
SDQ*EA*ZZ*5023*5*5070*3
ZA*QS***006*20060508
CTP**UCP*1.38
SDQ*EA*ZZ*3063*1*3082*4*3083*1*3103*21*3143*9*3194*10*3219*1*3223*7*3289*3*3348*3
SDQ*EA*ZZ*3355*1*3359*10*3408*8*3602*8*3644*22*3646*12*3661*1*3672*4*3675*16*3685*5
SDQ*EA*ZZ*3701*3*3703*21*3713*10*3715*10*3836*1*3848*38*3929*1*3931*10*3941*5*3957*5
SDQ*EA*ZZ*3966*8*3967*1*3975*4*3978*4*3991*3*4033*11*4071*3*4093*2*4103*43*4198*2
SDQ*EA*ZZ*4244*5*4308*1*4312*17*4475*13*4489*4*4717*28*4739*16*4769*11*4817*16*4835*3
SDQ*EA*ZZ*4970*5*7028*5*7064*2*7066*5*7076*26*7132*10*7146*9*7154*3*7184*8*7255*12
SDQ*EA*ZZ*7358*23*7388*10*7437*2*7460*10*7461*17*7558*2*7607*6*7610*9*7613*1*7629*10
SDQ*EA*ZZ*7637*4*7718*20*9217*3*9560*2*9571*4*9620*2*9621*13*9622*1*9625*2*9629*20
SDQ*EA*ZZ*9633*25*9648*19*9674*12*9714*1*9728*3*9735*12*9758*11
LIN**CB*970960118*ZZ*43*UP*831664000682*****DG*3*VS*00000
ZA*QS***006*20060508
CTP**UCP*1.38
SDQ*EA*ZZ*4835*4
CTT*2
SE*24*0010
ST*852*0011
XQ*H*20060509
N9*AD*T00000040
LIN**CB*970961116*ZZ*43*UP*831664000330*****DG*1*VS*00000
ZA*QS***006*20060507
CTP**UCP*1.9
SDQ*EA*ZZ*5023*11*5066*1*5070*15
ZA*QS***006*20060508
CTP**UCP*1.9
SDQ*EA*ZZ*3063*11*3082*3*3083*1*3084*18*3103*7*3143*3*3194*2*3219*3*3223*9*3289*10
SDQ*EA*ZZ*3348*1*3355*4*3359*5*3408*12*3602*2*3644*24*3646*42*3660*7*3661*8*3672*1
SDQ*EA*ZZ*3675*10*3685*10*3701*4*3703*25*3713*9*3715*9*3822*2*3836*8*3848*20*3905*6
SDQ*EA*ZZ*3929*4*3931*2*3939*6*3941*28*3957*7*3966*8*3967*1*3975*2*3978*5*3991*9
SDQ*EA*ZZ*3994*16*3996*2*4033*1*4093*42*4103*50*4122*1*4189*1*4198*16*4213*13*4244*11
SDQ*EA*ZZ*4308*7*4312*3*4475*32*4717*28*4719*21*4723*2*4739*5*4753*8*4760*6*4769*13
SDQ*EA*ZZ*4817*12*4835*5*4898*2*4970*6*7045*2*7059*2*7066*3*7069*1*7076*13*7132*4
SDQ*EA*ZZ*7146*3*7154*8*7184*5*7255*18*7358*40*7360*3*7362*9*7388*9*7437*2*7460*6
SDQ*EA*ZZ*7461*11*7558*7*7607*17*7610*9*7613*11*7629*8*7718*18*7719*11*9217*4*9560*2
SDQ*EA*ZZ*9571*2*9620*20*9621*18*9622*21*9625*8*9629*11*9633*4*9648*45*9674*15*9714*6
SDQ*EA*ZZ*9728*16*9735*20*9758*1
LIN**CB*970961116*ZZ*43*UP*831664000330*****DG*3*VS*00000
ZA*QS***006*20060508
CTP**UCP*1.9
SDQ*EA*ZZ*4835*6
LIN**CB*970961116*ZZ*43*UP*831664000330*****DG*5*VS*00000
ZA*QS***006*20060508
CTP**UCP*1.9
SDQ*EA*ZZ*4312*3
LIN**CB*970961116*ZZ*43*UP*831664000330*****DG*8*VS*00000
ZA*QS***006*20060508
CTP**UCP*1.9
SDQ*EA*ZZ*4198*2
CTT*4
SE*34*0011
ST*852*0012
XQ*H*20060509
N9*AD*T00000040
LIN**CB*970962114*ZZ*43*UP*831664000941*****DG*1*VS*00000
ZA*QS***006*20060507
CTP**UCP*2.3
SDQ*EA*ZZ*5023*1*5066*1*5070*13*5077*1
ZA*QS***006*20060508
CTP**UCP*2.3
SDQ*EA*ZZ*3063*5*3083*6*3084*4*3103*12*3143*8*3194*2*3219*2*3289*1*3348*3*3355*2
SDQ*EA*ZZ*3408*6*3602*1*3646*20*3660*1*3661*1*3672*1*3685*2*3703*5*3713*9*3848*5
SDQ*EA*ZZ*3876*6*3905*14*3929*16*3941*2*3957*1*3966*1*3967*4*3975*4*3978*3*3991*3
SDQ*EA*ZZ*3996*2*4033*3*4071*1*4103*16*4122*1*4198*4*4244*3*4308*9*4312*3*4475*16
SDQ*EA*ZZ*4489*8*4717*1*4719*8*4723*1*4739*3*4769*1*4835*2*4970*3*7064*1*7066*23
SDQ*EA*ZZ*7076*6*7132*1*7154*3*7184*1*7255*1*7358*2*7360*2*7362*3*7437*2*7461*1
SDQ*EA*ZZ*7558*1*7607*1*7610*8*7637*9*7718*12*7719*1*9217*1*9560*11*9620*10*9621*15
SDQ*EA*ZZ*9622*1*9633*9*9648*14*9674*2*9714*1*9728*2*9735*2
LIN**CB*970962114*ZZ*43*UP*831664000941*****DG*3*VS*00000
ZA*QS***006*20060508
CTP**UCP*2.3
SDQ*EA*ZZ*4835*8
LIN**CB*970962114*ZZ*43*UP*831664000941*****DG*4*VS*00000
ZA*QS***006*20060508
CTP**UCP*2.3
SDQ*EA*ZZ*9621*1
LIN**CB*970962114*ZZ*43*UP*831664000941*****DG*8*VS*00000
ZA*QS***006*20060508
CTP**UCP*2.3
SDQ*EA*ZZ*9217*1
CTT*4
SE*31*0012
ST*852*0013
XQ*H*20060509
N9*AD*T00000040
LIN**CB*970963112*ZZ*43*UP*831664000743*****DG*1*VS*00000
ZA*QS***006*20060507
CTP**UCP*2.9
SDQ*EA*ZZ*5023*7*5070*1
ZA*QS***006*20060508
CTP**UCP*2.9
SDQ*EA*ZZ*3063*10*3083*15*3084*4*3103*10*3143*23*3194*5*3219*7*3223*4*3289*2*3348*7
SDQ*EA*ZZ*3355*1*3359*3*3408*2*3602*4*3644*13*3646*23*3660*5*3661*11*3672*7*3675*1
SDQ*EA*ZZ*3685*2*3701*7*3703*24*3713*15*3715*4*3822*3*3836*2*3848*18*3876*2*3929*3
SDQ*EA*ZZ*3931*2*3939*1*3941*16*3957*3*3966*4*3975*1*3994*1*3996*11*4033*10*4071*2
SDQ*EA*ZZ*4093*7*4103*6*4198*3*4213*11*4244*17*4308*2*4312*4*4475*11*4489*4*4717*14
SDQ*EA*ZZ*4719*11*4739*2*4753*3*4760*2*4769*12*4817*6*4835*7*4883*7*4898*7*4970*2
SDQ*EA*ZZ*7028*1*7045*3*7059*2*7064*20*7066*9*7069*2*7076*5*7132*8*7146*1*7154*11
SDQ*EA*ZZ*7184*8*7255*7*7358*22*7360*1*7362*4*7388*3*7437*4*7460*8*7461*9*7558*4
SDQ*EA*ZZ*7607*11*7610*15*7613*2*7629*5*7718*4*7719*7*9560*1*9620*9*9621*22*9622*5
SDQ*EA*ZZ*9629*8*9633*6*9639*5*9648*9*9674*10*9714*3*9728*5*9758*6
CTT*1
SE*21*0013
ST*852*0014
XQ*H*20060509
N9*AD*T00000040
LIN**CB*970964110*ZZ*43*UP*831664000453*****DG*1*VS*00000
ZA*QS***006*20060507
CTP**UCP*4.5
SDQ*EA*ZZ*5023*8
LIN**CB*970964110*ZZ*43*UP*831664000453*****DG*3*VS*00000
ZA*QS***006*20060507
CTP**UCP*4.5
SDQ*EA*ZZ*5070*12
LIN**CB*970964110*ZZ*43*UP*831664000453*****DG*1*VS*00000
ZA*QS***006*20060508
CTP**UCP*4.5
SDQ*EA*ZZ*3063*2*3082*1*3083*11*3084*2*3103*7*3143*8*3194*5*3219*4*3223*4*3289*3
SDQ*EA*ZZ*3355*4*3359*9*3408*1*3602*1*3644*15*3646*22*3660*6*3661*8*3672*16*3675*3
SDQ*EA*ZZ*3685*1*3701*11*3703*20*3713*6*3715*4*3822*17*3836*6*3848*15*3905*1*3929*6
SDQ*EA*ZZ*3931*6*3941*3*3957*8*3966*6*3978*3*3991*9*3994*1*3996*6*4033*5*4071*15
SDQ*EA*ZZ*4093*20*4103*23*4122*5*4189*9*4198*15*4213*4*4244*10*4308*8*4312*16*4475*13
SDQ*EA*ZZ*4717*14*4719*35*4723*1*4739*10*4753*15*4760*7*4769*9*4817*9*4883*1*4898*4
SDQ*EA*ZZ*4970*11*7028*1*7045*10*7064*5*7066*12*7076*6*7132*21*7146*4*7154*7*7184*12
SDQ*EA*ZZ*7255*11*7358*18*7360*2*7362*6*7388*10*7460*6*7461*7*7558*1*7607*23*7610*2
SDQ*EA*ZZ*7613*8*7629*7*7637*3*7718*17*7719*9*9217*2*9560*2*9620*4*9621*17*9622*8
SDQ*EA*ZZ*9625*6*9629*4*9633*21*9639*1*9648*17*9674*9*9714*5*9728*9*9735*5*9758*11
LIN**CB*970964110*ZZ*43*UP*831664000453*****DG*3*VS*00000
ZA*QS***006*20060508
CTP**UCP*4.5
SDQ*EA*ZZ*3348*17*4835*2
LIN**CB*970964110*ZZ*43*UP*831664000453*****DG*8*VS*00000
ZA*QS***006*20060508
CTP**UCP*4.5
SDQ*EA*ZZ*4475*1
CTT*5
SE*34*0014
ST*852*0015
XQ*H*20060509
N9*AD*T00000040
LIN**CB*970965117*ZZ*43*UP*831664000460*****DG*1*VS*00000
ZA*QS***006*20060507
CTP**UCP*5.6
SDQ*EA*ZZ*5023*6*5077*2
LIN**CB*970965117*ZZ*43*UP*831664000460*****DG*3*VS*00000
ZA*QS***006*20060507
CTP**UCP*5.6
SDQ*EA*ZZ*5070*2
LIN**CB*970965117*ZZ*43*UP*831664000460*****DG*1*VS*00000
ZA*QS***006*20060508
CTP**UCP*5.6
SDQ*EA*ZZ*3103*16*3941*7*4753*13*7255*6
LIN**CB*970965117*ZZ*43*UP*831664000460*****DG*3*VS*00000
ZA*QS***006*20060508
CTP**UCP*5.6
SDQ*EA*ZZ*3063*1*3082*8*3083*9*3084*8*3143*10*3194*11*3219*3*3223*1*3289*2*3348*9
SDQ*EA*ZZ*3355*3*3359*9*3408*13*3602*1*3644*4*3646*51*3660*2*3661*2*3672*5*3675*1
SDQ*EA*ZZ*3685*6*3701*7*3703*32*3713*12*3715*15*3822*10*3848*18*3876*3*3905*1*3931*3
SDQ*EA*ZZ*3939*9*3957*4*3966*5*3975*1*3978*17*3991*1*3994*8*3996*2*4033*2*4071*17
SDQ*EA*ZZ*4093*8*4103*18*4122*1*4189*1*4198*9*4213*1*4244*13*4308*6*4312*4*4475*8
SDQ*EA*ZZ*4489*1*4717*21*4719*14*4723*1*4739*12*4760*2*4769*11*4817*3*4835*5*4883*5
SDQ*EA*ZZ*4898*1*4970*4*7045*1*7059*2*7064*2*7066*10*7069*9*7076*16*7132*28*7146*4
SDQ*EA*ZZ*7154*10*7184*18*7358*8*7360*6*7362*10*7388*2*7437*2*7460*9*7461*14*7558*1
SDQ*EA*ZZ*7607*15*7610*7*7613*3*7629*3*7637*6*7718*9*7719*6*9217*6*9560*5*9571*4
SDQ*EA*ZZ*9620*3*9621*21*9622*5*9625*7*9629*4*9633*28*9639*4*9648*8*9674*11*9714*1
SDQ*EA*ZZ*9728*10*9735*9*9758*14
LIN**CB*970965117*ZZ*43*UP*831664000460*****DG*5*VS*00000
ZA*QS***006*20060508
CTP**UCP*5.6
SDQ*EA*ZZ*3672*-2
LIN**CB*970965117*ZZ*43*UP*831664000460*****DG*8*VS*00000
ZA*QS***006*20060508
CTP**UCP*5.6
SDQ*EA*ZZ*9217*2
CTT*6
SE*39*0015
ST*852*0016
XQ*H*20060509
N9*AD*T00000040
LIN**CB*970966115*ZZ*43*UP*831664000958*****DG*3*VS*00000
ZA*QS***006*20060508
CTP**UCP*6.6
SDQ*EA*ZZ*3646*3*3661*1*3703*2*4189*1*4719*3*4769*1*7045*2*7064*2*7066*4*7076*5
SDQ*EA*ZZ*7358*1*7719*1
CTT*1
SE*10*0016
ST*852*0017
XQ*H*20060509
N9*AD*T00000040
LIN**CB*970967113*ZZ*43*UP*831664000484*****DG*1*VS*00000
ZA*QS***006*20060507
CTP**UCP*7.65
SDQ*EA*ZZ*5023*1*5070*4
ZA*QS***006*20060508
CTP**UCP*7.65
SDQ*EA*ZZ*3082*2*3083*1*3084*2*3103*5*3143*8*3194*3*3219*2*3348*5*3359*1*3408*2
SDQ*EA*ZZ*3644*3*3646*11*3660*2*3672*7*3703*19*3715*13*3822*7*3836*1*3848*8*3941*7
SDQ*EA*ZZ*3975*1*3978*4*3991*1*4071*1*4093*5*4103*9*4189*1*4198*1*4244*12*4308*2
SDQ*EA*ZZ*4312*6*4475*3*4717*7*4719*5*4723*1*4739*1*4760*3*4769*1*4817*1*4835*5
SDQ*EA*ZZ*4883*1*4898*1*7045*1*7064*1*7066*2*7076*5*7132*3*7184*8*7255*15*7358*3
SDQ*EA*ZZ*7362*2*7461*2*7607*5*7610*1*7629*1*7718*5*7719*2*9217*2*9560*3*9620*2
SDQ*EA*ZZ*9621*9*9622*1*9629*5*9633*14*9648*8*9728*6*9758*4
LIN**CB*970967113*ZZ*43*UP*831664000484*****DG*8*VS*00000
ZA*QS***006*20060508
CTP**UCP*7.65
SDQ*EA*ZZ*9758*2
CTT*2
SE*22*0017
ST*852*0018
XQ*H*20060509
N9*AD*T00000040
LIN**CB*970969119*ZZ*43*UP*831664000491*****DG*1*VS*00000
ZA*QS***006*20060507
CTP**UCP*8.6
SDQ*EA*ZZ*4769*-1*5023*1
ZA*QS***006*20060508
CTP**UCP*8.6
SDQ*EA*ZZ*3063*2*3082*3*3083*2*3143*1*3348*3*3359*3*3408*1*3602*1*3644*2*3646*7
SDQ*EA*ZZ*3660*3*3672*4*3675*3*3703*4*3715*6*3822*3*3836*2*3848*4*3929*2*3931*5
SDQ*EA*ZZ*3941*1*4093*1*4103*2*4122*3*4198*1*4244*4*4312*1*4475*1*4717*1*4739*4
SDQ*EA*ZZ*4760*3*4769*1*4883*1*4898*1*7045*3*7059*1*7066*2*7132*3*7154*1*7184*1
SDQ*EA*ZZ*7358*4*7360*2*7437*2*7607*1*7610*5*7629*1*7718*1*7719*3*9560*1*9571*2
SDQ*EA*ZZ*9620*4*9621*10*9622*3*9629*2*9633*10*9728*1*9758*2
LIN**CB*970969119*ZZ*43*UP*831664000491*****DG*3*VS*00000
ZA*QS***006*20060508
CTP**UCP*8.6
SDQ*EA*ZZ*4835*2
LIN**CB*970969119*ZZ*43*UP*831664000491*****DG*4*VS*00000
ZA*QS***006*20060508
CTP**UCP*8.6
SDQ*EA*ZZ*3966*2*7184*3
LIN**CB*970969119*ZZ*43*UP*831664000491*****DG*5*VS*00000
ZA*QS***006*20060508
CTP**UCP*8.6
SDQ*EA*ZZ*3083*2*3703*2*4244*1*4739*2*7184*2
LIN**CB*970969119*ZZ*43*UP*831664000491*****DG*8*VS*00000
ZA*QS***006*20060508
CTP**UCP*8.6
SDQ*EA*ZZ*3703*1
CTT*5
SE*33*0018
ST*852*0019
XQ*H*20060509
N9*AD*T00000040
LIN**CB*970970117*ZZ*43*UP*831664000859*****DG*1*VS*00000
ZA*QS***006*20060508
CTP**UCP*2.45
SDQ*EA*ZZ*3644*2*3646*16*3675*2*3715*16*3941*8*4093*13*4475*1*4970*2*7069*4*7255*3
SDQ*EA*ZZ*7358*11*9621*3*9674*2
CTT*1
SE*10*0019
ST*852*0020
XQ*H*20060509
N9*AD*T00000040
LIN**CB*970972113*ZZ*43*UP*831664000651*****DG*1*VS*00000
ZA*QS***006*20060508
CTP**UCP*1.4
SDQ*EA*ZZ*3143*1*3348*8*3359*5*3408*2*3602*2*3646*4*3661*3*3685*1*3703*4*3715*2
SDQ*EA*ZZ*3836*3*3996*3*4033*3*4093*3*4103*1*4198*2*4312*4*4475*8*4739*2*4769*4
SDQ*EA*ZZ*4835*4*4883*2*4898*1*7045*6*7064*3*7069*3*7076*6*7460*4*7607*1*9621*11
SDQ*EA*ZZ*9629*3*9633*2*9648*3*9674*1*9735*2*9758*7
LIN**CB*970972113*ZZ*43*UP*831664000651*****DG*3*VS*00000
ZA*QS***006*20060508
CTP**UCP*1.4
SDQ*EA*ZZ*4835*2
CTT*2
SE*16*0020
ST*852*0021
XQ*H*20060509
N9*AD*T00000040
LIN**CB*970980116*ZZ*43*UP*831664000965*****DG*1*VS*00000
ZA*QS***006*20060508
CTP**UCP*.35
SDQ*EA*ZZ*3941*8*4244*8*7718*7*9629*6
CTT*1
SE*9*0021
ST*852*0022
XQ*H*20060509
N9*AD*T00000040
LIN**CB*970986113*ZZ*43*UP*831664001023*****DG*1*VS*00000
ZA*QS***006*20060508
CTP**UCP*2.6
SDQ*EA*ZZ*4753*2
CTT*1
SE*9*0022
ST*852*0023
XQ*H*20060509
N9*AD*T00000040
LIN**CB*970987111*ZZ*43*UP*831664001030*****DG*1*VS*00000
ZA*QS***006*20060508
CTP**UCP*3.25
SDQ*EA*ZZ*4198*3
CTT*1
SE*9*0023
ST*852*0024
XQ*H*20060509
N9*AD*T00000040
LIN**CB*970988119*ZZ*43*UP*831664001047*****DG*1*VS*00000
ZA*QS***006*20060508
CTP**UCP*.5
SDQ*EA*ZZ*3931*1
CTT*1
SE*9*0024
ST*852*0025
XQ*H*20060509
N9*AD*T00000040
LIN**CB*974552119*ZZ*43*UP*831664001078*****DG*1*VS*00000
ZA*QS***006*20060508
CTP**UCP*7.65
SDQ*EA*ZZ*3644*3*3715*2*9621*1
CTT*1
SE*9*0025
GE*25*1000122
IEA*1*001000122
*** SUPERTRACS READY FOR INPUT
