ISA*00*          *00*          *09*006985290EFT   *12*6154525825     *060908*2241*U*00400*001000038*0*P*>
GS*RA*006985290EFT*6154525825*20060908*2241*1000038*X*004010
ST*820*0001
BPR*I*2604.07*C*ACH*CCP*01*021000018*DA*0300955622*9008965873**01*064102601*DA*3000289*20060912*VEN
TRN*3*770190737*9008965873
DTM*097*20060908
N1*PR*KMART CORPORATION*1*008965873
N1*PE*YOUNGS FARMS*92*00069099588
N1*SE*YOUNGS FARMS*92*00069099588
ENT*1
RMR*IK*310320060810*PI*2*2*0
REF*PO*0020060811
REF*ST*03103
REF*DP*043
DTM*999*20060810
RMR*IK*314320060810*PI*3*3*0
REF*PO*0020060811
REF*ST*03143
REF*DP*043
DTM*999*20060810
RMR*IK*314320060812*PI*3*3*0
REF*PO*0020060813
REF*ST*03143
REF*DP*043
DTM*999*20060812
RMR*IK*319420060810*PI*1.3*1.3*0
REF*PO*0020060811
REF*ST*03194
REF*DP*043
DTM*999*20060810
RMR*IK*319420060812*PI*29.85*29.85*0
REF*PO*0020060813
REF*ST*03194
REF*DP*043
DTM*999*20060812
RMR*IK*319420060813*PI*6.25*6.25*0
REF*PO*0020060814
REF*ST*03194
REF*DP*043
DTM*999*20060813
RMR*IK*319420060814*PI*4.2*4.2*0
REF*PO*0020060815
REF*ST*03194
REF*DP*043
DTM*999*20060814
RMR*IK*319420060815*PI*.65*.65*0
REF*PO*0020060816
REF*ST*03194
REF*DP*043
DTM*999*20060815
RMR*IK*319420060816*PI*.7*.7*0
REF*PO*0020060817
REF*ST*03194
REF*DP*043
DTM*999*20060816
RMR*IK*322320060811*PI*2.7*2.7*0
REF*PO*0020060812
REF*ST*03223
REF*DP*043
DTM*999*20060811
RMR*IK*335520060812*PI*4.95*4.95*0
REF*PO*0020060813
REF*ST*03355
REF*DP*043
DTM*999*20060812
RMR*IK*335520060813*PI*3*3*0
REF*PO*0020060814
REF*ST*03355
REF*DP*043
DTM*999*20060813
RMR*IK*360220060810*PI*5*5*0
REF*PO*0020060811
REF*ST*03602
REF*DP*043
DTM*999*20060810
RMR*IK*364420060811*PI*5*5*0
REF*PO*0020060812
REF*ST*03644
REF*DP*043
DTM*999*20060811
RMR*IK*364420060814*PI*20*20*0
REF*PO*0020060815
REF*ST*03644
REF*DP*043
DTM*999*20060814
RMR*IK*366020060810*PI*.82*.82*0
REF*PO*0020060811
REF*ST*03660
REF*DP*043
DTM*999*20060810
RMR*IK*366020060811*PI*.35*.35*0
REF*PO*0020060812
REF*ST*03660
REF*DP*043
DTM*999*20060811
RMR*IK*366020060815*PI*3*3*0
REF*PO*0020060816
REF*ST*03660
REF*DP*043
DTM*999*20060815
RMR*IK*366020060816*PI*.35*.35*0
REF*PO*0020060817
REF*ST*03660
REF*DP*043
DTM*999*20060816
RMR*IK*367220060810*PI*1.3*1.3*0
REF*PO*0020060811
REF*ST*03672
REF*DP*043
DTM*999*20060810
RMR*IK*368520060811*PI*1.9*1.9*0
REF*PO*0020060812
REF*ST*03685
REF*DP*043
DTM*999*20060811
RMR*IK*368520060812*PI*9.8*9.8*0
REF*PO*0020060813
REF*ST*03685
REF*DP*043
DTM*999*20060812
RMR*IK*368520060814*PI*1.9*1.9*0
REF*PO*0020060815
REF*ST*03685
REF*DP*043
DTM*999*20060814
RMR*IK*371320060810*PI*18.65*18.65*0
REF*PO*0020060811
REF*ST*03713
REF*DP*043
DTM*999*20060810
RMR*IK*371320060813*PI*2.85*2.85*0
REF*PO*0020060814
REF*ST*03713
REF*DP*043
DTM*999*20060813
RMR*IK*371320060816*PI*10*10*0
REF*PO*0020060817
REF*ST*03713
REF*DP*043
DTM*999*20060816
RMR*IK*390520060811*PI*6*6*0
REF*PO*0020060812
REF*ST*03905
REF*DP*043
DTM*999*20060811
RMR*IK*396620060815*PI*1.9*1.9*0
REF*PO*0020060816
REF*ST*03966
REF*DP*043
DTM*999*20060815
RMR*IK*396620060816*PI*.95*.95*0
REF*PO*0020060817
REF*ST*03966
REF*DP*043
DTM*999*20060816
RMR*IK*397520060810*PI*10*10*0
REF*PO*0020060811
REF*ST*03975
REF*DP*043
DTM*999*20060810
RMR*IK*397820060812*PI*10.25*10.25*0
REF*PO*0020060813
REF*ST*03978
REF*DP*043
DTM*999*20060812
RMR*IK*397820060813*PI*.95*.95*0
REF*PO*0020060814
REF*ST*03978
REF*DP*043
DTM*999*20060813
RMR*IK*397820060815*PI*5.9*5.9*0
REF*PO*0020060816
REF*ST*03978
REF*DP*043
DTM*999*20060815
RMR*IK*409320060810*PI*3*3*0
REF*PO*0020060811
REF*ST*04093
REF*DP*043
DTM*999*20060810
RMR*IK*409320060811*PI*3*3*0
REF*PO*0020060812
REF*ST*04093
REF*DP*043
DTM*999*20060811
RMR*IK*409320060812*PI*39*39*0
REF*PO*0020060813
REF*ST*04093
REF*DP*043
DTM*999*20060812
RMR*IK*409320060813*PI*12*12*0
REF*PO*0020060814
REF*ST*04093
REF*DP*043
DTM*999*20060813
RMR*IK*409320060815*PI*38.4*38.4*0
REF*PO*0020060816
REF*ST*04093
REF*DP*043
DTM*999*20060815
RMR*IK*410320060810*PI*51.85*51.85*0
REF*PO*0020060811
REF*ST*04103
REF*DP*043
DTM*999*20060810
RMR*IK*410320060811*PI*17.5*17.5*0
REF*PO*0020060812
REF*ST*04103
REF*DP*043
DTM*999*20060811
RMR*IK*410320060812*PI*33.7*33.7*0
REF*PO*0020060813
REF*ST*04103
REF*DP*043
DTM*999*20060812
RMR*IK*410320060813*PI*40.75*40.75*0
REF*PO*0020060814
REF*ST*04103
REF*DP*043
DTM*999*20060813
RMR*IK*410320060814*PI*30.35*30.35*0
REF*PO*0020060815
REF*ST*04103
REF*DP*043
DTM*999*20060814
RMR*IK*410320060815*PI*9.65*9.65*0
REF*PO*0020060816
REF*ST*04103
REF*DP*043
DTM*999*20060815
RMR*IK*410320060816*PI*10.2*10.2*0
REF*PO*0020060817
REF*ST*04103
REF*DP*043
DTM*999*20060816
RMR*IK*412220060812*PI*3*3*0
REF*PO*0020060813
REF*ST*04122
REF*DP*043
DTM*999*20060812
RMR*IK*412220060814*PI*16.5*16.5*0
REF*PO*0020060815
REF*ST*04122
REF*DP*043
DTM*999*20060814
RMR*IK*412220060815*PI*.95*.95*0
REF*PO*0020060816
REF*ST*04122
REF*DP*043
DTM*999*20060815
RMR*IK*412220060816*PI*1.3*1.3*0
REF*PO*0020060817
REF*ST*04122
REF*DP*043
DTM*999*20060816
RMR*IK*424420060810*PI*9*9*0
REF*PO*0020060811
REF*ST*04244
REF*DP*043
DTM*999*20060810
RMR*IK*424420060812*PI*9.4*9.4*0
REF*PO*0020060813
REF*ST*04244
REF*DP*043
DTM*999*20060812
RMR*IK*424420060813*PI*71.25*71.25*0
REF*PO*0020060814
REF*ST*04244
REF*DP*043
DTM*999*20060813
RMR*IK*424420060814*PI*52.6*52.6*0
REF*PO*0020060815
REF*ST*04244
REF*DP*043
DTM*999*20060814
RMR*IK*424420060815*PI*6*6*0
REF*PO*0020060816
REF*ST*04244
REF*DP*043
DTM*999*20060815
RMR*IK*424420060816*PI*12*12*0
REF*PO*0020060817
REF*ST*04244
REF*DP*043
DTM*999*20060816
RMR*IK*447520060813*PI*14.7*14.7*0
REF*PO*0020060814
REF*ST*04475
REF*DP*043
DTM*999*20060813
RMR*IK*447520060814*PI*19*19*0
REF*PO*0020060815
REF*ST*04475
REF*DP*043
DTM*999*20060814
RMR*IK*447520060815*PI*21.85*21.85*0
REF*PO*0020060816
REF*ST*04475
REF*DP*043
DTM*999*20060815
RMR*IK*447520060816*PI*36.1*36.1*0
REF*PO*0020060817
REF*ST*04475
REF*DP*043
DTM*999*20060816
RMR*IK*471720060810*PI*.95*.95*0
REF*PO*0020060811
REF*ST*04717
REF*DP*043
DTM*999*20060810
RMR*IK*471720060812*PI*28.05*28.05*0
REF*PO*0020060813
REF*ST*04717
REF*DP*043
DTM*999*20060812
RMR*IK*471720060813*PI*.95*.95*0
REF*PO*0020060814
REF*ST*04717
REF*DP*043
DTM*999*20060813
RMR*IK*471720060814*PI*.7*.7*0
REF*PO*0020060815
REF*ST*04717
REF*DP*043
DTM*999*20060814
RMR*IK*471920060814*PI*1.75*1.75*0
REF*PO*0020060815
REF*ST*04719
REF*DP*043
DTM*999*20060814
RMR*IK*471920060816*PI*1.95*1.95*0
REF*PO*0020060817
REF*ST*04719
REF*DP*043
DTM*999*20060816
RMR*IK*472320060812*PI*6*6*0
REF*PO*0020060813
REF*ST*04723
REF*DP*043
DTM*999*20060812
RMR*IK*473920060812*PI*18.9*18.9*0
REF*PO*0020060813
REF*ST*04739
REF*DP*043
DTM*999*20060812
RMR*IK*473920060813*PI*9*9*0
REF*PO*0020060814
REF*ST*04739
REF*DP*043
DTM*999*20060813
RMR*IK*473920060814*PI*24*24*0
REF*PO*0020060815
REF*ST*04739
REF*DP*043
DTM*999*20060814
RMR*IK*473920060815*PI*4.95*4.95*0
REF*PO*0020060816
REF*ST*04739
REF*DP*043
DTM*999*20060815
RMR*IK*481720060811*PI*3.5*3.5*0
REF*PO*0020060812
REF*ST*04817
REF*DP*043
DTM*999*20060811
RMR*IK*488320060814*PI*10.8*10.8*0
REF*PO*0020060815
REF*ST*04883
REF*DP*043
DTM*999*20060814
RMR*IK*489820060811*PI*10*10*0
REF*PO*0020060812
REF*ST*04898
REF*DP*043
DTM*999*20060811
RMR*IK*489820060812*PI*29.7*29.7*0
REF*PO*0020060813
REF*ST*04898
REF*DP*043
DTM*999*20060812
RMR*IK*704520060810*PI*1.64*1.64*0
REF*PO*0020060811
REF*ST*07045
REF*DP*043
DTM*999*20060810
RMR*IK*707620060810*PI*1.3*1.3*0
REF*PO*0020060811
REF*ST*07076
REF*DP*043
DTM*999*20060810
RMR*IK*707620060813*PI*1.3*1.3*0
REF*PO*0020060814
REF*ST*07076
REF*DP*043
DTM*999*20060813
RMR*IK*713220060812*PI*3.5*3.5*0
REF*PO*0020060813
REF*ST*07132
REF*DP*043
DTM*999*20060812
RMR*IK*713220060813*PI*9*9*0
REF*PO*0020060814
REF*ST*07132
REF*DP*043
DTM*999*20060813
RMR*IK*713220060814*PI*6*6*0
REF*PO*0020060815
REF*ST*07132
REF*DP*043
DTM*999*20060814
RMR*IK*713220060815*PI*9*9*0
REF*PO*0020060816
REF*ST*07132
REF*DP*043
DTM*999*20060815
RMR*IK*713220060816*PI*6*6*0
REF*PO*0020060817
REF*ST*07132
REF*DP*043
DTM*999*20060816
RMR*IK*715420060811*PI*4.95*4.95*0
REF*PO*0020060812
REF*ST*07154
REF*DP*043
DTM*999*20060811
RMR*IK*718420060810*PI*30.55*30.55*0
REF*PO*0020060811
REF*ST*07184
REF*DP*043
DTM*999*20060810
RMR*IK*718420060811*PI*32*32*0
REF*PO*0020060812
REF*ST*07184
REF*DP*043
DTM*999*20060811
RMR*IK*718420060812*PI*44.8*44.8*0
REF*PO*0020060813
REF*ST*07184
REF*DP*043
DTM*999*20060812
RMR*IK*718420060813*PI*25.6*25.6*0
REF*PO*0020060814
REF*ST*07184
REF*DP*043
DTM*999*20060813
RMR*IK*718420060814*PI*6.4*6.4*0
REF*PO*0020060815
REF*ST*07184
REF*DP*043
DTM*999*20060814
RMR*IK*718420060816*PI*12.8*12.8*0
REF*PO*0020060817
REF*ST*07184
REF*DP*043
DTM*999*20060816
RMR*IK*725520060810*PI*14.3*14.3*0
REF*PO*0020060811
REF*ST*07255
REF*DP*043
DTM*999*20060810
RMR*IK*725520060811*PI*45.6*45.6*0
REF*PO*0020060812
REF*ST*07255
REF*DP*043
DTM*999*20060811
RMR*IK*725520060812*PI*43.9*43.9*0
REF*PO*0020060813
REF*ST*07255
REF*DP*043
DTM*999*20060812
RMR*IK*725520060813*PI*10.75*10.75*0
REF*PO*0020060814
REF*ST*07255
REF*DP*043
DTM*999*20060813
RMR*IK*725520060814*PI*30.5*30.5*0
REF*PO*0020060815
REF*ST*07255
REF*DP*043
DTM*999*20060814
RMR*IK*725520060815*PI*23.7*23.7*0
REF*PO*0020060816
REF*ST*07255
REF*DP*043
DTM*999*20060815
RMR*IK*725520060816*PI*27.55*27.55*0
REF*PO*0020060817
REF*ST*07255
REF*DP*043
DTM*999*20060816
RMR*IK*735820060810*PI*49.5*49.5*0
REF*PO*0020060811
REF*ST*07358
REF*DP*043
DTM*999*20060810
RMR*IK*735820060811*PI*44.4*44.4*0
REF*PO*0020060812
REF*ST*07358
REF*DP*043
DTM*999*20060811
RMR*IK*735820060812*PI*45.2*45.2*0
REF*PO*0020060813
REF*ST*07358
REF*DP*043
DTM*999*20060812
RMR*IK*735820060813*PI*59.35*59.35*0
REF*PO*0020060814
REF*ST*07358
REF*DP*043
DTM*999*20060813
RMR*IK*735820060814*PI*25.3*25.3*0
REF*PO*0020060815
REF*ST*07358
REF*DP*043
DTM*999*20060814
RMR*IK*735820060815*PI*33.55*33.55*0
REF*PO*0020060816
REF*ST*07358
REF*DP*043
DTM*999*20060815
RMR*IK*735820060816*PI*36.55*36.55*0
REF*PO*0020060817
REF*ST*07358
REF*DP*043
DTM*999*20060816
RMR*IK*743720060813*PI*4.95*4.95*0
REF*PO*0020060814
REF*ST*07437
REF*DP*043
DTM*999*20060813
RMR*IK*746120060810*PI*10.05*10.05*0
REF*PO*0020060811
REF*ST*07461
REF*DP*043
DTM*999*20060810
RMR*IK*746120060811*PI*22.15*22.15*0
REF*PO*0020060812
REF*ST*07461
REF*DP*043
DTM*999*20060811
RMR*IK*746120060812*PI*38.1*38.1*0
REF*PO*0020060813
REF*ST*07461
REF*DP*043
DTM*999*20060812
RMR*IK*746120060813*PI*24.85*24.85*0
REF*PO*0020060814
REF*ST*07461
REF*DP*043
DTM*999*20060813
RMR*IK*746120060814*PI*2.65*2.65*0
REF*PO*0020060815
REF*ST*07461
REF*DP*043
DTM*999*20060814
RMR*IK*746120060815*PI*10.15*10.15*0
REF*PO*0020060816
REF*ST*07461
REF*DP*043
DTM*999*20060815
RMR*IK*746120060816*PI*4.5*4.5*0
REF*PO*0020060817
REF*ST*07461
REF*DP*043
DTM*999*20060816
RMR*IK*755820060811*PI*.35*.35*0
REF*PO*0020060812
REF*ST*07558
REF*DP*043
DTM*999*20060811
RMR*IK*755820060812*PI*16.15*16.15*0
REF*PO*0020060813
REF*ST*07558
REF*DP*043
DTM*999*20060812
RMR*IK*755820060815*PI*6.95*6.95*0
REF*PO*0020060816
REF*ST*07558
REF*DP*043
DTM*999*20060815
RMR*IK*760720060810*PI*25*25*0
REF*PO*0020060811
REF*ST*07607
REF*DP*043
DTM*999*20060810
RMR*IK*760720060811*PI*22.45*22.45*0
REF*PO*0020060812
REF*ST*07607
REF*DP*043
DTM*999*20060811
RMR*IK*760720060812*PI*47.75*47.75*0
REF*PO*0020060813
REF*ST*07607
REF*DP*043
DTM*999*20060812
RMR*IK*760720060813*PI*12.4*12.4*0
REF*PO*0020060814
REF*ST*07607
REF*DP*043
DTM*999*20060813
RMR*IK*760720060814*PI*25.5*25.5*0
REF*PO*0020060815
REF*ST*07607
REF*DP*043
DTM*999*20060814
RMR*IK*760720060815*PI*37.35*37.35*0
REF*PO*0020060816
REF*ST*07607
REF*DP*043
DTM*999*20060815
RMR*IK*760720060816*PI*11.55*11.55*0
REF*PO*0020060817
REF*ST*07607
REF*DP*043
DTM*999*20060816
RMR*IK*761020060810*PI*3*3*0
REF*PO*0020060811
REF*ST*07610
REF*DP*043
DTM*999*20060810
RMR*IK*762920060811*PI*4.95*4.95*0
REF*PO*0020060812
REF*ST*07629
REF*DP*043
DTM*999*20060811
RMR*IK*763720060813*PI*.35*.35*0
REF*PO*0020060814
REF*ST*07637
REF*DP*043
DTM*999*20060813
RMR*IK*763720060815*PI*3.16*3.16*0
REF*PO*0020060816
REF*ST*07637
REF*DP*043
DTM*999*20060815
RMR*IK*771820060812*PI*2.85*2.85*0
REF*PO*0020060813
REF*ST*07718
REF*DP*043
DTM*999*20060812
RMR*IK*771820060813*PI*6.65*6.65*0
REF*PO*0020060814
REF*ST*07718
REF*DP*043
DTM*999*20060813
RMR*IK*771820060814*PI*6*6*0
REF*PO*0020060815
REF*ST*07718
REF*DP*043
DTM*999*20060814
RMR*IK*771820060815*PI*2.85*2.85*0
REF*PO*0020060816
REF*ST*07718
REF*DP*043
DTM*999*20060815
RMR*IK*962120060810*PI*15.95*15.95*0
REF*PO*0020060811
REF*ST*09621
REF*DP*043
DTM*999*20060810
RMR*IK*962120060811*PI*19.75*19.75*0
REF*PO*0020060812
REF*ST*09621
REF*DP*043
DTM*999*20060811
RMR*IK*962120060813*PI*.95*.95*0
REF*PO*0020060814
REF*ST*09621
REF*DP*043
DTM*999*20060813
RMR*IK*962120060814*PI*17.55*17.55*0
REF*PO*0020060815
REF*ST*09621
REF*DP*043
DTM*999*20060814
RMR*IK*962120060816*PI*25.85*25.85*0
REF*PO*0020060817
REF*ST*09621
REF*DP*043
DTM*999*20060816
RMR*IK*962520060815*PI*19.6*19.6*0
REF*PO*0020060816
REF*ST*09625
REF*DP*043
DTM*999*20060815
RMR*IK*962920060815*PI*1.9*1.9*0
REF*PO*0020060816
REF*ST*09629
REF*DP*043
DTM*999*20060815
RMR*IK*963320060810*PI*42.55*42.55*0
REF*PO*0020060811
REF*ST*09633
REF*DP*043
DTM*999*20060810
RMR*IK*963320060811*PI*3.85*3.85*0
REF*PO*0020060812
REF*ST*09633
REF*DP*043
DTM*999*20060811
RMR*IK*963920060812*PI*.95*.95*0
REF*PO*0020060813
REF*ST*09639
REF*DP*043
DTM*999*20060812
RMR*IK*963920060815*PI*.95*.95*0
REF*PO*0020060816
REF*ST*09639
REF*DP*043
DTM*999*20060815
RMR*IK*963920060816*PI*4.75*4.75*0
REF*PO*0020060817
REF*ST*09639
REF*DP*043
DTM*999*20060816
RMR*IK*967420060810*PI*85.5*85.5*0
REF*PO*0020060811
REF*ST*09674
REF*DP*043
DTM*999*20060810
RMR*IK*967420060811*PI*47.35*47.35*0
REF*PO*0020060812
REF*ST*09674
REF*DP*043
DTM*999*20060811
RMR*IK*967420060812*PI*57.8*57.8*0
REF*PO*0020060813
REF*ST*09674
REF*DP*043
DTM*999*20060812
RMR*IK*967420060813*PI*50.45*50.45*0
REF*PO*0020060814
REF*ST*09674
REF*DP*043
DTM*999*20060813
RMR*IK*967420060814*PI*4.9*4.9*0
REF*PO*0020060815
REF*ST*09674
REF*DP*043
DTM*999*20060814
RMR*IK*967420060815*PI*31.9*31.9*0
REF*PO*0020060816
REF*ST*09674
REF*DP*043
DTM*999*20060815
RMR*IK*967420060816*PI*37.65*37.65*0
REF*PO*0020060817
REF*ST*09674
REF*DP*043
DTM*999*20060816
RMR*IK*971420060811*PI*3*3*0
REF*PO*0020060812
REF*ST*09714
REF*DP*043
DTM*999*20060811
RMR*IK*972820060810*PI*7.9*7.9*0
REF*PO*0020060811
REF*ST*09728
REF*DP*043
DTM*999*20060810
RMR*IK*972820060811*PI*6.05*6.05*0
REF*PO*0020060812
REF*ST*09728
REF*DP*043
DTM*999*20060811
RMR*IK*972820060812*PI*.7*.7*0
REF*PO*0020060813
REF*ST*09728
REF*DP*043
DTM*999*20060812
RMR*IK*972820060813*PI*3*3*0
REF*PO*0020060814
REF*ST*09728
REF*DP*043
DTM*999*20060813
RMR*IK*972820060814*PI*6.8*6.8*0
REF*PO*0020060815
REF*ST*09728
REF*DP*043
DTM*999*20060814
RMR*IK*972820060815*PI*12*12*0
REF*PO*0020060816
REF*ST*09728
REF*DP*043
DTM*999*20060815
RMR*IK*975820060810*PI*1.05*1.05*0
REF*PO*0020060811
REF*ST*09758
REF*DP*043
DTM*999*20060810
RMR*IK*975820060811*PI*22.8*22.8*0
REF*PO*0020060812
REF*ST*09758
REF*DP*043
DTM*999*20060811
RMR*IK*975820060812*PI*46.55*46.55*0
REF*PO*0020060813
REF*ST*09758
REF*DP*043
DTM*999*20060812
RMR*IK*975820060813*PI*44.1*44.1*0
REF*PO*0020060814
REF*ST*09758
REF*DP*043
DTM*999*20060813
RMR*IK*975820060814*PI*17.6*17.6*0
REF*PO*0020060815
REF*ST*09758
REF*DP*043
DTM*999*20060814
RMR*IK*975820060815*PI*8.35*8.35*0
REF*PO*0020060816
REF*ST*09758
REF*DP*043
DTM*999*20060815
RMR*IK*975820060816*PI*23.65*23.65*0
REF*PO*0020060817
REF*ST*09758
REF*DP*043
DTM*999*20060816
SE*819*0001
GE*1*1000038
IEA*1*001000038
*** SUPERTRACS READY FOR INPUT
