ISA*00*          *00*          *09*006985290EFT   *12*6154525825     *070706*2235*U*00400*001000076*0*P*>
GS*RA*006985290EFT*6154525825*20070706*2235*1000076*X*004010
ST*820*0001
BPR*I*94475.95*C*ACH*CCP*01*021000018*DA*0300955622*9008965873**01*064102601*DA*3000289*20070710*VEN
TRN*3*770231416*9008965873
DTM*097*20070706
N1*PR*KMART CORPORATION*1*008965873
N1*PE*YOUNGS FARMS*92*00069099588
N1*SE*YOUNGS FARMS*92*00069099588
ENT*1
RMR*IK*306320070607*PI*131.3*131.3*0
REF*PO*0020070608
REF*ST*03063
REF*DP*043
DTM*999*20070607
RMR*IK*306320070608*PI*82.15*82.15*0
REF*PO*0020070609
REF*ST*03063
REF*DP*043
DTM*999*20070608
RMR*IK*306320070609*PI*98*98*0
REF*PO*0020070610
REF*ST*03063
REF*DP*043
DTM*999*20070609
RMR*IK*306320070610*PI*65.7*65.7*0
REF*PO*0020070611
REF*ST*03063
REF*DP*043
DTM*999*20070610
RMR*IK*306320070611*PI*20.35*20.35*0
REF*PO*0020070612
REF*ST*03063
REF*DP*043
DTM*999*20070611
RMR*IK*306320070612*PI*52.2*52.2*0
REF*PO*0020070613
REF*ST*03063
REF*DP*043
DTM*999*20070612
RMR*IK*306320070613*PI*60.1*60.1*0
REF*PO*0020070614
REF*ST*03063
REF*DP*043
DTM*999*20070613
RMR*IK*308220070607*PI*52.85*52.85*0
REF*PO*0020070608
REF*ST*03082
REF*DP*043
DTM*999*20070607
RMR*IK*308220070608*PI*22.6*22.6*0
REF*PO*0020070609
REF*ST*03082
REF*DP*043
DTM*999*20070608
RMR*IK*308220070609*PI*43.6*43.6*0
REF*PO*0020070610
REF*ST*03082
REF*DP*043
DTM*999*20070609
RMR*IK*308220070610*PI*8.7*8.7*0
REF*PO*0020070611
REF*ST*03082
REF*DP*043
DTM*999*20070610
RMR*IK*308220070611*PI*5.35*5.35*0
REF*PO*0020070612
REF*ST*03082
REF*DP*043
DTM*999*20070611
RMR*IK*308220070612*PI*10.25*10.25*0
REF*PO*0020070613
REF*ST*03082
REF*DP*043
DTM*999*20070612
RMR*IK*308220070613*PI*10.95*10.95*0
REF*PO*0020070614
REF*ST*03082
REF*DP*043
DTM*999*20070613
RMR*IK*308320070607*PI*148.3*148.3*0
REF*PO*0020070608
REF*ST*03083
REF*DP*043
DTM*999*20070607
RMR*IK*308320070608*PI*179.9*179.9*0
REF*PO*0020070609
REF*ST*03083
REF*DP*043
DTM*999*20070608
RMR*IK*308320070609*PI*182.5*182.5*0
REF*PO*0020070610
REF*ST*03083
REF*DP*043
DTM*999*20070609
RMR*IK*308320070610*PI*199.05*199.05*0
REF*PO*0020070611
REF*ST*03083
REF*DP*043
DTM*999*20070610
RMR*IK*308320070611*PI*166.6*166.6*0
REF*PO*0020070612
REF*ST*03083
REF*DP*043
DTM*999*20070611
RMR*IK*308320070612*PI*188.1*188.1*0
REF*PO*0020070613
REF*ST*03083
REF*DP*043
DTM*999*20070612
RMR*IK*308320070613*PI*137.4*137.4*0
REF*PO*0020070614
REF*ST*03083
REF*DP*043
DTM*999*20070613
RMR*IK*308420070607*PI*272.65*272.65*0
REF*PO*0020070608
REF*ST*03084
REF*DP*043
DTM*999*20070607
RMR*IK*308420070608*PI*244.85*244.85*0
REF*PO*0020070609
REF*ST*03084
REF*DP*043
DTM*999*20070608
RMR*IK*308420070609*PI*381.65*381.65*0
REF*PO*0020070610
REF*ST*03084
REF*DP*043
DTM*999*20070609
RMR*IK*308420070610*PI*275*275*0
REF*PO*0020070611
REF*ST*03084
REF*DP*043
DTM*999*20070610
RMR*IK*308420070611*PI*109.25*109.25*0
REF*PO*0020070612
REF*ST*03084
REF*DP*043
DTM*999*20070611
RMR*IK*308420070612*PI*207.45*207.45*0
REF*PO*0020070613
REF*ST*03084
REF*DP*043
DTM*999*20070612
RMR*IK*308420070613*PI*356.5*356.5*0
REF*PO*0020070614
REF*ST*03084
REF*DP*043
DTM*999*20070613
RMR*IK*310320070607*PI*113.3*113.3*0
REF*PO*0020070608
REF*ST*03103
REF*DP*043
DTM*999*20070607
RMR*IK*310320070608*PI*55.05*55.05*0
REF*PO*0020070609
REF*ST*03103
REF*DP*043
DTM*999*20070608
RMR*IK*310320070609*PI*208.2*208.2*0
REF*PO*0020070610
REF*ST*03103
REF*DP*043
DTM*999*20070609
RMR*IK*310320070610*PI*144.55*144.55*0
REF*PO*0020070611
REF*ST*03103
REF*DP*043
DTM*999*20070610
RMR*IK*310320070611*PI*116.35*116.35*0
REF*PO*0020070612
REF*ST*03103
REF*DP*043
DTM*999*20070611
RMR*IK*310320070612*PI*142.95*142.95*0
REF*PO*0020070613
REF*ST*03103
REF*DP*043
DTM*999*20070612
RMR*IK*310320070613*PI*120.4*120.4*0
REF*PO*0020070614
REF*ST*03103
REF*DP*043
DTM*999*20070613
RMR*IK*314320070607*PI*237.55*237.55*0
REF*PO*0020070608
REF*ST*03143
REF*DP*043
DTM*999*20070607
RMR*IK*314320070608*PI*331.55*331.55*0
REF*PO*0020070609
REF*ST*03143
REF*DP*043
DTM*999*20070608
RMR*IK*314320070609*PI*550.35*550.35*0
REF*PO*0020070610
REF*ST*03143
REF*DP*043
DTM*999*20070609
RMR*IK*314320070610*PI*158*158*0
REF*PO*0020070611
REF*ST*03143
REF*DP*043
DTM*999*20070610
RMR*IK*314320070611*PI*200.55*200.55*0
REF*PO*0020070612
REF*ST*03143
REF*DP*043
DTM*999*20070611
RMR*IK*314320070612*PI*139*139*0
REF*PO*0020070613
REF*ST*03143
REF*DP*043
DTM*999*20070612
RMR*IK*314320070613*PI*341.55*341.55*0
REF*PO*0020070614
REF*ST*03143
REF*DP*043
DTM*999*20070613
RMR*IK*317020070607*PI*5.25*5.25*0
REF*PO*0020070608
REF*ST*03170
REF*DP*043
DTM*999*20070607
RMR*IK*317020070609*PI*21*21*0
REF*PO*0020070610
REF*ST*03170
REF*DP*043
DTM*999*20070609
RMR*IK*317020070610*PI*10.5*10.5*0
REF*PO*0020070611
REF*ST*03170
REF*DP*043
DTM*999*20070610
RMR*IK*317020070611*PI*5.25*5.25*0
REF*PO*0020070612
REF*ST*03170
REF*DP*043
DTM*999*20070611
RMR*IK*319420070607*PI*34.2*34.2*0
REF*PO*0020070608
REF*ST*03194
REF*DP*043
DTM*999*20070607
RMR*IK*319420070608*PI*64.1*64.1*0
REF*PO*0020070609
REF*ST*03194
REF*DP*043
DTM*999*20070608
RMR*IK*319420070609*PI*29.3*29.3*0
REF*PO*0020070610
REF*ST*03194
REF*DP*043
DTM*999*20070609
RMR*IK*319420070610*PI*5.55*5.55*0
REF*PO*0020070611
REF*ST*03194
REF*DP*043
DTM*999*20070610
RMR*IK*319420070611*PI*30.45*30.45*0
REF*PO*0020070612
REF*ST*03194
REF*DP*043
DTM*999*20070611
RMR*IK*319420070612*PI*12.1*12.1*0
REF*PO*0020070613
REF*ST*03194
REF*DP*043
DTM*999*20070612
RMR*IK*319420070613*PI*14.95*14.95*0
REF*PO*0020070614
REF*ST*03194
REF*DP*043
DTM*999*20070613
RMR*IK*321820070607*PI*94.5*94.5*0
REF*PO*0020070608
REF*ST*03218
REF*DP*043
DTM*999*20070607
RMR*IK*321820070611*PI*31.5*31.5*0
REF*PO*0020070612
REF*ST*03218
REF*DP*043
DTM*999*20070611
RMR*IK*321820070613*PI*12.75*12.75*0
REF*PO*0020070614
REF*ST*03218
REF*DP*043
DTM*999*20070613
RMR*IK*321920070607*PI*20.6*20.6*0
REF*PO*0020070608
REF*ST*03219
REF*DP*043
DTM*999*20070607
RMR*IK*321920070608*PI*12.3*12.3*0
REF*PO*0020070609
REF*ST*03219
REF*DP*043
DTM*999*20070608
RMR*IK*321920070610*PI*22.5*22.5*0
REF*PO*0020070611
REF*ST*03219
REF*DP*043
DTM*999*20070610
RMR*IK*321920070611*PI*9.25*9.25*0
REF*PO*0020070612
REF*ST*03219
REF*DP*043
DTM*999*20070611
RMR*IK*321920070612*PI*11.1*11.1*0
REF*PO*0020070613
REF*ST*03219
REF*DP*043
DTM*999*20070612
RMR*IK*321920070613*PI*14.9*14.9*0
REF*PO*0020070614
REF*ST*03219
REF*DP*043
DTM*999*20070613
RMR*IK*322020070610*PI*47.25*47.25*0
REF*PO*0020070611
REF*ST*03220
REF*DP*043
DTM*999*20070610
RMR*IK*322020070612*PI*21*21*0
REF*PO*0020070613
REF*ST*03220
REF*DP*043
DTM*999*20070612
RMR*IK*322320070607*PI*20.35*20.35*0
REF*PO*0020070608
REF*ST*03223
REF*DP*043
DTM*999*20070607
RMR*IK*322320070608*PI*17.95*17.95*0
REF*PO*0020070609
REF*ST*03223
REF*DP*043
DTM*999*20070608
RMR*IK*322320070609*PI*20.3*20.3*0
REF*PO*0020070610
REF*ST*03223
REF*DP*043
DTM*999*20070609
RMR*IK*322320070610*PI*18*18*0
REF*PO*0020070611
REF*ST*03223
REF*DP*043
DTM*999*20070610
RMR*IK*322320070611*PI*11*11*0
REF*PO*0020070612
REF*ST*03223
REF*DP*043
DTM*999*20070611
RMR*IK*322320070613*PI*14.25*14.25*0
REF*PO*0020070614
REF*ST*03223
REF*DP*043
DTM*999*20070613
RMR*IK*326520070608*PI*5.25*5.25*0
REF*PO*0020070609
REF*ST*03265
REF*DP*043
DTM*999*20070608
RMR*IK*326520070609*PI*10.5*10.5*0
REF*PO*0020070610
REF*ST*03265
REF*DP*043
DTM*999*20070609
RMR*IK*326520070613*PI*5.25*5.25*0
REF*PO*0020070614
REF*ST*03265
REF*DP*043
DTM*999*20070613
RMR*IK*327220070609*PI*5.25*5.25*0
REF*PO*0020070610
REF*ST*03272
REF*DP*043
DTM*999*20070609
RMR*IK*327220070610*PI*5.25*5.25*0
REF*PO*0020070611
REF*ST*03272
REF*DP*043
DTM*999*20070610
RMR*IK*327220070611*PI*10.5*10.5*0
REF*PO*0020070612
REF*ST*03272
REF*DP*043
DTM*999*20070611
RMR*IK*327220070612*PI*26.25*26.25*0
REF*PO*0020070613
REF*ST*03272
REF*DP*043
DTM*999*20070612
RMR*IK*328920070607*PI*24.4*24.4*0
REF*PO*0020070608
REF*ST*03289
REF*DP*043
DTM*999*20070607
RMR*IK*328920070608*PI*24.55*24.55*0
REF*PO*0020070609
REF*ST*03289
REF*DP*043
DTM*999*20070608
RMR*IK*328920070609*PI*31.95*31.95*0
REF*PO*0020070610
REF*ST*03289
REF*DP*043
DTM*999*20070609
RMR*IK*328920070610*PI*29.4*29.4*0
REF*PO*0020070611
REF*ST*03289
REF*DP*043
DTM*999*20070610
RMR*IK*328920070611*PI*9.9*9.9*0
REF*PO*0020070612
REF*ST*03289
REF*DP*043
DTM*999*20070611
RMR*IK*328920070612*PI*12.25*12.25*0
REF*PO*0020070613
REF*ST*03289
REF*DP*043
DTM*999*20070612
RMR*IK*328920070613*PI*59.4*59.4*0
REF*PO*0020070614
REF*ST*03289
REF*DP*043
DTM*999*20070613
RMR*IK*334820070607*PI*28.6*28.6*0
REF*PO*0020070608
REF*ST*03348
REF*DP*043
DTM*999*20070607
RMR*IK*334820070608*PI*96.35*96.35*0
REF*PO*0020070609
REF*ST*03348
REF*DP*043
DTM*999*20070608
RMR*IK*334820070609*PI*114.5*114.5*0
REF*PO*0020070610
REF*ST*03348
REF*DP*043
DTM*999*20070609
RMR*IK*334820070610*PI*93.3*93.3*0
REF*PO*0020070611
REF*ST*03348
REF*DP*043
DTM*999*20070610
RMR*IK*334820070611*PI*111.8*111.8*0
REF*PO*0020070612
REF*ST*03348
REF*DP*043
DTM*999*20070611
RMR*IK*334820070612*PI*82.3*82.3*0
REF*PO*0020070613
REF*ST*03348
REF*DP*043
DTM*999*20070612
RMR*IK*334820070613*PI*26.9*26.9*0
REF*PO*0020070614
REF*ST*03348
REF*DP*043
DTM*999*20070613
RMR*IK*335520070607*PI*13.8*13.8*0
REF*PO*0020070608
REF*ST*03355
REF*DP*043
DTM*999*20070607
RMR*IK*335520070608*PI*39.55*39.55*0
REF*PO*0020070609
REF*ST*03355
REF*DP*043
DTM*999*20070608
RMR*IK*335520070609*PI*23.35*23.35*0
REF*PO*0020070610
REF*ST*03355
REF*DP*043
DTM*999*20070609
RMR*IK*335520070610*PI*4.65*4.65*0
REF*PO*0020070611
REF*ST*03355
REF*DP*043
DTM*999*20070610
RMR*IK*335520070611*PI*10.75*10.75*0
REF*PO*0020070612
REF*ST*03355
REF*DP*043
DTM*999*20070611
RMR*IK*335520070613*PI*17.25*17.25*0
REF*PO*0020070614
REF*ST*03355
REF*DP*043
DTM*999*20070613
RMR*IK*335920070607*PI*27.95*27.95*0
REF*PO*0020070608
REF*ST*03359
REF*DP*043
DTM*999*20070607
RMR*IK*335920070608*PI*67.8*67.8*0
REF*PO*0020070609
REF*ST*03359
REF*DP*043
DTM*999*20070608
RMR*IK*335920070609*PI*108.3*108.3*0
REF*PO*0020070610
REF*ST*03359
REF*DP*043
DTM*999*20070609
RMR*IK*335920070610*PI*60.05*60.05*0
REF*PO*0020070611
REF*ST*03359
REF*DP*043
DTM*999*20070610
RMR*IK*335920070611*PI*16.95*16.95*0
REF*PO*0020070612
REF*ST*03359
REF*DP*043
DTM*999*20070611
RMR*IK*335920070612*PI*12*12*0
REF*PO*0020070613
REF*ST*03359
REF*DP*043
DTM*999*20070612
RMR*IK*335920070613*PI*34.1*34.1*0
REF*PO*0020070614
REF*ST*03359
REF*DP*043
DTM*999*20070613
RMR*IK*340820070607*PI*80.1*80.1*0
REF*PO*0020070608
REF*ST*03408
REF*DP*043
DTM*999*20070607
RMR*IK*340820070608*PI*45.15*45.15*0
REF*PO*0020070609
REF*ST*03408
REF*DP*043
DTM*999*20070608
RMR*IK*340820070609*PI*163.45*163.45*0
REF*PO*0020070610
REF*ST*03408
REF*DP*043
DTM*999*20070609
RMR*IK*340820070610*PI*80.75*80.75*0
REF*PO*0020070611
REF*ST*03408
REF*DP*043
DTM*999*20070610
RMR*IK*340820070611*PI*114.45*114.45*0
REF*PO*0020070612
REF*ST*03408
REF*DP*043
DTM*999*20070611
RMR*IK*340820070612*PI*173.5*173.5*0
REF*PO*0020070613
REF*ST*03408
REF*DP*043
DTM*999*20070612
RMR*IK*340820070613*PI*142.75*142.75*0
REF*PO*0020070614
REF*ST*03408
REF*DP*043
DTM*999*20070613
RMR*IK*341020070607*PI*10.5*10.5*0
REF*PO*0020070608
REF*ST*03410
REF*DP*043
DTM*999*20070607
RMR*IK*342020070608*PI*10.5*10.5*0
REF*PO*0020070609
REF*ST*03420
REF*DP*043
DTM*999*20070608
RMR*IK*342020070610*PI*10.5*10.5*0
REF*PO*0020070611
REF*ST*03420
REF*DP*043
DTM*999*20070610
RMR*IK*348420070609*PI*21*21*0
REF*PO*0020070610
REF*ST*03484
REF*DP*043
DTM*999*20070609
RMR*IK*348420070610*PI*5.25*5.25*0
REF*PO*0020070611
REF*ST*03484
REF*DP*043
DTM*999*20070610
RMR*IK*348420070613*PI*5.25*5.25*0
REF*PO*0020070614
REF*ST*03484
REF*DP*043
DTM*999*20070613
RMR*IK*360220070607*PI*88.15*88.15*0
REF*PO*0020070608
REF*ST*03602
REF*DP*043
DTM*999*20070607
RMR*IK*360220070608*PI*62.6*62.6*0
REF*PO*0020070609
REF*ST*03602
REF*DP*043
DTM*999*20070608
RMR*IK*360220070609*PI*63.65*63.65*0
REF*PO*0020070610
REF*ST*03602
REF*DP*043
DTM*999*20070609
RMR*IK*360220070610*PI*99.05*99.05*0
REF*PO*0020070611
REF*ST*03602
REF*DP*043
DTM*999*20070610
RMR*IK*360220070611*PI*10.8*10.8*0
REF*PO*0020070612
REF*ST*03602
REF*DP*043
DTM*999*20070611
RMR*IK*360220070612*PI*51.2*51.2*0
REF*PO*0020070613
REF*ST*03602
REF*DP*043
DTM*999*20070612
RMR*IK*360220070613*PI*46.35*46.35*0
REF*PO*0020070614
REF*ST*03602
REF*DP*043
DTM*999*20070613
RMR*IK*364420070607*PI*295.65*295.65*0
REF*PO*0020070608
REF*ST*03644
REF*DP*043
DTM*999*20070607
RMR*IK*364420070608*PI*169.45*169.45*0
REF*PO*0020070609
REF*ST*03644
REF*DP*043
DTM*999*20070608
RMR*IK*364420070609*PI*496.15*496.15*0
REF*PO*0020070610
REF*ST*03644
REF*DP*043
DTM*999*20070609
RMR*IK*364420070610*PI*425.25*425.25*0
REF*PO*0020070611
REF*ST*03644
REF*DP*043
DTM*999*20070610
RMR*IK*364420070611*PI*310.4*310.4*0
REF*PO*0020070612
REF*ST*03644
REF*DP*043
DTM*999*20070611
RMR*IK*364420070612*PI*238.7*238.7*0
REF*PO*0020070613
REF*ST*03644
REF*DP*043
DTM*999*20070612
RMR*IK*364420070613*PI*267.4*267.4*0
REF*PO*0020070614
REF*ST*03644
REF*DP*043
DTM*999*20070613
RMR*IK*364620070607*PI*452*452*0
REF*PO*0020070608
REF*ST*03646
REF*DP*043
DTM*999*20070607
RMR*IK*364620070608*PI*390.3*390.3*0
REF*PO*0020070609
REF*ST*03646
REF*DP*043
DTM*999*20070608
RMR*IK*364620070609*PI*822.15*822.15*0
REF*PO*0020070610
REF*ST*03646
REF*DP*043
DTM*999*20070609
RMR*IK*364620070610*PI*612.15*612.15*0
REF*PO*0020070611
REF*ST*03646
REF*DP*043
DTM*999*20070610
RMR*IK*364620070611*PI*218.7*218.7*0
REF*PO*0020070612
REF*ST*03646
REF*DP*043
DTM*999*20070611
RMR*IK*364620070612*PI*259.55*259.55*0
REF*PO*0020070613
REF*ST*03646
REF*DP*043
DTM*999*20070612
RMR*IK*364620070613*PI*465.05*465.05*0
REF*PO*0020070614
REF*ST*03646
REF*DP*043
DTM*999*20070613
RMR*IK*366020070607*PI*13.05*13.05*0
REF*PO*0020070608
REF*ST*03660
REF*DP*043
DTM*999*20070607
RMR*IK*366020070608*PI*25.75*25.75*0
REF*PO*0020070609
REF*ST*03660
REF*DP*043
DTM*999*20070608
RMR*IK*366020070609*PI*47.25*47.25*0
REF*PO*0020070610
REF*ST*03660
REF*DP*043
DTM*999*20070609
RMR*IK*366020070610*PI*9*9*0
REF*PO*0020070611
REF*ST*03660
REF*DP*043
DTM*999*20070610
RMR*IK*366020070611*PI*9*9*0
REF*PO*0020070612
REF*ST*03660
REF*DP*043
DTM*999*20070611
RMR*IK*366020070612*PI*15.75*15.75*0
REF*PO*0020070613
REF*ST*03660
REF*DP*043
DTM*999*20070612
RMR*IK*366020070613*PI*4.1*4.1*0
REF*PO*0020070614
REF*ST*03660
REF*DP*043
DTM*999*20070613
RMR*IK*366120070607*PI*12.95*12.95*0
REF*PO*0020070608
REF*ST*03661
REF*DP*043
DTM*999*20070607
RMR*IK*366120070608*PI*24.65*24.65*0
REF*PO*0020070609
REF*ST*03661
REF*DP*043
DTM*999*20070608
RMR*IK*366120070609*PI*153.15*153.15*0
REF*PO*0020070610
REF*ST*03661
REF*DP*043
DTM*999*20070609
RMR*IK*366120070610*PI*59.45*59.45*0
REF*PO*0020070611
REF*ST*03661
REF*DP*043
DTM*999*20070610
RMR*IK*366120070611*PI*19*19*0
REF*PO*0020070612
REF*ST*03661
REF*DP*043
DTM*999*20070611
RMR*IK*366120070612*PI*16.45*16.45*0
REF*PO*0020070613
REF*ST*03661
REF*DP*043
DTM*999*20070612
RMR*IK*366120070613*PI*29.15*29.15*0
REF*PO*0020070614
REF*ST*03661
REF*DP*043
DTM*999*20070613
RMR*IK*367220070607*PI*101*101*0
REF*PO*0020070608
REF*ST*03672
REF*DP*043
DTM*999*20070607
RMR*IK*367220070608*PI*36.2*36.2*0
REF*PO*0020070609
REF*ST*03672
REF*DP*043
DTM*999*20070608
RMR*IK*367220070609*PI*54.25*54.25*0
REF*PO*0020070610
REF*ST*03672
REF*DP*043
DTM*999*20070609
RMR*IK*367220070610*PI*1.7*1.7*0
REF*PO*0020070611
REF*ST*03672
REF*DP*043
DTM*999*20070610
RMR*IK*367220070611*PI*46.25*46.25*0
REF*PO*0020070612
REF*ST*03672
REF*DP*043
DTM*999*20070611
RMR*IK*367220070612*PI*31.05*31.05*0
REF*PO*0020070613
REF*ST*03672
REF*DP*043
DTM*999*20070612
RMR*IK*367220070613*PI*36.6*36.6*0
REF*PO*0020070614
REF*ST*03672
REF*DP*043
DTM*999*20070613
RMR*IK*367520070607*PI*9.65*9.65*0
REF*PO*0020070608
REF*ST*03675
REF*DP*043
DTM*999*20070607
RMR*IK*367520070608*PI*6.45*6.45*0
REF*PO*0020070609
REF*ST*03675
REF*DP*043
DTM*999*20070608
RMR*IK*367520070609*PI*6.3*6.3*0
REF*PO*0020070610
REF*ST*03675
REF*DP*043
DTM*999*20070609
RMR*IK*367520070610*PI*22.6*22.6*0
REF*PO*0020070611
REF*ST*03675
REF*DP*043
DTM*999*20070610
RMR*IK*367520070611*PI*12.45*12.45*0
REF*PO*0020070612
REF*ST*03675
REF*DP*043
DTM*999*20070611
RMR*IK*367520070613*PI*13.7*13.7*0
REF*PO*0020070614
REF*ST*03675
REF*DP*043
DTM*999*20070613
RMR*IK*368520070607*PI*101.95*101.95*0
REF*PO*0020070608
REF*ST*03685
REF*DP*043
DTM*999*20070607
RMR*IK*368520070608*PI*67.35*67.35*0
REF*PO*0020070609
REF*ST*03685
REF*DP*043
DTM*999*20070608
RMR*IK*368520070609*PI*133.65*133.65*0
REF*PO*0020070610
REF*ST*03685
REF*DP*043
DTM*999*20070609
RMR*IK*368520070610*PI*113.1*113.1*0
REF*PO*0020070611
REF*ST*03685
REF*DP*043
DTM*999*20070610
RMR*IK*368520070611*PI*62.7*62.7*0
REF*PO*0020070612
REF*ST*03685
REF*DP*043
DTM*999*20070611
RMR*IK*368520070612*PI*32.75*32.75*0
REF*PO*0020070613
REF*ST*03685
REF*DP*043
DTM*999*20070612
RMR*IK*368520070613*PI*93.9*93.9*0
REF*PO*0020070614
REF*ST*03685
REF*DP*043
DTM*999*20070613
RMR*IK*370120070607*PI*39.5*39.5*0
REF*PO*0020070608
REF*ST*03701
REF*DP*043
DTM*999*20070607
RMR*IK*370120070608*PI*10.75*10.75*0
REF*PO*0020070609
REF*ST*03701
REF*DP*043
DTM*999*20070608
RMR*IK*370120070609*PI*9*9*0
REF*PO*0020070610
REF*ST*03701
REF*DP*043
DTM*999*20070609
RMR*IK*370120070610*PI*11.25*11.25*0
REF*PO*0020070611
REF*ST*03701
REF*DP*043
DTM*999*20070610
RMR*IK*370120070611*PI*20*20*0
REF*PO*0020070612
REF*ST*03701
REF*DP*043
DTM*999*20070611
RMR*IK*370120070612*PI*5.4*5.4*0
REF*PO*0020070613
REF*ST*03701
REF*DP*043
DTM*999*20070612
RMR*IK*370120070613*PI*1.2*1.2*0
REF*PO*0020070614
REF*ST*03701
REF*DP*043
DTM*999*20070613
RMR*IK*370320070607*PI*637.25*637.25*0
REF*PO*0020070608
REF*ST*03703
REF*DP*043
DTM*999*20070607
RMR*IK*370320070608*PI*486*486*0
REF*PO*0020070609
REF*ST*03703
REF*DP*043
DTM*999*20070608
RMR*IK*370320070609*PI*912.15*912.15*0
REF*PO*0020070610
REF*ST*03703
REF*DP*043
DTM*999*20070609
RMR*IK*370320070610*PI*608.9*608.9*0
REF*PO*0020070611
REF*ST*03703
REF*DP*043
DTM*999*20070610
RMR*IK*370320070611*PI*389.75*389.75*0
REF*PO*0020070612
REF*ST*03703
REF*DP*043
DTM*999*20070611
RMR*IK*370320070612*PI*414.85*414.85*0
REF*PO*0020070613
REF*ST*03703
REF*DP*043
DTM*999*20070612
RMR*IK*370320070613*PI*588*588*0
REF*PO*0020070614
REF*ST*03703
REF*DP*043
DTM*999*20070613
RMR*IK*370320070629*PI*-3*-3*0
REF*PO*0020070701
REF*ST*03703
REF*DP*043
DTM*999*20070629
RMR*IK*371320070607*PI*57.55*57.55*0
REF*PO*0020070608
REF*ST*03713
REF*DP*043
DTM*999*20070607
RMR*IK*371320070608*PI*66.5*66.5*0
REF*PO*0020070609
REF*ST*03713
REF*DP*043
DTM*999*20070608
RMR*IK*371320070609*PI*126.05*126.05*0
REF*PO*0020070610
REF*ST*03713
REF*DP*043
DTM*999*20070609
RMR*IK*371320070610*PI*65.25*65.25*0
REF*PO*0020070611
REF*ST*03713
REF*DP*043
DTM*999*20070610
RMR*IK*371320070611*PI*14.4*14.4*0
REF*PO*0020070612
REF*ST*03713
REF*DP*043
DTM*999*20070611
RMR*IK*371320070612*PI*54.2*54.2*0
REF*PO*0020070613
REF*ST*03713
REF*DP*043
DTM*999*20070612
RMR*IK*371320070613*PI*59.65*59.65*0
REF*PO*0020070614
REF*ST*03713
REF*DP*043
DTM*999*20070613
RMR*IK*371520070607*PI*182.2*182.2*0
REF*PO*0020070608
REF*ST*03715
REF*DP*043
DTM*999*20070607
RMR*IK*371520070608*PI*233.55*233.55*0
REF*PO*0020070609
REF*ST*03715
REF*DP*043
DTM*999*20070608
RMR*IK*371520070609*PI*342.9*342.9*0
REF*PO*0020070610
REF*ST*03715
REF*DP*043
DTM*999*20070609
RMR*IK*371520070610*PI*163.55*163.55*0
REF*PO*0020070611
REF*ST*03715
REF*DP*043
DTM*999*20070610
RMR*IK*371520070611*PI*261.35*261.35*0
REF*PO*0020070612
REF*ST*03715
REF*DP*043
DTM*999*20070611
RMR*IK*371520070612*PI*89.9*89.9*0
REF*PO*0020070613
REF*ST*03715
REF*DP*043
DTM*999*20070612
RMR*IK*371520070613*PI*93.05*93.05*0
REF*PO*0020070614
REF*ST*03715
REF*DP*043
DTM*999*20070613
RMR*IK*372420070610*PI*5.25*5.25*0
REF*PO*0020070611
REF*ST*03724
REF*DP*043
DTM*999*20070610
RMR*IK*382220070607*PI*100.05*100.05*0
REF*PO*0020070608
REF*ST*03822
REF*DP*043
DTM*999*20070607
RMR*IK*382220070608*PI*30.9*30.9*0
REF*PO*0020070609
REF*ST*03822
REF*DP*043
DTM*999*20070608
RMR*IK*382220070609*PI*167.7*167.7*0
REF*PO*0020070610
REF*ST*03822
REF*DP*043
DTM*999*20070609
RMR*IK*382220070610*PI*94.6*94.6*0
REF*PO*0020070611
REF*ST*03822
REF*DP*043
DTM*999*20070610
RMR*IK*382220070611*PI*105.75*105.75*0
REF*PO*0020070615
REF*ST*03822
REF*DP*043
DTM*999*20070611
RMR*IK*382220070612*PI*48.35*48.35*0
REF*PO*0020070615
REF*ST*03822
REF*DP*043
DTM*999*20070612
RMR*IK*382220070613*PI*108.25*108.25*0
REF*PO*0020070615
REF*ST*03822
REF*DP*043
DTM*999*20070613
RMR*IK*383620070607*PI*24.8*24.8*0
REF*PO*0020070608
REF*ST*03836
REF*DP*043
DTM*999*20070607
RMR*IK*383620070608*PI*40*40*0
REF*PO*0020070609
REF*ST*03836
REF*DP*043
DTM*999*20070608
RMR*IK*383620070609*PI*95.85*95.85*0
REF*PO*0020070610
REF*ST*03836
REF*DP*043
DTM*999*20070609
RMR*IK*383620070610*PI*63.3*63.3*0
REF*PO*0020070611
REF*ST*03836
REF*DP*043
DTM*999*20070610
RMR*IK*383620070611*PI*74.15*74.15*0
REF*PO*0020070612
REF*ST*03836
REF*DP*043
DTM*999*20070611
RMR*IK*383620070612*PI*30.05*30.05*0
REF*PO*0020070613
REF*ST*03836
REF*DP*043
DTM*999*20070612
RMR*IK*383620070613*PI*38.55*38.55*0
REF*PO*0020070614
REF*ST*03836
REF*DP*043
DTM*999*20070613
RMR*IK*384820070607*PI*119.2*119.2*0
REF*PO*0020070608
REF*ST*03848
REF*DP*043
DTM*999*20070607
RMR*IK*384820070608*PI*158.7*158.7*0
REF*PO*0020070609
REF*ST*03848
REF*DP*043
DTM*999*20070608
RMR*IK*384820070609*PI*151*151*0
REF*PO*0020070610
REF*ST*03848
REF*DP*043
DTM*999*20070609
RMR*IK*384820070610*PI*244.85*244.85*0
REF*PO*0020070611
REF*ST*03848
REF*DP*043
DTM*999*20070610
RMR*IK*384820070611*PI*78.55*78.55*0
REF*PO*0020070612
REF*ST*03848
REF*DP*043
DTM*999*20070611
RMR*IK*384820070612*PI*116.25*116.25*0
REF*PO*0020070613
REF*ST*03848
REF*DP*043
DTM*999*20070612
RMR*IK*384820070613*PI*189.55*189.55*0
REF*PO*0020070614
REF*ST*03848
REF*DP*043
DTM*999*20070613
RMR*IK*387620070607*PI*7.65*7.65*0
REF*PO*0020070608
REF*ST*03876
REF*DP*043
DTM*999*20070607
RMR*IK*387620070608*PI*8.65*8.65*0
REF*PO*0020070609
REF*ST*03876
REF*DP*043
DTM*999*20070608
RMR*IK*387620070609*PI*128.1*128.1*0
REF*PO*0020070610
REF*ST*03876
REF*DP*043
DTM*999*20070609
RMR*IK*387620070610*PI*39.4*39.4*0
REF*PO*0020070611
REF*ST*03876
REF*DP*043
DTM*999*20070610
RMR*IK*387620070611*PI*29.3*29.3*0
REF*PO*0020070612
REF*ST*03876
REF*DP*043
DTM*999*20070611
RMR*IK*387620070612*PI*20.75*20.75*0
REF*PO*0020070613
REF*ST*03876
REF*DP*043
DTM*999*20070612
RMR*IK*387620070613*PI*53.7*53.7*0
REF*PO*0020070614
REF*ST*03876
REF*DP*043
DTM*999*20070613
RMR*IK*390520070607*PI*4.65*4.65*0
REF*PO*0020070608
REF*ST*03905
REF*DP*043
DTM*999*20070607
RMR*IK*390520070608*PI*18.6*18.6*0
REF*PO*0020070609
REF*ST*03905
REF*DP*043
DTM*999*20070608
RMR*IK*390520070609*PI*20.7*20.7*0
REF*PO*0020070610
REF*ST*03905
REF*DP*043
DTM*999*20070609
RMR*IK*390520070610*PI*1.8*1.8*0
REF*PO*0020070611
REF*ST*03905
REF*DP*043
DTM*999*20070610
RMR*IK*390520070611*PI*6.25*6.25*0
REF*PO*0020070612
REF*ST*03905
REF*DP*043
DTM*999*20070611
RMR*IK*390520070612*PI*2.8*2.8*0
REF*PO*0020070613
REF*ST*03905
REF*DP*043
DTM*999*20070612
RMR*IK*390520070613*PI*4.3*4.3*0
REF*PO*0020070614
REF*ST*03905
REF*DP*043
DTM*999*20070613
RMR*IK*392920070607*PI*19.45*19.45*0
REF*PO*0020070608
REF*ST*03929
REF*DP*043
DTM*999*20070607
RMR*IK*392920070608*PI*84.05*84.05*0
REF*PO*0020070609
REF*ST*03929
REF*DP*043
DTM*999*20070608
RMR*IK*392920070609*PI*17.7*17.7*0
REF*PO*0020070610
REF*ST*03929
REF*DP*043
DTM*999*20070609
RMR*IK*392920070610*PI*6.75*6.75*0
REF*PO*0020070611
REF*ST*03929
REF*DP*043
DTM*999*20070610
RMR*IK*392920070611*PI*6.5*6.5*0
REF*PO*0020070612
REF*ST*03929
REF*DP*043
DTM*999*20070611
RMR*IK*392920070612*PI*14.4*14.4*0
REF*PO*0020070613
REF*ST*03929
REF*DP*043
DTM*999*20070612
RMR*IK*392920070613*PI*8.2*8.2*0
REF*PO*0020070614
REF*ST*03929
REF*DP*043
DTM*999*20070613
RMR*IK*393120070608*PI*5.45*5.45*0
REF*PO*0020070609
REF*ST*03931
REF*DP*043
DTM*999*20070608
RMR*IK*393120070609*PI*5.6*5.6*0
REF*PO*0020070610
REF*ST*03931
REF*DP*043
DTM*999*20070609
RMR*IK*393120070610*PI*15.95*15.95*0
REF*PO*0020070611
REF*ST*03931
REF*DP*043
DTM*999*20070610
RMR*IK*393920070607*PI*19.1*19.1*0
REF*PO*0020070608
REF*ST*03939
REF*DP*043
DTM*999*20070607
RMR*IK*393920070608*PI*25.2*25.2*0
REF*PO*0020070609
REF*ST*03939
REF*DP*043
DTM*999*20070608
RMR*IK*393920070609*PI*1.8*1.8*0
REF*PO*0020070610
REF*ST*03939
REF*DP*043
DTM*999*20070609
RMR*IK*393920070610*PI*18.9*18.9*0
REF*PO*0020070611
REF*ST*03939
REF*DP*043
DTM*999*20070610
RMR*IK*393920070611*PI*36.35*36.35*0
REF*PO*0020070612
REF*ST*03939
REF*DP*043
DTM*999*20070611
RMR*IK*393920070612*PI*14.55*14.55*0
REF*PO*0020070613
REF*ST*03939
REF*DP*043
DTM*999*20070612
RMR*IK*393920070613*PI*16.2*16.2*0
REF*PO*0020070614
REF*ST*03939
REF*DP*043
DTM*999*20070613
RMR*IK*394120070607*PI*160.4*160.4*0
REF*PO*0020070608
REF*ST*03941
REF*DP*043
DTM*999*20070607
RMR*IK*394120070608*PI*360.95*360.95*0
REF*PO*0020070609
REF*ST*03941
REF*DP*043
DTM*999*20070608
RMR*IK*394120070609*PI*561.85*561.85*0
REF*PO*0020070610
REF*ST*03941
REF*DP*043
DTM*999*20070609
RMR*IK*394120070610*PI*414.95*414.95*0
REF*PO*0020070611
REF*ST*03941
REF*DP*043
DTM*999*20070610
RMR*IK*394120070611*PI*335.95*335.95*0
REF*PO*0020070612
REF*ST*03941
REF*DP*043
DTM*999*20070611
RMR*IK*394120070612*PI*184.85*184.85*0
REF*PO*0020070613
REF*ST*03941
REF*DP*043
DTM*999*20070612
RMR*IK*394120070613*PI*286.45*286.45*0
REF*PO*0020070614
REF*ST*03941
REF*DP*043
DTM*999*20070613
RMR*IK*394620070607*PI*11.6*11.6*0
REF*PO*0020070608
REF*ST*03946
REF*DP*043
DTM*999*20070607
RMR*IK*394620070610*PI*5.55*5.55*0
REF*PO*0020070611
REF*ST*03946
REF*DP*043
DTM*999*20070610
RMR*IK*394620070611*PI*6.3*6.3*0
REF*PO*0020070612
REF*ST*03946
REF*DP*043
DTM*999*20070611
RMR*IK*394620070612*PI*9.9*9.9*0
REF*PO*0020070613
REF*ST*03946
REF*DP*043
DTM*999*20070612
RMR*IK*394620070613*PI*27.85*27.85*0
REF*PO*0020070614
REF*ST*03946
REF*DP*043
DTM*999*20070613
RMR*IK*395720070607*PI*10.2*10.2*0
REF*PO*0020070608
REF*ST*03957
REF*DP*043
DTM*999*20070607
RMR*IK*395720070608*PI*1.6*1.6*0
REF*PO*0020070609
REF*ST*03957
REF*DP*043
DTM*999*20070608
RMR*IK*395720070609*PI*19.8*19.8*0
REF*PO*0020070610
REF*ST*03957
REF*DP*043
DTM*999*20070609
RMR*IK*395720070610*PI*6.25*6.25*0
REF*PO*0020070611
REF*ST*03957
REF*DP*043
DTM*999*20070610
RMR*IK*395720070611*PI*11.55*11.55*0
REF*PO*0020070612
REF*ST*03957
REF*DP*043
DTM*999*20070611
RMR*IK*395720070612*PI*.55*.55*0
REF*PO*0020070613
REF*ST*03957
REF*DP*043
DTM*999*20070612
RMR*IK*396620070607*PI*92.4*92.4*0
REF*PO*0020070608
REF*ST*03966
REF*DP*043
DTM*999*20070607
RMR*IK*396620070608*PI*37.9*37.9*0
REF*PO*0020070609
REF*ST*03966
REF*DP*043
DTM*999*20070608
RMR*IK*396620070609*PI*212.65*212.65*0
REF*PO*0020070610
REF*ST*03966
REF*DP*043
DTM*999*20070609
RMR*IK*396620070610*PI*30.75*30.75*0
REF*PO*0020070611
REF*ST*03966
REF*DP*043
DTM*999*20070610
RMR*IK*396620070611*PI*61.3*61.3*0
REF*PO*0020070612
REF*ST*03966
REF*DP*043
DTM*999*20070611
RMR*IK*396620070612*PI*79.2*79.2*0
REF*PO*0020070613
REF*ST*03966
REF*DP*043
DTM*999*20070612
RMR*IK*396620070613*PI*109.45*109.45*0
REF*PO*0020070614
REF*ST*03966
REF*DP*043
DTM*999*20070613
RMR*IK*396620070703*PI*-3*-3*0
REF*PO*0020070705
REF*ST*03966
REF*DP*043
DTM*999*20070703
RMR*IK*396720070607*PI*10*10*0
REF*PO*0020070608
REF*ST*03967
REF*DP*043
DTM*999*20070607
RMR*IK*396720070608*PI*1.25*1.25*0
REF*PO*0020070609
REF*ST*03967
REF*DP*043
DTM*999*20070608
RMR*IK*396720070609*PI*18.45*18.45*0
REF*PO*0020070610
REF*ST*03967
REF*DP*043
DTM*999*20070609
RMR*IK*396720070612*PI*1.8*1.8*0
REF*PO*0020070613
REF*ST*03967
REF*DP*043
DTM*999*20070612
RMR*IK*396720070613*PI*12.65*12.65*0
REF*PO*0020070614
REF*ST*03967
REF*DP*043
DTM*999*20070613
RMR*IK*397520070607*PI*63.8*63.8*0
REF*PO*0020070608
REF*ST*03975
REF*DP*043
DTM*999*20070607
RMR*IK*397520070608*PI*5.15*5.15*0
REF*PO*0020070610
REF*ST*03975
REF*DP*043
DTM*999*20070608
RMR*IK*397520070608*PI*21.05*21.05*0
REF*PO*0020070609
REF*ST*03975
REF*DP*043
DTM*999*20070608
RMR*IK*397520070609*PI*55.3*55.3*0
REF*PO*0020070610
REF*ST*03975
REF*DP*043
DTM*999*20070609
RMR*IK*397520070610*PI*65.5*65.5*0
REF*PO*0020070611
REF*ST*03975
REF*DP*043
DTM*999*20070610
RMR*IK*397520070611*PI*35.9*35.9*0
REF*PO*0020070612
REF*ST*03975
REF*DP*043
DTM*999*20070611
RMR*IK*397520070612*PI*7*7*0
REF*PO*0020070613
REF*ST*03975
REF*DP*043
DTM*999*20070612
RMR*IK*397520070613*PI*29.6*29.6*0
REF*PO*0020070614
REF*ST*03975
REF*DP*043
DTM*999*20070613
RMR*IK*397820070607*PI*28.45*28.45*0
REF*PO*0020070608
REF*ST*03978
REF*DP*043
DTM*999*20070607
RMR*IK*397820070608*PI*45.9*45.9*0
REF*PO*0020070609
REF*ST*03978
REF*DP*043
DTM*999*20070608
RMR*IK*397820070609*PI*118.6*118.6*0
REF*PO*0020070610
REF*ST*03978
REF*DP*043
DTM*999*20070609
RMR*IK*397820070610*PI*20.1*20.1*0
REF*PO*0020070611
REF*ST*03978
REF*DP*043
DTM*999*20070610
RMR*IK*397820070611*PI*38.65*38.65*0
REF*PO*0020070612
REF*ST*03978
REF*DP*043
DTM*999*20070611
RMR*IK*397820070612*PI*40.35*40.35*0
REF*PO*0020070613
REF*ST*03978
REF*DP*043
DTM*999*20070612
RMR*IK*397820070613*PI*37.15*37.15*0
REF*PO*0020070614
REF*ST*03978
REF*DP*043
DTM*999*20070613
RMR*IK*399120070607*PI*.9*.9*0
REF*PO*0020070608
REF*ST*03991
REF*DP*043
DTM*999*20070607
RMR*IK*399120070608*PI*12.35*12.35*0
REF*PO*0020070609
REF*ST*03991
REF*DP*043
DTM*999*20070608
RMR*IK*399120070609*PI*23.8*23.8*0
REF*PO*0020070610
REF*ST*03991
REF*DP*043
DTM*999*20070609
RMR*IK*399120070610*PI*20.75*20.75*0
REF*PO*0020070611
REF*ST*03991
REF*DP*043
DTM*999*20070610
RMR*IK*399120070611*PI*37.9*37.9*0
REF*PO*0020070612
REF*ST*03991
REF*DP*043
DTM*999*20070611
RMR*IK*399120070613*PI*8.55*8.55*0
REF*PO*0020070614
REF*ST*03991
REF*DP*043
DTM*999*20070613
RMR*IK*399420070607*PI*69.9*69.9*0
REF*PO*0020070608
REF*ST*03994
REF*DP*043
DTM*999*20070607
RMR*IK*399420070608*PI*35.55*35.55*0
REF*PO*0020070609
REF*ST*03994
REF*DP*043
DTM*999*20070608
RMR*IK*399420070609*PI*39*39*0
REF*PO*0020070610
REF*ST*03994
REF*DP*043
DTM*999*20070609
RMR*IK*399420070611*PI*13.7*13.7*0
REF*PO*0020070612
REF*ST*03994
REF*DP*043
DTM*999*20070611
RMR*IK*399420070612*PI*11.05*11.05*0
REF*PO*0020070613
REF*ST*03994
REF*DP*043
DTM*999*20070612
RMR*IK*399420070613*PI*50.55*50.55*0
REF*PO*0020070614
REF*ST*03994
REF*DP*043
DTM*999*20070613
RMR*IK*399620070607*PI*69.65*69.65*0
REF*PO*0020070608
REF*ST*03996
REF*DP*043
DTM*999*20070607
RMR*IK*399620070608*PI*81.4*81.4*0
REF*PO*0020070609
REF*ST*03996
REF*DP*043
DTM*999*20070608
RMR*IK*399620070609*PI*146.4*146.4*0
REF*PO*0020070610
REF*ST*03996
REF*DP*043
DTM*999*20070609
RMR*IK*399620070610*PI*212.95*212.95*0
REF*PO*0020070611
REF*ST*03996
REF*DP*043
DTM*999*20070610
RMR*IK*399620070611*PI*91*91*0
REF*PO*0020070612
REF*ST*03996
REF*DP*043
DTM*999*20070611
RMR*IK*399620070612*PI*29.15*29.15*0
REF*PO*0020070613
REF*ST*03996
REF*DP*043
DTM*999*20070612
RMR*IK*399620070613*PI*37.65*37.65*0
REF*PO*0020070614
REF*ST*03996
REF*DP*043
DTM*999*20070613
RMR*IK*403320070607*PI*2.15*2.15*0
REF*PO*0020070608
REF*ST*04033
REF*DP*043
DTM*999*20070607
RMR*IK*403320070608*PI*6.95*6.95*0
REF*PO*0020070609
REF*ST*04033
REF*DP*043
DTM*999*20070608
RMR*IK*403320070610*PI*13.75*13.75*0
REF*PO*0020070611
REF*ST*04033
REF*DP*043
DTM*999*20070610
RMR*IK*403320070611*PI*3.85*3.85*0
REF*PO*0020070612
REF*ST*04033
REF*DP*043
DTM*999*20070611
RMR*IK*403320070612*PI*6.75*6.75*0
REF*PO*0020070613
REF*ST*04033
REF*DP*043
DTM*999*20070612
RMR*IK*407120070607*PI*77.45*77.45*0
REF*PO*0020070608
REF*ST*04071
REF*DP*043
DTM*999*20070607
RMR*IK*407120070608*PI*81*81*0
REF*PO*0020070609
REF*ST*04071
REF*DP*043
DTM*999*20070608
RMR*IK*407120070609*PI*152.4*152.4*0
REF*PO*0020070610
REF*ST*04071
REF*DP*043
DTM*999*20070609
RMR*IK*407120070610*PI*75.9*75.9*0
REF*PO*0020070611
REF*ST*04071
REF*DP*043
DTM*999*20070610
RMR*IK*407120070611*PI*57.2*57.2*0
REF*PO*0020070612
REF*ST*04071
REF*DP*043
DTM*999*20070611
RMR*IK*407120070612*PI*84.6*84.6*0
REF*PO*0020070613
REF*ST*04071
REF*DP*043
DTM*999*20070612
RMR*IK*407120070613*PI*78.7*78.7*0
REF*PO*0020070614
REF*ST*04071
REF*DP*043
DTM*999*20070613
RMR*IK*409320070607*PI*491.2*491.2*0
REF*PO*0020070608
REF*ST*04093
REF*DP*043
DTM*999*20070607
RMR*IK*409320070608*PI*511.85*511.85*0
REF*PO*0020070609
REF*ST*04093
REF*DP*043
DTM*999*20070608
RMR*IK*409320070609*PI*1017.7*1017.7*0
REF*PO*0020070610
REF*ST*04093
REF*DP*043
DTM*999*20070609
RMR*IK*409320070610*PI*747.55*747.55*0
REF*PO*0020070611
REF*ST*04093
REF*DP*043
DTM*999*20070610
RMR*IK*409320070611*PI*515.75*515.75*0
REF*PO*0020070612
REF*ST*04093
REF*DP*043
DTM*999*20070611
RMR*IK*409320070612*PI*507.2*507.2*0
REF*PO*0020070613
REF*ST*04093
REF*DP*043
DTM*999*20070612
RMR*IK*409320070613*PI*500.4*500.4*0
REF*PO*0020070614
REF*ST*04093
REF*DP*043
DTM*999*20070613
RMR*IK*410320070607*PI*366.65*366.65*0
REF*PO*0020070608
REF*ST*04103
REF*DP*043
DTM*999*20070607
RMR*IK*410320070608*PI*504.45*504.45*0
REF*PO*0020070609
REF*ST*04103
REF*DP*043
DTM*999*20070608
RMR*IK*410320070609*PI*645.7*645.7*0
REF*PO*0020070610
REF*ST*04103
REF*DP*043
DTM*999*20070609
RMR*IK*410320070610*PI*596.8*596.8*0
REF*PO*0020070611
REF*ST*04103
REF*DP*043
DTM*999*20070610
RMR*IK*410320070611*PI*347.15*347.15*0
REF*PO*0020070612
REF*ST*04103
REF*DP*043
DTM*999*20070611
RMR*IK*410320070612*PI*249.45*249.45*0
REF*PO*0020070613
REF*ST*04103
REF*DP*043
DTM*999*20070612
RMR*IK*410320070613*PI*343.4*343.4*0
REF*PO*0020070614
REF*ST*04103
REF*DP*043
DTM*999*20070613
RMR*IK*412220070607*PI*13.4*13.4*0
REF*PO*0020070608
REF*ST*04122
REF*DP*043
DTM*999*20070607
RMR*IK*412220070608*PI*32.1*32.1*0
REF*PO*0020070609
REF*ST*04122
REF*DP*043
DTM*999*20070608
RMR*IK*412220070609*PI*15.6*15.6*0
REF*PO*0020070610
REF*ST*04122
REF*DP*043
DTM*999*20070609
RMR*IK*412220070610*PI*18.05*18.05*0
REF*PO*0020070611
REF*ST*04122
REF*DP*043
DTM*999*20070610
RMR*IK*412220070611*PI*3.75*3.75*0
REF*PO*0020070612
REF*ST*04122
REF*DP*043
DTM*999*20070611
RMR*IK*412220070612*PI*3.85*3.85*0
REF*PO*0020070613
REF*ST*04122
REF*DP*043
DTM*999*20070612
RMR*IK*418920070607*PI*23.05*23.05*0
REF*PO*0020070608
REF*ST*04189
REF*DP*043
DTM*999*20070607
RMR*IK*418920070608*PI*27.4*27.4*0
REF*PO*0020070609
REF*ST*04189
REF*DP*043
DTM*999*20070608
RMR*IK*418920070609*PI*23.35*23.35*0
REF*PO*0020070610
REF*ST*04189
REF*DP*043
DTM*999*20070609
RMR*IK*418920070610*PI*11.55*11.55*0
REF*PO*0020070611
REF*ST*04189
REF*DP*043
DTM*999*20070610
RMR*IK*418920070611*PI*4.6*4.6*0
REF*PO*0020070612
REF*ST*04189
REF*DP*043
DTM*999*20070611
RMR*IK*418920070612*PI*16.5*16.5*0
REF*PO*0020070613
REF*ST*04189
REF*DP*043
DTM*999*20070612
RMR*IK*418920070613*PI*1.1*1.1*0
REF*PO*0020070614
REF*ST*04189
REF*DP*043
DTM*999*20070613
RMR*IK*418920070702*PI*-9.55*-9.55*0
REF*PO*0020070703
REF*ST*04189
REF*DP*043
DTM*999*20070702
RMR*IK*419820070607*PI*55.35*55.35*0
REF*PO*0020070608
REF*ST*04198
REF*DP*043
DTM*999*20070607
RMR*IK*419820070608*PI*58.7*58.7*0
REF*PO*0020070609
REF*ST*04198
REF*DP*043
DTM*999*20070608
RMR*IK*419820070609*PI*56.25*56.25*0
REF*PO*0020070610
REF*ST*04198
REF*DP*043
DTM*999*20070609
RMR*IK*419820070610*PI*27.85*27.85*0
REF*PO*0020070611
REF*ST*04198
REF*DP*043
DTM*999*20070610
RMR*IK*419820070611*PI*23.8*23.8*0
REF*PO*0020070612
REF*ST*04198
REF*DP*043
DTM*999*20070611
RMR*IK*419820070612*PI*16.75*16.75*0
REF*PO*0020070613
REF*ST*04198
REF*DP*043
DTM*999*20070612
RMR*IK*419820070613*PI*39.45*39.45*0
REF*PO*0020070614
REF*ST*04198
REF*DP*043
DTM*999*20070613
RMR*IK*424420070607*PI*549.6*549.6*0
REF*PO*0020070608
REF*ST*04244
REF*DP*043
DTM*999*20070607
RMR*IK*424420070608*PI*428.35*428.35*0
REF*PO*0020070609
REF*ST*04244
REF*DP*043
DTM*999*20070608
RMR*IK*424420070609*PI*813.8*813.8*0
REF*PO*0020070610
REF*ST*04244
REF*DP*043
DTM*999*20070609
RMR*IK*424420070610*PI*786.3*786.3*0
REF*PO*0020070611
REF*ST*04244
REF*DP*043
DTM*999*20070610
RMR*IK*424420070611*PI*418.7*418.7*0
REF*PO*0020070612
REF*ST*04244
REF*DP*043
DTM*999*20070611
RMR*IK*424420070612*PI*466.35*466.35*0
REF*PO*0020070613
REF*ST*04244
REF*DP*043
DTM*999*20070612
RMR*IK*424420070613*PI*554.5*554.5*0
REF*PO*0020070614
REF*ST*04244
REF*DP*043
DTM*999*20070613
RMR*IK*430820070607*PI*105.9*105.9*0
REF*PO*0020070608
REF*ST*04308
REF*DP*043
DTM*999*20070607
RMR*IK*430820070608*PI*60.9*60.9*0
REF*PO*0020070609
REF*ST*04308
REF*DP*043
DTM*999*20070608
RMR*IK*430820070609*PI*95.25*95.25*0
REF*PO*0020070610
REF*ST*04308
REF*DP*043
DTM*999*20070609
RMR*IK*430820070610*PI*74.3*74.3*0
REF*PO*0020070611
REF*ST*04308
REF*DP*043
DTM*999*20070610
RMR*IK*430820070611*PI*49.7*49.7*0
REF*PO*0020070612
REF*ST*04308
REF*DP*043
DTM*999*20070611
RMR*IK*430820070612*PI*70.8*70.8*0
REF*PO*0020070613
REF*ST*04308
REF*DP*043
DTM*999*20070612
RMR*IK*430820070613*PI*69*69*0
REF*PO*0020070614
REF*ST*04308
REF*DP*043
DTM*999*20070613
RMR*IK*431220070607*PI*150.35*150.35*0
REF*PO*0020070608
REF*ST*04312
REF*DP*043
DTM*999*20070607
RMR*IK*431220070608*PI*235.4*235.4*0
REF*PO*0020070609
REF*ST*04312
REF*DP*043
DTM*999*20070608
RMR*IK*431220070609*PI*193.4*193.4*0
REF*PO*0020070610
REF*ST*04312
REF*DP*043
DTM*999*20070609
RMR*IK*431220070610*PI*106.95*106.95*0
REF*PO*0020070611
REF*ST*04312
REF*DP*043
DTM*999*20070610
RMR*IK*431220070611*PI*89.2*89.2*0
REF*PO*0020070612
REF*ST*04312
REF*DP*043
DTM*999*20070611
RMR*IK*431220070612*PI*143.15*143.15*0
REF*PO*0020070613
REF*ST*04312
REF*DP*043
DTM*999*20070612
RMR*IK*431220070613*PI*110.85*110.85*0
REF*PO*0020070614
REF*ST*04312
REF*DP*043
DTM*999*20070613
RMR*IK*444220070608*PI*5.25*5.25*0
REF*PO*0020070609
REF*ST*04442
REF*DP*043
DTM*999*20070608
RMR*IK*444220070609*PI*47.25*47.25*0
REF*PO*0020070610
REF*ST*04442
REF*DP*043
DTM*999*20070609
RMR*IK*444220070612*PI*5.25*5.25*0
REF*PO*0020070613
REF*ST*04442
REF*DP*043
DTM*999*20070612
RMR*IK*444220070613*PI*10.5*10.5*0
REF*PO*0020070614
REF*ST*04442
REF*DP*043
DTM*999*20070613
RMR*IK*447520070607*PI*300.2*300.2*0
REF*PO*0020070608
REF*ST*04475
REF*DP*043
DTM*999*20070607
RMR*IK*447520070608*PI*272.2*272.2*0
REF*PO*0020070609
REF*ST*04475
REF*DP*043
DTM*999*20070608
RMR*IK*447520070609*PI*101.2*101.2*0
REF*PO*0020070610
REF*ST*04475
REF*DP*043
DTM*999*20070609
RMR*IK*447520070610*PI*87.35*87.35*0
REF*PO*0020070611
REF*ST*04475
REF*DP*043
DTM*999*20070610
RMR*IK*447520070611*PI*71.6*71.6*0
REF*PO*0020070612
REF*ST*04475
REF*DP*043
DTM*999*20070611
RMR*IK*447520070612*PI*48.85*48.85*0
REF*PO*0020070613
REF*ST*04475
REF*DP*043
DTM*999*20070612
RMR*IK*447520070613*PI*72*72*0
REF*PO*0020070614
REF*ST*04475
REF*DP*043
DTM*999*20070613
RMR*IK*448920070607*PI*22.85*22.85*0
REF*PO*0020070608
REF*ST*04489
REF*DP*043
DTM*999*20070607
RMR*IK*448920070608*PI*21.75*21.75*0
REF*PO*0020070609
REF*ST*04489
REF*DP*043
DTM*999*20070608
RMR*IK*448920070609*PI*7*7*0
REF*PO*0020070610
REF*ST*04489
REF*DP*043
DTM*999*20070609
RMR*IK*448920070610*PI*17.4*17.4*0
REF*PO*0020070611
REF*ST*04489
REF*DP*043
DTM*999*20070610
RMR*IK*448920070611*PI*5.1*5.1*0
REF*PO*0020070612
REF*ST*04489
REF*DP*043
DTM*999*20070611
RMR*IK*448920070612*PI*8*8*0
REF*PO*0020070613
REF*ST*04489
REF*DP*043
DTM*999*20070612
RMR*IK*448920070613*PI*6.2*6.2*0
REF*PO*0020070614
REF*ST*04489
REF*DP*043
DTM*999*20070613
RMR*IK*471720070607*PI*215.2*215.2*0
REF*PO*0020070608
REF*ST*04717
REF*DP*043
DTM*999*20070607
RMR*IK*471720070608*PI*350.45*350.45*0
REF*PO*0020070609
REF*ST*04717
REF*DP*043
DTM*999*20070608
RMR*IK*471720070609*PI*378.95*378.95*0
REF*PO*0020070610
REF*ST*04717
REF*DP*043
DTM*999*20070609
RMR*IK*471720070610*PI*370.5*370.5*0
REF*PO*0020070611
REF*ST*04717
REF*DP*043
DTM*999*20070610
RMR*IK*471720070611*PI*309.55*309.55*0
REF*PO*0020070612
REF*ST*04717
REF*DP*043
DTM*999*20070611
RMR*IK*471720070612*PI*253.9*253.9*0
REF*PO*0020070613
REF*ST*04717
REF*DP*043
DTM*999*20070612
RMR*IK*471720070613*PI*298.65*298.65*0
REF*PO*0020070614
REF*ST*04717
REF*DP*043
DTM*999*20070613
RMR*IK*471720070613*PI*157.5*157.5*0
REF*PO*0020070615
REF*ST*04717
REF*DP*043
DTM*999*20070613
RMR*IK*471920070607*PI*308.65*308.65*0
REF*PO*0020070608
REF*ST*04719
REF*DP*043
DTM*999*20070607
RMR*IK*471920070608*PI*384.55*384.55*0
REF*PO*0020070609
REF*ST*04719
REF*DP*043
DTM*999*20070608
RMR*IK*471920070609*PI*339.3*339.3*0
REF*PO*0020070610
REF*ST*04719
REF*DP*043
DTM*999*20070609
RMR*IK*471920070610*PI*195.7*195.7*0
REF*PO*0020070611
REF*ST*04719
REF*DP*043
DTM*999*20070610
RMR*IK*471920070611*PI*105.35*105.35*0
REF*PO*0020070612
REF*ST*04719
REF*DP*043
DTM*999*20070611
RMR*IK*471920070612*PI*178.8*178.8*0
REF*PO*0020070613
REF*ST*04719
REF*DP*043
DTM*999*20070612
RMR*IK*471920070613*PI*452.85*452.85*0
REF*PO*0020070614
REF*ST*04719
REF*DP*043
DTM*999*20070613
RMR*IK*472320070607*PI*16.85*16.85*0
REF*PO*0020070608
REF*ST*04723
REF*DP*043
DTM*999*20070607
RMR*IK*472320070608*PI*31.15*31.15*0
REF*PO*0020070609
REF*ST*04723
REF*DP*043
DTM*999*20070608
RMR*IK*472320070609*PI*15.35*15.35*0
REF*PO*0020070610
REF*ST*04723
REF*DP*043
DTM*999*20070609
RMR*IK*472320070610*PI*2.05*2.05*0
REF*PO*0020070611
REF*ST*04723
REF*DP*043
DTM*999*20070610
RMR*IK*472320070611*PI*5.75*5.75*0
REF*PO*0020070612
REF*ST*04723
REF*DP*043
DTM*999*20070611
RMR*IK*472320070612*PI*3.5*3.5*0
REF*PO*0020070613
REF*ST*04723
REF*DP*043
DTM*999*20070612
RMR*IK*472320070613*PI*10.25*10.25*0
REF*PO*0020070614
REF*ST*04723
REF*DP*043
DTM*999*20070613
RMR*IK*473920070607*PI*88.05*88.05*0
REF*PO*0020070608
REF*ST*04739
REF*DP*043
DTM*999*20070607
RMR*IK*473920070608*PI*138*138*0
REF*PO*0020070609
REF*ST*04739
REF*DP*043
DTM*999*20070608
RMR*IK*473920070609*PI*72.7*72.7*0
REF*PO*0020070610
REF*ST*04739
REF*DP*043
DTM*999*20070609
RMR*IK*473920070610*PI*91.55*91.55*0
REF*PO*0020070611
REF*ST*04739
REF*DP*043
DTM*999*20070610
RMR*IK*473920070611*PI*39.7*39.7*0
REF*PO*0020070612
REF*ST*04739
REF*DP*043
DTM*999*20070611
RMR*IK*473920070612*PI*112.4*112.4*0
REF*PO*0020070613
REF*ST*04739
REF*DP*043
DTM*999*20070612
RMR*IK*473920070613*PI*51.35*51.35*0
REF*PO*0020070614
REF*ST*04739
REF*DP*043
DTM*999*20070613
RMR*IK*475320070607*PI*83.9*83.9*0
REF*PO*0020070608
REF*ST*04753
REF*DP*043
DTM*999*20070607
RMR*IK*475320070608*PI*37.4*37.4*0
REF*PO*0020070609
REF*ST*04753
REF*DP*043
DTM*999*20070608
RMR*IK*475320070609*PI*111.6*111.6*0
REF*PO*0020070610
REF*ST*04753
REF*DP*043
DTM*999*20070609
RMR*IK*475320070610*PI*104.7*104.7*0
REF*PO*0020070611
REF*ST*04753
REF*DP*043
DTM*999*20070610
RMR*IK*475320070611*PI*51*51*0
REF*PO*0020070612
REF*ST*04753
REF*DP*043
DTM*999*20070611
RMR*IK*475320070612*PI*59.15*59.15*0
REF*PO*0020070613
REF*ST*04753
REF*DP*043
DTM*999*20070612
RMR*IK*475320070613*PI*34.8*34.8*0
REF*PO*0020070614
REF*ST*04753
REF*DP*043
DTM*999*20070613
RMR*IK*476020070607*PI*14.15*14.15*0
REF*PO*0020070608
REF*ST*04760
REF*DP*043
DTM*999*20070607
RMR*IK*476020070608*PI*50.15*50.15*0
REF*PO*0020070609
REF*ST*04760
REF*DP*043
DTM*999*20070608
RMR*IK*476020070609*PI*19.85*19.85*0
REF*PO*0020070610
REF*ST*04760
REF*DP*043
DTM*999*20070609
RMR*IK*476020070610*PI*4.95*4.95*0
REF*PO*0020070611
REF*ST*04760
REF*DP*043
DTM*999*20070610
RMR*IK*476020070611*PI*17.75*17.75*0
REF*PO*0020070612
REF*ST*04760
REF*DP*043
DTM*999*20070611
RMR*IK*476020070612*PI*2.35*2.35*0
REF*PO*0020070613
REF*ST*04760
REF*DP*043
DTM*999*20070612
RMR*IK*476020070613*PI*15*15*0
REF*PO*0020070614
REF*ST*04760
REF*DP*043
DTM*999*20070613
RMR*IK*476020070628*PI*-7.5*-7.5*0
REF*PO*0020070630
REF*ST*04760
REF*DP*043
DTM*999*20070628
RMR*IK*476920070607*PI*22.5*22.5*0
REF*PO*0020070608
REF*ST*04769
REF*DP*043
DTM*999*20070607
RMR*IK*476920070608*PI*15.8*15.8*0
REF*PO*0020070609
REF*ST*04769
REF*DP*043
DTM*999*20070608
RMR*IK*476920070609*PI*112.2*112.2*0
REF*PO*0020070610
REF*ST*04769
REF*DP*043
DTM*999*20070609
RMR*IK*476920070610*PI*19.7*19.7*0
REF*PO*0020070611
REF*ST*04769
REF*DP*043
DTM*999*20070610
RMR*IK*476920070612*PI*35.95*35.95*0
REF*PO*0020070613
REF*ST*04769
REF*DP*043
DTM*999*20070612
RMR*IK*476920070613*PI*47*47*0
REF*PO*0020070614
REF*ST*04769
REF*DP*043
DTM*999*20070613
RMR*IK*481720070607*PI*105.35*105.35*0
REF*PO*0020070608
REF*ST*04817
REF*DP*043
DTM*999*20070607
RMR*IK*481720070608*PI*151.25*151.25*0
REF*PO*0020070609
REF*ST*04817
REF*DP*043
DTM*999*20070608
RMR*IK*481720070609*PI*188.1*188.1*0
REF*PO*0020070610
REF*ST*04817
REF*DP*043
DTM*999*20070609
RMR*IK*481720070610*PI*126.25*126.25*0
REF*PO*0020070611
REF*ST*04817
REF*DP*043
DTM*999*20070610
RMR*IK*481720070611*PI*105.7*105.7*0
REF*PO*0020070612
REF*ST*04817
REF*DP*043
DTM*999*20070611
RMR*IK*481720070612*PI*104.7*104.7*0
REF*PO*0020070613
REF*ST*04817
REF*DP*043
DTM*999*20070612
RMR*IK*481720070613*PI*108.1*108.1*0
REF*PO*0020070614
REF*ST*04817
REF*DP*043
DTM*999*20070613
RMR*IK*483520070607*PI*30.1*30.1*0
REF*PO*0020070608
REF*ST*04835
REF*DP*043
DTM*999*20070607
RMR*IK*483520070608*PI*41.3*41.3*0
REF*PO*0020070609
REF*ST*04835
REF*DP*043
DTM*999*20070608
RMR*IK*483520070609*PI*70.45*70.45*0
REF*PO*0020070610
REF*ST*04835
REF*DP*043
DTM*999*20070609
RMR*IK*483520070610*PI*37.9*37.9*0
REF*PO*0020070611
REF*ST*04835
REF*DP*043
DTM*999*20070610
RMR*IK*483520070611*PI*33.55*33.55*0
REF*PO*0020070612
REF*ST*04835
REF*DP*043
DTM*999*20070611
RMR*IK*483520070612*PI*18.65*18.65*0
REF*PO*0020070613
REF*ST*04835
REF*DP*043
DTM*999*20070612
RMR*IK*483520070613*PI*7.6*7.6*0
REF*PO*0020070614
REF*ST*04835
REF*DP*043
DTM*999*20070613
RMR*IK*488320070607*PI*76.15*76.15*0
REF*PO*0020070608
REF*ST*04883
REF*DP*043
DTM*999*20070607
RMR*IK*488320070608*PI*186.6*186.6*0
REF*PO*0020070609
REF*ST*04883
REF*DP*043
DTM*999*20070608
RMR*IK*488320070609*PI*156.85*156.85*0
REF*PO*0020070610
REF*ST*04883
REF*DP*043
DTM*999*20070609
RMR*IK*488320070610*PI*84.6*84.6*0
REF*PO*0020070611
REF*ST*04883
REF*DP*043
DTM*999*20070610
RMR*IK*488320070611*PI*41.25*41.25*0
REF*PO*0020070612
REF*ST*04883
REF*DP*043
DTM*999*20070611
RMR*IK*488320070612*PI*37.05*37.05*0
REF*PO*0020070613
REF*ST*04883
REF*DP*043
DTM*999*20070612
RMR*IK*488320070613*PI*113.25*113.25*0
REF*PO*0020070614
REF*ST*04883
REF*DP*043
DTM*999*20070613
RMR*IK*489820070607*PI*20.05*20.05*0
REF*PO*0020070608
REF*ST*04898
REF*DP*043
DTM*999*20070607
RMR*IK*489820070608*PI*22.15*22.15*0
REF*PO*0020070609
REF*ST*04898
REF*DP*043
DTM*999*20070608
RMR*IK*489820070609*PI*38.95*38.95*0
REF*PO*0020070610
REF*ST*04898
REF*DP*043
DTM*999*20070609
RMR*IK*489820070610*PI*58.3*58.3*0
REF*PO*0020070611
REF*ST*04898
REF*DP*043
DTM*999*20070610
RMR*IK*489820070611*PI*84.5*84.5*0
REF*PO*0020070612
REF*ST*04898
REF*DP*043
DTM*999*20070611
RMR*IK*489820070612*PI*66.5*66.5*0
REF*PO*0020070613
REF*ST*04898
REF*DP*043
DTM*999*20070612
RMR*IK*489820070613*PI*41.05*41.05*0
REF*PO*0020070614
REF*ST*04898
REF*DP*043
DTM*999*20070613
RMR*IK*497020070607*PI*454.95*454.95*0
REF*PO*0020070608
REF*ST*04970
REF*DP*043
DTM*999*20070607
RMR*IK*497020070608*PI*288.25*288.25*0
REF*PO*0020070609
REF*ST*04970
REF*DP*043
DTM*999*20070608
RMR*IK*497020070609*PI*404.3*404.3*0
REF*PO*0020070610
REF*ST*04970
REF*DP*043
DTM*999*20070609
RMR*IK*497020070610*PI*313.35*313.35*0
REF*PO*0020070611
REF*ST*04970
REF*DP*043
DTM*999*20070610
RMR*IK*497020070611*PI*196.95*196.95*0
REF*PO*0020070612
REF*ST*04970
REF*DP*043
DTM*999*20070611
RMR*IK*497020070612*PI*131.2*131.2*0
REF*PO*0020070613
REF*ST*04970
REF*DP*043
DTM*999*20070612
RMR*IK*497020070613*PI*400.8*400.8*0
REF*PO*0020070614
REF*ST*04970
REF*DP*043
DTM*999*20070613
RMR*IK*502320070607*PI*43.45*43.45*0
REF*PO*0020070609
REF*ST*05023
REF*DP*043
DTM*999*20070607
RMR*IK*502320070608*PI*47.4*47.4*0
REF*PO*0020070610
REF*ST*05023
REF*DP*043
DTM*999*20070608
RMR*IK*502320070609*PI*34.2*34.2*0
REF*PO*0020070611
REF*ST*05023
REF*DP*043
DTM*999*20070609
RMR*IK*502320070610*PI*11.95*11.95*0
REF*PO*0020070612
REF*ST*05023
REF*DP*043
DTM*999*20070610
RMR*IK*502320070611*PI*15.65*15.65*0
REF*PO*0020070613
REF*ST*05023
REF*DP*043
DTM*999*20070611
RMR*IK*502320070612*PI*15.6*15.6*0
REF*PO*0020070614
REF*ST*05023
REF*DP*043
DTM*999*20070612
RMR*IK*502320070613*PI*.8*.8*0
REF*PO*0020070615
REF*ST*05023
REF*DP*043
DTM*999*20070613
RMR*IK*506620070607*PI*11.55*11.55*0
REF*PO*0020070609
REF*ST*05066
REF*DP*043
DTM*999*20070607
RMR*IK*506620070609*PI*11.25*11.25*0
REF*PO*0020070611
REF*ST*05066
REF*DP*043
DTM*999*20070609
RMR*IK*506620070613*PI*3*3*0
REF*PO*0020070615
REF*ST*05066
REF*DP*043
DTM*999*20070613
RMR*IK*507020070607*PI*100.75*100.75*0
REF*PO*0020070609
REF*ST*05070
REF*DP*043
DTM*999*20070607
RMR*IK*507020070608*PI*117.35*117.35*0
REF*PO*0020070610
REF*ST*05070
REF*DP*043
DTM*999*20070608
RMR*IK*507020070609*PI*120.55*120.55*0
REF*PO*0020070611
REF*ST*05070
REF*DP*043
DTM*999*20070609
RMR*IK*507020070610*PI*29.6*29.6*0
REF*PO*0020070612
REF*ST*05070
REF*DP*043
DTM*999*20070610
RMR*IK*507020070611*PI*56.15*56.15*0
REF*PO*0020070614
REF*ST*05070
REF*DP*043
DTM*999*20070611
RMR*IK*507020070613*PI*55.25*55.25*0
REF*PO*0020070615
REF*ST*05070
REF*DP*043
DTM*999*20070613
RMR*IK*507720070607*PI*11.05*11.05*0
REF*PO*0020070609
REF*ST*05077
REF*DP*043
DTM*999*20070607
RMR*IK*507720070608*PI*14*14*0
REF*PO*0020070610
REF*ST*05077
REF*DP*043
DTM*999*20070608
RMR*IK*507720070609*PI*22.75*22.75*0
REF*PO*0020070611
REF*ST*05077
REF*DP*043
DTM*999*20070609
RMR*IK*507720070610*PI*17.4*17.4*0
REF*PO*0020070612
REF*ST*05077
REF*DP*043
DTM*999*20070610
RMR*IK*507720070613*PI*7.4*7.4*0
REF*PO*0020070615
REF*ST*05077
REF*DP*043
DTM*999*20070613
RMR*IK*702820070607*PI*10.9*10.9*0
REF*PO*0020070608
REF*ST*07028
REF*DP*043
DTM*999*20070607
RMR*IK*702820070608*PI*22*22*0
REF*PO*0020070609
REF*ST*07028
REF*DP*043
DTM*999*20070608
RMR*IK*702820070609*PI*23.4*23.4*0
REF*PO*0020070610
REF*ST*07028
REF*DP*043
DTM*999*20070609
RMR*IK*702820070610*PI*14.1*14.1*0
REF*PO*0020070611
REF*ST*07028
REF*DP*043
DTM*999*20070610
RMR*IK*702820070611*PI*1.1*1.1*0
REF*PO*0020070612
REF*ST*07028
REF*DP*043
DTM*999*20070611
RMR*IK*702820070612*PI*11.55*11.55*0
REF*PO*0020070613
REF*ST*07028
REF*DP*043
DTM*999*20070612
RMR*IK*702820070613*PI*77.75*77.75*0
REF*PO*0020070614
REF*ST*07028
REF*DP*043
DTM*999*20070613
RMR*IK*704520070607*PI*203.65*203.65*0
REF*PO*0020070608
REF*ST*07045
REF*DP*043
DTM*999*20070607
RMR*IK*704520070608*PI*147.7*147.7*0
REF*PO*0020070609
REF*ST*07045
REF*DP*043
DTM*999*20070608
RMR*IK*704520070609*PI*132.55*132.55*0
REF*PO*0020070610
REF*ST*07045
REF*DP*043
DTM*999*20070609
RMR*IK*704520070610*PI*51.4*51.4*0
REF*PO*0020070611
REF*ST*07045
REF*DP*043
DTM*999*20070610
RMR*IK*704520070611*PI*48.55*48.55*0
REF*PO*0020070612
REF*ST*07045
REF*DP*043
DTM*999*20070611
RMR*IK*704520070612*PI*95.5*95.5*0
REF*PO*0020070613
REF*ST*07045
REF*DP*043
DTM*999*20070612
RMR*IK*704520070613*PI*137.7*137.7*0
REF*PO*0020070614
REF*ST*07045
REF*DP*043
DTM*999*20070613
RMR*IK*705920070607*PI*11.4*11.4*0
REF*PO*0020070608
REF*ST*07059
REF*DP*043
DTM*999*20070607
RMR*IK*705920070608*PI*14.15*14.15*0
REF*PO*0020070609
REF*ST*07059
REF*DP*043
DTM*999*20070608
RMR*IK*705920070609*PI*6.1*6.1*0
REF*PO*0020070610
REF*ST*07059
REF*DP*043
DTM*999*20070609
RMR*IK*705920070610*PI*1.25*1.25*0
REF*PO*0020070611
REF*ST*07059
REF*DP*043
DTM*999*20070610
RMR*IK*705920070611*PI*4.3*4.3*0
REF*PO*0020070612
REF*ST*07059
REF*DP*043
DTM*999*20070611
RMR*IK*705920070613*PI*15*15*0
REF*PO*0020070614
REF*ST*07059
REF*DP*043
DTM*999*20070613
RMR*IK*706420070607*PI*20.25*20.25*0
REF*PO*0020070608
REF*ST*07064
REF*DP*043
DTM*999*20070607
RMR*IK*706420070608*PI*32.4*32.4*0
REF*PO*0020070609
REF*ST*07064
REF*DP*043
DTM*999*20070608
RMR*IK*706420070609*PI*29*29*0
REF*PO*0020070610
REF*ST*07064
REF*DP*043
DTM*999*20070609
RMR*IK*706420070610*PI*72*72*0
REF*PO*0020070611
REF*ST*07064
REF*DP*043
DTM*999*20070610
RMR*IK*706420070611*PI*27.4*27.4*0
REF*PO*0020070612
REF*ST*07064
REF*DP*043
DTM*999*20070611
RMR*IK*706420070612*PI*34.5*34.5*0
REF*PO*0020070613
REF*ST*07064
REF*DP*043
DTM*999*20070612
RMR*IK*706420070613*PI*12.05*12.05*0
REF*PO*0020070614
REF*ST*07064
REF*DP*043
DTM*999*20070613
RMR*IK*706620070607*PI*92.15*92.15*0
REF*PO*0020070608
REF*ST*07066
REF*DP*043
DTM*999*20070607
RMR*IK*706620070608*PI*202.45*202.45*0
REF*PO*0020070609
REF*ST*07066
REF*DP*043
DTM*999*20070608
RMR*IK*706620070609*PI*243.95*243.95*0
REF*PO*0020070610
REF*ST*07066
REF*DP*043
DTM*999*20070609
RMR*IK*706620070610*PI*210.4*210.4*0
REF*PO*0020070611
REF*ST*07066
REF*DP*043
DTM*999*20070610
RMR*IK*706620070611*PI*152.55*152.55*0
REF*PO*0020070612
REF*ST*07066
REF*DP*043
DTM*999*20070611
RMR*IK*706620070612*PI*59.9*59.9*0
REF*PO*0020070613
REF*ST*07066
REF*DP*043
DTM*999*20070612
RMR*IK*706620070613*PI*94.65*94.65*0
REF*PO*0020070614
REF*ST*07066
REF*DP*043
DTM*999*20070613
RMR*IK*706920070607*PI*16.65*16.65*0
REF*PO*0020070608
REF*ST*07069
REF*DP*043
DTM*999*20070607
RMR*IK*706920070608*PI*58.05*58.05*0
REF*PO*0020070609
REF*ST*07069
REF*DP*043
DTM*999*20070608
RMR*IK*706920070609*PI*83.85*83.85*0
REF*PO*0020070610
REF*ST*07069
REF*DP*043
DTM*999*20070609
RMR*IK*706920070610*PI*98.2*98.2*0
REF*PO*0020070611
REF*ST*07069
REF*DP*043
DTM*999*20070610
RMR*IK*706920070611*PI*58.1*58.1*0
REF*PO*0020070612
REF*ST*07069
REF*DP*043
DTM*999*20070611
RMR*IK*706920070612*PI*83.95*83.95*0
REF*PO*0020070613
REF*ST*07069
REF*DP*043
DTM*999*20070612
RMR*IK*706920070613*PI*121.1*121.1*0
REF*PO*0020070614
REF*ST*07069
REF*DP*043
DTM*999*20070613
RMR*IK*707620070607*PI*225.65*225.65*0
REF*PO*0020070608
REF*ST*07076
REF*DP*043
DTM*999*20070607
RMR*IK*707620070608*PI*222.75*222.75*0
REF*PO*0020070609
REF*ST*07076
REF*DP*043
DTM*999*20070608
RMR*IK*707620070609*PI*340.75*340.75*0
REF*PO*0020070610
REF*ST*07076
REF*DP*043
DTM*999*20070609
RMR*IK*707620070610*PI*132.15*132.15*0
REF*PO*0020070611
REF*ST*07076
REF*DP*043
DTM*999*20070610
RMR*IK*707620070611*PI*150.65*150.65*0
REF*PO*0020070612
REF*ST*07076
REF*DP*043
DTM*999*20070611
RMR*IK*707620070612*PI*180.5*180.5*0
REF*PO*0020070613
REF*ST*07076
REF*DP*043
DTM*999*20070612
RMR*IK*707620070613*PI*152.6*152.6*0
REF*PO*0020070614
REF*ST*07076
REF*DP*043
DTM*999*20070613
RMR*IK*707620070703*PI*-3*-3*0
REF*PO*0020070705
REF*ST*07076
REF*DP*043
DTM*999*20070703
RMR*IK*713220070607*PI*281.6*281.6*0
REF*PO*0020070608
REF*ST*07132
REF*DP*043
DTM*999*20070607
RMR*IK*713220070608*PI*178.3*178.3*0
REF*PO*0020070609
REF*ST*07132
REF*DP*043
DTM*999*20070608
RMR*IK*713220070609*PI*316.15*316.15*0
REF*PO*0020070610
REF*ST*07132
REF*DP*043
DTM*999*20070609
RMR*IK*713220070610*PI*161.55*161.55*0
REF*PO*0020070611
REF*ST*07132
REF*DP*043
DTM*999*20070610
RMR*IK*713220070611*PI*181.8*181.8*0
REF*PO*0020070612
REF*ST*07132
REF*DP*043
DTM*999*20070611
RMR*IK*713220070612*PI*284.65*284.65*0
REF*PO*0020070613
REF*ST*07132
REF*DP*043
DTM*999*20070612
RMR*IK*713220070613*PI*165.3*165.3*0
REF*PO*0020070614
REF*ST*07132
REF*DP*043
DTM*999*20070613
RMR*IK*714620070607*PI*141.9*141.9*0
REF*PO*0020070608
REF*ST*07146
REF*DP*043
DTM*999*20070607
RMR*IK*714620070608*PI*54.5*54.5*0
REF*PO*0020070609
REF*ST*07146
REF*DP*043
DTM*999*20070608
RMR*IK*714620070609*PI*97*97*0
REF*PO*0020070610
REF*ST*07146
REF*DP*043
DTM*999*20070609
RMR*IK*714620070610*PI*51.4*51.4*0
REF*PO*0020070611
REF*ST*07146
REF*DP*043
DTM*999*20070610
RMR*IK*714620070611*PI*93.05*93.05*0
REF*PO*0020070612
REF*ST*07146
REF*DP*043
DTM*999*20070611
RMR*IK*714620070612*PI*17*17*0
REF*PO*0020070613
REF*ST*07146
REF*DP*043
DTM*999*20070612
RMR*IK*714620070613*PI*155.05*155.05*0
REF*PO*0020070614
REF*ST*07146
REF*DP*043
DTM*999*20070613
RMR*IK*715420070607*PI*15.15*15.15*0
REF*PO*0020070608
REF*ST*07154
REF*DP*043
DTM*999*20070607
RMR*IK*715420070608*PI*1.25*1.25*0
REF*PO*0020070609
REF*ST*07154
REF*DP*043
DTM*999*20070608
RMR*IK*715420070609*PI*21.5*21.5*0
REF*PO*0020070610
REF*ST*07154
REF*DP*043
DTM*999*20070609
RMR*IK*715420070610*PI*36.5*36.5*0
REF*PO*0020070611
REF*ST*07154
REF*DP*043
DTM*999*20070610
RMR*IK*715420070611*PI*27.85*27.85*0
REF*PO*0020070612
REF*ST*07154
REF*DP*043
DTM*999*20070611
RMR*IK*715420070612*PI*17.6*17.6*0
REF*PO*0020070613
REF*ST*07154
REF*DP*043
DTM*999*20070612
RMR*IK*715420070613*PI*2.35*2.35*0
REF*PO*0020070614
REF*ST*07154
REF*DP*043
DTM*999*20070613
RMR*IK*718420070607*PI*212.6*212.6*0
REF*PO*0020070608
REF*ST*07184
REF*DP*043
DTM*999*20070607
RMR*IK*718420070608*PI*248.1*248.1*0
REF*PO*0020070609
REF*ST*07184
REF*DP*043
DTM*999*20070608
RMR*IK*718420070609*PI*354.45*354.45*0
REF*PO*0020070610
REF*ST*07184
REF*DP*043
DTM*999*20070609
RMR*IK*718420070610*PI*299.45*299.45*0
REF*PO*0020070611
REF*ST*07184
REF*DP*043
DTM*999*20070610
RMR*IK*718420070611*PI*142.9*142.9*0
REF*PO*0020070612
REF*ST*07184
REF*DP*043
DTM*999*20070611
RMR*IK*718420070612*PI*104.8*104.8*0
REF*PO*0020070613
REF*ST*07184
REF*DP*043
DTM*999*20070612
RMR*IK*718420070613*PI*241.25*241.25*0
REF*PO*0020070614
REF*ST*07184
REF*DP*043
DTM*999*20070613
RMR*IK*725520070607*PI*187*187*0
REF*PO*0020070608
REF*ST*07255
REF*DP*043
DTM*999*20070607
RMR*IK*725520070608*PI*437.55*437.55*0
REF*PO*0020070609
REF*ST*07255
REF*DP*043
DTM*999*20070608
RMR*IK*725520070609*PI*772.8*772.8*0
REF*PO*0020070610
REF*ST*07255
REF*DP*043
DTM*999*20070609
RMR*IK*725520070610*PI*345*345*0
REF*PO*0020070611
REF*ST*07255
REF*DP*043
DTM*999*20070610
RMR*IK*725520070611*PI*492.75*492.75*0
REF*PO*0020070612
REF*ST*07255
REF*DP*043
DTM*999*20070611
RMR*IK*725520070612*PI*314*314*0
REF*PO*0020070613
REF*ST*07255
REF*DP*043
DTM*999*20070612
RMR*IK*725520070613*PI*437.95*437.95*0
REF*PO*0020070614
REF*ST*07255
REF*DP*043
DTM*999*20070613
RMR*IK*735420070607*PI*113.65*113.65*0
REF*PO*0020070608
REF*ST*07354
REF*DP*043
DTM*999*20070607
RMR*IK*735420070608*PI*52.75*52.75*0
REF*PO*0020070609
REF*ST*07354
REF*DP*043
DTM*999*20070608
RMR*IK*735420070609*PI*251.5*251.5*0
REF*PO*0020070610
REF*ST*07354
REF*DP*043
DTM*999*20070609
RMR*IK*735420070610*PI*211.2*211.2*0
REF*PO*0020070611
REF*ST*07354
REF*DP*043
DTM*999*20070610
RMR*IK*735420070611*PI*209.1*209.1*0
REF*PO*0020070612
REF*ST*07354
REF*DP*043
DTM*999*20070611
RMR*IK*735420070612*PI*190*190*0
REF*PO*0020070613
REF*ST*07354
REF*DP*043
DTM*999*20070612
RMR*IK*735420070613*PI*127.35*127.35*0
REF*PO*0020070614
REF*ST*07354
REF*DP*043
DTM*999*20070613
RMR*IK*735820070607*PI*463.8*463.8*0
REF*PO*0020070608
REF*ST*07358
REF*DP*043
DTM*999*20070607
RMR*IK*735820070608*PI*509.05*509.05*0
REF*PO*0020070609
REF*ST*07358
REF*DP*043
DTM*999*20070608
RMR*IK*735820070609*PI*869.2*869.2*0
REF*PO*0020070610
REF*ST*07358
REF*DP*043
DTM*999*20070609
RMR*IK*735820070610*PI*588.6*588.6*0
REF*PO*0020070611
REF*ST*07358
REF*DP*043
DTM*999*20070610
RMR*IK*735820070611*PI*457.4*457.4*0
REF*PO*0020070612
REF*ST*07358
REF*DP*043
DTM*999*20070611
RMR*IK*735820070612*PI*341.55*341.55*0
REF*PO*0020070613
REF*ST*07358
REF*DP*043
DTM*999*20070612
RMR*IK*735820070613*PI*644.2*644.2*0
REF*PO*0020070614
REF*ST*07358
REF*DP*043
DTM*999*20070613
RMR*IK*736020070608*PI*14.75*14.75*0
REF*PO*0020070609
REF*ST*07360
REF*DP*043
DTM*999*20070608
RMR*IK*736020070609*PI*7.7*7.7*0
REF*PO*0020070610
REF*ST*07360
REF*DP*043
DTM*999*20070609
RMR*IK*736020070610*PI*16.8*16.8*0
REF*PO*0020070611
REF*ST*07360
REF*DP*043
DTM*999*20070610
RMR*IK*736020070611*PI*1.9*1.9*0
REF*PO*0020070612
REF*ST*07360
REF*DP*043
DTM*999*20070611
RMR*IK*736020070612*PI*.55*.55*0
REF*PO*0020070613
REF*ST*07360
REF*DP*043
DTM*999*20070612
RMR*IK*736020070613*PI*19.1*19.1*0
REF*PO*0020070614
REF*ST*07360
REF*DP*043
DTM*999*20070613
RMR*IK*736220070607*PI*17.95*17.95*0
REF*PO*0020070608
REF*ST*07362
REF*DP*043
DTM*999*20070607
RMR*IK*736220070608*PI*57.35*57.35*0
REF*PO*0020070609
REF*ST*07362
REF*DP*043
DTM*999*20070608
RMR*IK*736220070609*PI*62.95*62.95*0
REF*PO*0020070610
REF*ST*07362
REF*DP*043
DTM*999*20070609
RMR*IK*736220070610*PI*47.15*47.15*0
REF*PO*0020070611
REF*ST*07362
REF*DP*043
DTM*999*20070610
RMR*IK*736220070611*PI*37.5*37.5*0
REF*PO*0020070612
REF*ST*07362
REF*DP*043
DTM*999*20070611
RMR*IK*736220070612*PI*30.3*30.3*0
REF*PO*0020070613
REF*ST*07362
REF*DP*043
DTM*999*20070612
RMR*IK*736220070613*PI*23.8*23.8*0
REF*PO*0020070614
REF*ST*07362
REF*DP*043
DTM*999*20070613
RMR*IK*738820070608*PI*12.6*12.6*0
REF*PO*0020070609
REF*ST*07388
REF*DP*043
DTM*999*20070608
RMR*IK*738820070609*PI*25.75*25.75*0
REF*PO*0020070610
REF*ST*07388
REF*DP*043
DTM*999*20070609
RMR*IK*738820070610*PI*11.1*11.1*0
REF*PO*0020070611
REF*ST*07388
REF*DP*043
DTM*999*20070610
RMR*IK*738820070611*PI*4.65*4.65*0
REF*PO*0020070612
REF*ST*07388
REF*DP*043
DTM*999*20070611
RMR*IK*738820070612*PI*27.15*27.15*0
REF*PO*0020070613
REF*ST*07388
REF*DP*043
DTM*999*20070612
RMR*IK*738820070613*PI*10.8*10.8*0
REF*PO*0020070614
REF*ST*07388
REF*DP*043
DTM*999*20070613
RMR*IK*739720070607*PI*10.5*10.5*0
REF*PO*0020070608
REF*ST*07397
REF*DP*043
DTM*999*20070607
RMR*IK*739720070608*PI*10.5*10.5*0
REF*PO*0020070609
REF*ST*07397
REF*DP*043
DTM*999*20070608
RMR*IK*739720070609*PI*5.25*5.25*0
REF*PO*0020070610
REF*ST*07397
REF*DP*043
DTM*999*20070609
RMR*IK*739720070610*PI*21*21*0
REF*PO*0020070611
REF*ST*07397
REF*DP*043
DTM*999*20070610
RMR*IK*739720070611*PI*10.5*10.5*0
REF*PO*0020070612
REF*ST*07397
REF*DP*043
DTM*999*20070611
RMR*IK*739720070612*PI*10.5*10.5*0
REF*PO*0020070613
REF*ST*07397
REF*DP*043
DTM*999*20070612
RMR*IK*739720070613*PI*5.25*5.25*0
REF*PO*0020070614
REF*ST*07397
REF*DP*043
DTM*999*20070613
RMR*IK*743720070607*PI*12.25*12.25*0
REF*PO*0020070608
REF*ST*07437
REF*DP*043
DTM*999*20070607
RMR*IK*743720070608*PI*1.3*1.3*0
REF*PO*0020070609
REF*ST*07437
REF*DP*043
DTM*999*20070608
RMR*IK*743720070609*PI*26.1*26.1*0
REF*PO*0020070610
REF*ST*07437
REF*DP*043
DTM*999*20070609
RMR*IK*743720070610*PI*35.15*35.15*0
REF*PO*0020070611
REF*ST*07437
REF*DP*043
DTM*999*20070610
RMR*IK*743720070611*PI*21.3*21.3*0
REF*PO*0020070612
REF*ST*07437
REF*DP*043
DTM*999*20070611
RMR*IK*743720070612*PI*38.65*38.65*0
REF*PO*0020070613
REF*ST*07437
REF*DP*043
DTM*999*20070612
RMR*IK*743720070613*PI*55.7*55.7*0
REF*PO*0020070614
REF*ST*07437
REF*DP*043
DTM*999*20070613
RMR*IK*746020070607*PI*89*89*0
REF*PO*0020070608
REF*ST*07460
REF*DP*043
DTM*999*20070607
RMR*IK*746020070608*PI*165.2*165.2*0
REF*PO*0020070609
REF*ST*07460
REF*DP*043
DTM*999*20070608
RMR*IK*746020070609*PI*364.55*364.55*0
REF*PO*0020070610
REF*ST*07460
REF*DP*043
DTM*999*20070609
RMR*IK*746020070610*PI*105.65*105.65*0
REF*PO*0020070611
REF*ST*07460
REF*DP*043
DTM*999*20070610
RMR*IK*746020070611*PI*123.6*123.6*0
REF*PO*0020070612
REF*ST*07460
REF*DP*043
DTM*999*20070611
RMR*IK*746020070612*PI*73.85*73.85*0
REF*PO*0020070613
REF*ST*07460
REF*DP*043
DTM*999*20070612
RMR*IK*746020070613*PI*114.35*114.35*0
REF*PO*0020070614
REF*ST*07460
REF*DP*043
DTM*999*20070613
RMR*IK*746120070607*PI*123.55*123.55*0
REF*PO*0020070608
REF*ST*07461
REF*DP*043
DTM*999*20070607
RMR*IK*746120070608*PI*105.6*105.6*0
REF*PO*0020070609
REF*ST*07461
REF*DP*043
DTM*999*20070608
RMR*IK*746120070609*PI*202.95*202.95*0
REF*PO*0020070610
REF*ST*07461
REF*DP*043
DTM*999*20070609
RMR*IK*746120070610*PI*135.45*135.45*0
REF*PO*0020070611
REF*ST*07461
REF*DP*043
DTM*999*20070610
RMR*IK*746120070611*PI*70.55*70.55*0
REF*PO*0020070612
REF*ST*07461
REF*DP*043
DTM*999*20070611
RMR*IK*746120070612*PI*89.25*89.25*0
REF*PO*0020070613
REF*ST*07461
REF*DP*043
DTM*999*20070612
RMR*IK*746120070613*PI*47.65*47.65*0
REF*PO*0020070614
REF*ST*07461
REF*DP*043
DTM*999*20070613
RMR*IK*747720070607*PI*10.5*10.5*0
REF*PO*0020070608
REF*ST*07477
REF*DP*043
DTM*999*20070607
RMR*IK*747720070608*PI*10.5*10.5*0
REF*PO*0020070609
REF*ST*07477
REF*DP*043
DTM*999*20070608
RMR*IK*747720070609*PI*10.5*10.5*0
REF*PO*0020070610
REF*ST*07477
REF*DP*043
DTM*999*20070609
RMR*IK*747720070610*PI*5.25*5.25*0
REF*PO*0020070611
REF*ST*07477
REF*DP*043
DTM*999*20070610
RMR*IK*747720070611*PI*10.5*10.5*0
REF*PO*0020070612
REF*ST*07477
REF*DP*043
DTM*999*20070611
RMR*IK*747720070612*PI*36.75*36.75*0
REF*PO*0020070613
REF*ST*07477
REF*DP*043
DTM*999*20070612
RMR*IK*747720070613*PI*10.5*10.5*0
REF*PO*0020070614
REF*ST*07477
REF*DP*043
DTM*999*20070613
RMR*IK*755820070607*PI*45.6*45.6*0
REF*PO*0020070608
REF*ST*07558
REF*DP*043
DTM*999*20070607
RMR*IK*755820070608*PI*81.4*81.4*0
REF*PO*0020070609
REF*ST*07558
REF*DP*043
DTM*999*20070608
RMR*IK*755820070609*PI*25.25*25.25*0
REF*PO*0020070610
REF*ST*07558
REF*DP*043
DTM*999*20070609
RMR*IK*755820070610*PI*9*9*0
REF*PO*0020070611
REF*ST*07558
REF*DP*043
DTM*999*20070610
RMR*IK*755820070611*PI*9.7*9.7*0
REF*PO*0020070612
REF*ST*07558
REF*DP*043
DTM*999*20070611
RMR*IK*755820070612*PI*13.7*13.7*0
REF*PO*0020070613
REF*ST*07558
REF*DP*043
DTM*999*20070612
RMR*IK*755820070613*PI*16.2*16.2*0
REF*PO*0020070614
REF*ST*07558
REF*DP*043
DTM*999*20070613
RMR*IK*760720070607*PI*166.65*166.65*0
REF*PO*0020070608
REF*ST*07607
REF*DP*043
DTM*999*20070607
RMR*IK*760720070608*PI*228.95*228.95*0
REF*PO*0020070609
REF*ST*07607
REF*DP*043
DTM*999*20070608
RMR*IK*760720070609*PI*396*396*0
REF*PO*0020070610
REF*ST*07607
REF*DP*043
DTM*999*20070609
RMR*IK*760720070610*PI*277.2*277.2*0
REF*PO*0020070611
REF*ST*07607
REF*DP*043
DTM*999*20070610
RMR*IK*760720070611*PI*295.9*295.9*0
REF*PO*0020070612
REF*ST*07607
REF*DP*043
DTM*999*20070611
RMR*IK*760720070612*PI*429.1*429.1*0
REF*PO*0020070613
REF*ST*07607
REF*DP*043
DTM*999*20070612
RMR*IK*760720070613*PI*374.8*374.8*0
REF*PO*0020070614
REF*ST*07607
REF*DP*043
DTM*999*20070613
RMR*IK*761020070607*PI*152.25*152.25*0
REF*PO*0020070608
REF*ST*07610
REF*DP*043
DTM*999*20070607
RMR*IK*761020070608*PI*198.65*198.65*0
REF*PO*0020070609
REF*ST*07610
REF*DP*043
DTM*999*20070608
RMR*IK*761020070609*PI*192.35*192.35*0
REF*PO*0020070610
REF*ST*07610
REF*DP*043
DTM*999*20070609
RMR*IK*761020070610*PI*122.45*122.45*0
REF*PO*0020070611
REF*ST*07610
REF*DP*043
DTM*999*20070610
RMR*IK*761020070611*PI*78.25*78.25*0
REF*PO*0020070612
REF*ST*07610
REF*DP*043
DTM*999*20070611
RMR*IK*761020070612*PI*79.55*79.55*0
REF*PO*0020070613
REF*ST*07610
REF*DP*043
DTM*999*20070612
RMR*IK*761020070613*PI*64.95*64.95*0
REF*PO*0020070614
REF*ST*07610
REF*DP*043
DTM*999*20070613
RMR*IK*762920070607*PI*155.15*155.15*0
REF*PO*0020070608
REF*ST*07629
REF*DP*043
DTM*999*20070607
RMR*IK*762920070608*PI*118.85*118.85*0
REF*PO*0020070609
REF*ST*07629
REF*DP*043
DTM*999*20070608
RMR*IK*762920070609*PI*144.75*144.75*0
REF*PO*0020070610
REF*ST*07629
REF*DP*043
DTM*999*20070609
RMR*IK*762920070610*PI*68.45*68.45*0
REF*PO*0020070611
REF*ST*07629
REF*DP*043
DTM*999*20070610
RMR*IK*762920070611*PI*33.25*33.25*0
REF*PO*0020070612
REF*ST*07629
REF*DP*043
DTM*999*20070611
RMR*IK*762920070612*PI*47.3*47.3*0
REF*PO*0020070613
REF*ST*07629
REF*DP*043
DTM*999*20070612
RMR*IK*762920070613*PI*77.9*77.9*0
REF*PO*0020070614
REF*ST*07629
REF*DP*043
DTM*999*20070613
RMR*IK*763720070607*PI*2.7*2.7*0
REF*PO*0020070608
REF*ST*07637
REF*DP*043
DTM*999*20070607
RMR*IK*763720070608*PI*21.6*21.6*0
REF*PO*0020070609
REF*ST*07637
REF*DP*043
DTM*999*20070608
RMR*IK*763720070610*PI*.9*.9*0
REF*PO*0020070611
REF*ST*07637
REF*DP*043
DTM*999*20070610
RMR*IK*763720070611*PI*7.15*7.15*0
REF*PO*0020070612
REF*ST*07637
REF*DP*043
DTM*999*20070611
RMR*IK*763720070612*PI*3.9*3.9*0
REF*PO*0020070613
REF*ST*07637
REF*DP*043
DTM*999*20070612
RMR*IK*763720070613*PI*9.2*9.2*0
REF*PO*0020070614
REF*ST*07637
REF*DP*043
DTM*999*20070613
RMR*IK*771820070607*PI*133.8*133.8*0
REF*PO*0020070608
REF*ST*07718
REF*DP*043
DTM*999*20070607
RMR*IK*771820070608*PI*179.15*179.15*0
REF*PO*0020070609
REF*ST*07718
REF*DP*043
DTM*999*20070608
RMR*IK*771820070609*PI*257.5*257.5*0
REF*PO*0020070610
REF*ST*07718
REF*DP*043
DTM*999*20070609
RMR*IK*771820070610*PI*160.75*160.75*0
REF*PO*0020070611
REF*ST*07718
REF*DP*043
DTM*999*20070610
RMR*IK*771820070611*PI*74.05*74.05*0
REF*PO*0020070612
REF*ST*07718
REF*DP*043
DTM*999*20070611
RMR*IK*771820070612*PI*63.25*63.25*0
REF*PO*0020070613
REF*ST*07718
REF*DP*043
DTM*999*20070612
RMR*IK*771820070613*PI*125*125*0
REF*PO*0020070614
REF*ST*07718
REF*DP*043
DTM*999*20070613
RMR*IK*771920070607*PI*85.35*85.35*0
REF*PO*0020070608
REF*ST*07719
REF*DP*043
DTM*999*20070607
RMR*IK*771920070608*PI*26.45*26.45*0
REF*PO*0020070609
REF*ST*07719
REF*DP*043
DTM*999*20070608
RMR*IK*771920070609*PI*36.8*36.8*0
REF*PO*0020070610
REF*ST*07719
REF*DP*043
DTM*999*20070609
RMR*IK*771920070610*PI*36.6*36.6*0
REF*PO*0020070611
REF*ST*07719
REF*DP*043
DTM*999*20070610
RMR*IK*771920070611*PI*54.4*54.4*0
REF*PO*0020070612
REF*ST*07719
REF*DP*043
DTM*999*20070611
RMR*IK*771920070612*PI*17.8*17.8*0
REF*PO*0020070613
REF*ST*07719
REF*DP*043
DTM*999*20070612
RMR*IK*771920070613*PI*12.95*12.95*0
REF*PO*0020070614
REF*ST*07719
REF*DP*043
DTM*999*20070613
RMR*IK*921720070607*PI*1.25*1.25*0
REF*PO*0020070608
REF*ST*09217
REF*DP*043
DTM*999*20070607
RMR*IK*921720070608*PI*12.65*12.65*0
REF*PO*0020070609
REF*ST*09217
REF*DP*043
DTM*999*20070608
RMR*IK*921720070609*PI*14.3*14.3*0
REF*PO*0020070610
REF*ST*09217
REF*DP*043
DTM*999*20070609
RMR*IK*921720070611*PI*9.8*9.8*0
REF*PO*0020070612
REF*ST*09217
REF*DP*043
DTM*999*20070611
RMR*IK*921720070612*PI*8*8*0
REF*PO*0020070613
REF*ST*09217
REF*DP*043
DTM*999*20070612
RMR*IK*921720070613*PI*24.65*24.65*0
REF*PO*0020070614
REF*ST*09217
REF*DP*043
DTM*999*20070613
RMR*IK*951320070607*PI*84.85*84.85*0
REF*PO*0020070608
REF*ST*09513
REF*DP*043
DTM*999*20070607
RMR*IK*951320070608*PI*73.05*73.05*0
REF*PO*0020070609
REF*ST*09513
REF*DP*043
DTM*999*20070608
RMR*IK*951320070609*PI*219.05*219.05*0
REF*PO*0020070610
REF*ST*09513
REF*DP*043
DTM*999*20070609
RMR*IK*951320070610*PI*172.7*172.7*0
REF*PO*0020070611
REF*ST*09513
REF*DP*043
DTM*999*20070610
RMR*IK*951320070611*PI*54.55*54.55*0
REF*PO*0020070612
REF*ST*09513
REF*DP*043
DTM*999*20070611
RMR*IK*951320070612*PI*134.7*134.7*0
REF*PO*0020070613
REF*ST*09513
REF*DP*043
DTM*999*20070612
RMR*IK*951320070613*PI*105.35*105.35*0
REF*PO*0020070614
REF*ST*09513
REF*DP*043
DTM*999*20070613
RMR*IK*956020070607*PI*56.05*56.05*0
REF*PO*0020070608
REF*ST*09560
REF*DP*043
DTM*999*20070607
RMR*IK*956020070608*PI*20.1*20.1*0
REF*PO*0020070609
REF*ST*09560
REF*DP*043
DTM*999*20070608
RMR*IK*956020070609*PI*177.55*177.55*0
REF*PO*0020070610
REF*ST*09560
REF*DP*043
DTM*999*20070609
RMR*IK*956020070610*PI*79.55*79.55*0
REF*PO*0020070611
REF*ST*09560
REF*DP*043
DTM*999*20070610
RMR*IK*956020070611*PI*67.7*67.7*0
REF*PO*0020070612
REF*ST*09560
REF*DP*043
DTM*999*20070611
RMR*IK*956020070612*PI*36.4*36.4*0
REF*PO*0020070613
REF*ST*09560
REF*DP*043
DTM*999*20070612
RMR*IK*956020070613*PI*22.55*22.55*0
REF*PO*0020070614
REF*ST*09560
REF*DP*043
DTM*999*20070613
RMR*IK*957120070607*PI*22.9*22.9*0
REF*PO*0020070608
REF*ST*09571
REF*DP*043
DTM*999*20070607
RMR*IK*957120070608*PI*44.55*44.55*0
REF*PO*0020070609
REF*ST*09571
REF*DP*043
DTM*999*20070608
RMR*IK*957120070609*PI*27.55*27.55*0
REF*PO*0020070610
REF*ST*09571
REF*DP*043
DTM*999*20070609
RMR*IK*957120070610*PI*28.25*28.25*0
REF*PO*0020070611
REF*ST*09571
REF*DP*043
DTM*999*20070610
RMR*IK*957120070611*PI*18*18*0
REF*PO*0020070612
REF*ST*09571
REF*DP*043
DTM*999*20070611
RMR*IK*957120070612*PI*21.85*21.85*0
REF*PO*0020070613
REF*ST*09571
REF*DP*043
DTM*999*20070612
RMR*IK*957120070613*PI*11.5*11.5*0
REF*PO*0020070614
REF*ST*09571
REF*DP*043
DTM*999*20070613
RMR*IK*962020070607*PI*35.3*35.3*0
REF*PO*0020070608
REF*ST*09620
REF*DP*043
DTM*999*20070607
RMR*IK*962020070608*PI*120.55*120.55*0
REF*PO*0020070609
REF*ST*09620
REF*DP*043
DTM*999*20070608
RMR*IK*962020070609*PI*70.35*70.35*0
REF*PO*0020070610
REF*ST*09620
REF*DP*043
DTM*999*20070609
RMR*IK*962020070610*PI*25.95*25.95*0
REF*PO*0020070611
REF*ST*09620
REF*DP*043
DTM*999*20070610
RMR*IK*962020070611*PI*17.4*17.4*0
REF*PO*0020070612
REF*ST*09620
REF*DP*043
DTM*999*20070611
RMR*IK*962020070612*PI*69.25*69.25*0
REF*PO*0020070613
REF*ST*09620
REF*DP*043
DTM*999*20070612
RMR*IK*962020070613*PI*89.75*89.75*0
REF*PO*0020070614
REF*ST*09620
REF*DP*043
DTM*999*20070613
RMR*IK*962120070607*PI*269.85*269.85*0
REF*PO*0020070608
REF*ST*09621
REF*DP*043
DTM*999*20070607
RMR*IK*962120070608*PI*170.8*170.8*0
REF*PO*0020070609
REF*ST*09621
REF*DP*043
DTM*999*20070608
RMR*IK*962120070609*PI*275.9*275.9*0
REF*PO*0020070610
REF*ST*09621
REF*DP*043
DTM*999*20070609
RMR*IK*962120070610*PI*211.4*211.4*0
REF*PO*0020070611
REF*ST*09621
REF*DP*043
DTM*999*20070610
RMR*IK*962120070611*PI*193.7*193.7*0
REF*PO*0020070612
REF*ST*09621
REF*DP*043
DTM*999*20070611
RMR*IK*962120070612*PI*185.9*185.9*0
REF*PO*0020070613
REF*ST*09621
REF*DP*043
DTM*999*20070612
RMR*IK*962120070613*PI*102.15*102.15*0
REF*PO*0020070614
REF*ST*09621
REF*DP*043
DTM*999*20070613
RMR*IK*962220070607*PI*73.25*73.25*0
REF*PO*0020070608
REF*ST*09622
REF*DP*043
DTM*999*20070607
RMR*IK*962220070608*PI*42.75*42.75*0
REF*PO*0020070609
REF*ST*09622
REF*DP*043
DTM*999*20070608
RMR*IK*962220070609*PI*17.85*17.85*0
REF*PO*0020070610
REF*ST*09622
REF*DP*043
DTM*999*20070609
RMR*IK*962220070610*PI*12*12*0
REF*PO*0020070611
REF*ST*09622
REF*DP*043
DTM*999*20070610
RMR*IK*962220070611*PI*23.55*23.55*0
REF*PO*0020070612
REF*ST*09622
REF*DP*043
DTM*999*20070611
RMR*IK*962220070612*PI*9.9*9.9*0
REF*PO*0020070613
REF*ST*09622
REF*DP*043
DTM*999*20070612
RMR*IK*962220070613*PI*5.8*5.8*0
REF*PO*0020070614
REF*ST*09622
REF*DP*043
DTM*999*20070613
RMR*IK*962520070607*PI*35.5*35.5*0
REF*PO*0020070608
REF*ST*09625
REF*DP*043
DTM*999*20070607
RMR*IK*962520070608*PI*24.55*24.55*0
REF*PO*0020070609
REF*ST*09625
REF*DP*043
DTM*999*20070608
RMR*IK*962520070609*PI*64.1*64.1*0
REF*PO*0020070610
REF*ST*09625
REF*DP*043
DTM*999*20070609
RMR*IK*962520070610*PI*31.9*31.9*0
REF*PO*0020070611
REF*ST*09625
REF*DP*043
DTM*999*20070610
RMR*IK*962520070611*PI*40.55*40.55*0
REF*PO*0020070612
REF*ST*09625
REF*DP*043
DTM*999*20070611
RMR*IK*962520070612*PI*17.15*17.15*0
REF*PO*0020070613
REF*ST*09625
REF*DP*043
DTM*999*20070612
RMR*IK*962520070613*PI*47.65*47.65*0
REF*PO*0020070614
REF*ST*09625
REF*DP*043
DTM*999*20070613
RMR*IK*962920070607*PI*129.95*129.95*0
REF*PO*0020070608
REF*ST*09629
REF*DP*043
DTM*999*20070607
RMR*IK*962920070608*PI*210*210*0
REF*PO*0020070609
REF*ST*09629
REF*DP*043
DTM*999*20070608
RMR*IK*962920070609*PI*278*278*0
REF*PO*0020070610
REF*ST*09629
REF*DP*043
DTM*999*20070609
RMR*IK*962920070610*PI*110.1*110.1*0
REF*PO*0020070611
REF*ST*09629
REF*DP*043
DTM*999*20070610
RMR*IK*962920070611*PI*163.2*163.2*0
REF*PO*0020070612
REF*ST*09629
REF*DP*043
DTM*999*20070611
RMR*IK*962920070612*PI*73*73*0
REF*PO*0020070613
REF*ST*09629
REF*DP*043
DTM*999*20070612
RMR*IK*962920070613*PI*99.4*99.4*0
REF*PO*0020070614
REF*ST*09629
REF*DP*043
DTM*999*20070613
RMR*IK*963320070607*PI*342.4*342.4*0
REF*PO*0020070608
REF*ST*09633
REF*DP*043
DTM*999*20070607
RMR*IK*963320070608*PI*275.3*275.3*0
REF*PO*0020070609
REF*ST*09633
REF*DP*043
DTM*999*20070608
RMR*IK*963320070609*PI*758.65*758.65*0
REF*PO*0020070610
REF*ST*09633
REF*DP*043
DTM*999*20070609
RMR*IK*963320070610*PI*373.25*373.25*0
REF*PO*0020070611
REF*ST*09633
REF*DP*043
DTM*999*20070610
RMR*IK*963320070611*PI*362.6*362.6*0
REF*PO*0020070612
REF*ST*09633
REF*DP*043
DTM*999*20070611
RMR*IK*963320070612*PI*275.3*275.3*0
REF*PO*0020070613
REF*ST*09633
REF*DP*043
DTM*999*20070612
RMR*IK*963320070613*PI*425.95*425.95*0
REF*PO*0020070614
REF*ST*09633
REF*DP*043
DTM*999*20070613
RMR*IK*963920070607*PI*32.1*32.1*0
REF*PO*0020070608
REF*ST*09639
REF*DP*043
DTM*999*20070607
RMR*IK*963920070608*PI*47.2*47.2*0
REF*PO*0020070609
REF*ST*09639
REF*DP*043
DTM*999*20070608
RMR*IK*963920070609*PI*59*59*0
REF*PO*0020070610
REF*ST*09639
REF*DP*043
DTM*999*20070609
RMR*IK*963920070610*PI*22.95*22.95*0
REF*PO*0020070611
REF*ST*09639
REF*DP*043
DTM*999*20070610
RMR*IK*963920070611*PI*19.5*19.5*0
REF*PO*0020070612
REF*ST*09639
REF*DP*043
DTM*999*20070611
RMR*IK*963920070612*PI*39.65*39.65*0
REF*PO*0020070613
REF*ST*09639
REF*DP*043
DTM*999*20070612
RMR*IK*963920070613*PI*89.6*89.6*0
REF*PO*0020070614
REF*ST*09639
REF*DP*043
DTM*999*20070613
RMR*IK*964820070607*PI*131.1*131.1*0
REF*PO*0020070608
REF*ST*09648
REF*DP*043
DTM*999*20070607
RMR*IK*964820070608*PI*329.05*329.05*0
REF*PO*0020070609
REF*ST*09648
REF*DP*043
DTM*999*20070608
RMR*IK*964820070609*PI*330.2*330.2*0
REF*PO*0020070610
REF*ST*09648
REF*DP*043
DTM*999*20070609
RMR*IK*964820070610*PI*179.15*179.15*0
REF*PO*0020070611
REF*ST*09648
REF*DP*043
DTM*999*20070610
RMR*IK*964820070611*PI*236.95*236.95*0
REF*PO*0020070612
REF*ST*09648
REF*DP*043
DTM*999*20070611
RMR*IK*964820070612*PI*267.2*267.2*0
REF*PO*0020070613
REF*ST*09648
REF*DP*043
DTM*999*20070612
RMR*IK*964820070613*PI*206.55*206.55*0
REF*PO*0020070614
REF*ST*09648
REF*DP*043
DTM*999*20070613
RMR*IK*967420070607*PI*134.5*134.5*0
REF*PO*0020070608
REF*ST*09674
REF*DP*043
DTM*999*20070607
RMR*IK*967420070608*PI*226.2*226.2*0
REF*PO*0020070609
REF*ST*09674
REF*DP*043
DTM*999*20070608
RMR*IK*967420070609*PI*335.8*335.8*0
REF*PO*0020070610
REF*ST*09674
REF*DP*043
DTM*999*20070609
RMR*IK*967420070610*PI*257*257*0
REF*PO*0020070611
REF*ST*09674
REF*DP*043
DTM*999*20070610
RMR*IK*967420070611*PI*173.8*173.8*0
REF*PO*0020070612
REF*ST*09674
REF*DP*043
DTM*999*20070611
RMR*IK*967420070612*PI*288.7*288.7*0
REF*PO*0020070613
REF*ST*09674
REF*DP*043
DTM*999*20070612
RMR*IK*967420070613*PI*184.9*184.9*0
REF*PO*0020070614
REF*ST*09674
REF*DP*043
DTM*999*20070613
RMR*IK*971420070607*PI*22.85*22.85*0
REF*PO*0020070608
REF*ST*09714
REF*DP*043
DTM*999*20070607
RMR*IK*971420070608*PI*35.4*35.4*0
REF*PO*0020070609
REF*ST*09714
REF*DP*043
DTM*999*20070608
RMR*IK*971420070609*PI*32.1*32.1*0
REF*PO*0020070610
REF*ST*09714
REF*DP*043
DTM*999*20070609
RMR*IK*971420070610*PI*33.95*33.95*0
REF*PO*0020070611
REF*ST*09714
REF*DP*043
DTM*999*20070610
RMR*IK*971420070611*PI*17.45*17.45*0
REF*PO*0020070612
REF*ST*09714
REF*DP*043
DTM*999*20070611
RMR*IK*971420070612*PI*3.85*3.85*0
REF*PO*0020070613
REF*ST*09714
REF*DP*043
DTM*999*20070612
RMR*IK*971420070613*PI*23.2*23.2*0
REF*PO*0020070614
REF*ST*09714
REF*DP*043
DTM*999*20070613
RMR*IK*972820070607*PI*35.75*35.75*0
REF*PO*0020070608
REF*ST*09728
REF*DP*043
DTM*999*20070607
RMR*IK*972820070608*PI*11.9*11.9*0
REF*PO*0020070609
REF*ST*09728
REF*DP*043
DTM*999*20070608
RMR*IK*972820070609*PI*69.3*69.3*0
REF*PO*0020070610
REF*ST*09728
REF*DP*043
DTM*999*20070609
RMR*IK*972820070610*PI*78.8*78.8*0
REF*PO*0020070611
REF*ST*09728
REF*DP*043
DTM*999*20070610
RMR*IK*972820070611*PI*49.9*49.9*0
REF*PO*0020070612
REF*ST*09728
REF*DP*043
DTM*999*20070611
RMR*IK*972820070612*PI*52.25*52.25*0
REF*PO*0020070613
REF*ST*09728
REF*DP*043
DTM*999*20070612
RMR*IK*972820070613*PI*85.9*85.9*0
REF*PO*0020070614
REF*ST*09728
REF*DP*043
DTM*999*20070613
RMR*IK*973520070607*PI*71.3*71.3*0
REF*PO*0020070608
REF*ST*09735
REF*DP*043
DTM*999*20070607
RMR*IK*973520070608*PI*61.85*61.85*0
REF*PO*0020070609
REF*ST*09735
REF*DP*043
DTM*999*20070608
RMR*IK*973520070609*PI*59.35*59.35*0
REF*PO*0020070610
REF*ST*09735
REF*DP*043
DTM*999*20070609
RMR*IK*973520070610*PI*66.35*66.35*0
REF*PO*0020070611
REF*ST*09735
REF*DP*043
DTM*999*20070610
RMR*IK*973520070611*PI*65.8*65.8*0
REF*PO*0020070612
REF*ST*09735
REF*DP*043
DTM*999*20070611
RMR*IK*973520070612*PI*191.5*191.5*0
REF*PO*0020070613
REF*ST*09735
REF*DP*043
DTM*999*20070612
RMR*IK*973520070613*PI*36.85*36.85*0
REF*PO*0020070614
REF*ST*09735
REF*DP*043
DTM*999*20070613
RMR*IK*975820070607*PI*323.4*323.4*0
REF*PO*0020070608
REF*ST*09758
REF*DP*043
DTM*999*20070607
RMR*IK*975820070608*PI*322.7*322.7*0
REF*PO*0020070609
REF*ST*09758
REF*DP*043
DTM*999*20070608
RMR*IK*975820070609*PI*465*465*0
REF*PO*0020070610
REF*ST*09758
REF*DP*043
DTM*999*20070609
RMR*IK*975820070610*PI*276.15*276.15*0
REF*PO*0020070611
REF*ST*09758
REF*DP*043
DTM*999*20070610
RMR*IK*975820070611*PI*310.55*310.55*0
REF*PO*0020070612
REF*ST*09758
REF*DP*043
DTM*999*20070611
RMR*IK*975820070612*PI*126.9*126.9*0
REF*PO*0020070613
REF*ST*09758
REF*DP*043
DTM*999*20070612
RMR*IK*975820070613*PI*257.35*257.35*0
REF*PO*0020070614
REF*ST*09758
REF*DP*043
DTM*999*20070613
SE*4154*0001
GE*1*1000076
IEA*1*001000076
ISA*00*          *00*          *08*9254291001     *12*6154525825     *070710*0420*U*00400*000000073*0*P*>
GS*PD*9254291001*6154525825*20070710*0420*73*X*004010
ST*852*0001
XQ*H*20070710
N9*AD*T00000040
LIN**IN*002916611*ZZ*43*UP*831664001184*****DG*1*VS*00000
ZA*QS***006*20070709
CTP**UCP*2.1
SDQ*EA*ZZ*3083*3*3084*1*3143*1*3644*-1*3672*1*3941*1*3996*3*4103*6*4244*6*4308*2
SDQ*EA*ZZ*4717*2*4719*2*4739*1*4970*1*7066*3*7184*3*7461*1*7607*1
LIN**IN*002916611*ZZ*43*UP*831664001184*****DG*4*VS*00000
ZA*QS***006*20070709
CTP**UCP*2.1
SDQ*EA*ZZ*3289*5
LIN**IN*002916611*ZZ*43*UP*831664001184*****DG*9*VS*00000
ZA*QS***006*20070709
CTP**UCP*2.1
SDQ*EA*ZZ*4198*1
CTT*3
SE*18*0001
ST*852*0002
XQ*H*20070710
N9*AD*T00000040
LIN**IN*016303311*ZZ*43*UP*831664001283*****DG*1*VS*00000
ZA*QS***006*20070709
CTP**UCP*3.25
SDQ*EA*ZZ*3646*1*7358*6
LIN**IN*016303311*ZZ*43*UP*831664001283*****DG*9*VS*00000
ZA*QS***006*20070709
CTP**UCP*3.25
SDQ*EA*ZZ*4198*2
CTT*2
SE*13*0002
ST*852*0003
XQ*H*20070710
N9*AD*T00000040
LIN**IN*025393811*ZZ*43*UP*831664001238*****DG*1*VS*00000
ZA*QS***006*20070709
CTP**UCP*3.25
SDQ*EA*ZZ*7718*2
CTT*1
SE*9*0003
ST*852*0004
XQ*H*20070710
N9*AD*T00000040
LIN**IN*025397611*ZZ*43*UP*831664001245*****DG*1*VS*00000
ZA*QS***006*20070709
CTP**UCP*3
SDQ*EA*ZZ*3063*2*3083*1*3084*2*3143*3*3359*1*3644*1*3646*4*3703*2*3876*2*3996*3
SDQ*EA*ZZ*4308*2*4312*2*4970*2*7063*2*7154*1*7255*2*7718*1*9621*1*9633*1*9674*4
SDQ*EA*ZZ*9728*2
LIN**IN*025397611*ZZ*43*UP*831664001245*****DG*3*VS*00000
ZA*QS***006*20070709
CTP**UCP*3
SDQ*EA*ZZ*3348*3*7610*2
CTT*2
SE*15*0004
ST*852*0005
XQ*H*20070710
N9*AD*T00000040
LIN**IN*025408511*ZZ*43*UP*831664001269*****DG*1*VS*00000
ZA*QS***006*20070709
CTP**UCP*2.1
SDQ*EA*ZZ*3646*6*3703*6*3715*2*4093*7*4244*1*4719*4*7066*3*7069*5*7076*2*7184*1
SDQ*EA*ZZ*7358*6*7607*1*7610*3*9648*4*9674*2*9758*2
CTT*1
SE*10*0005
ST*852*0006
XQ*H*20070710
N9*AD*T00000040
LIN**IN*025412011*ZZ*43*UP*831664001276*****DG*1*VS*00000
ZA*QS***006*20070709
CTP**UCP*.7
SDQ*EA*ZZ*3644*2*3713*12*3876*2*3966*1*4093*5*7184*4*7358*1*7610*4*7718*1*9625*8
SDQ*EA*ZZ*9633*2*9674*5
LIN**IN*025412011*ZZ*43*UP*831664001276*****DG*4*VS*00000
ZA*QS***006*20070709
CTP**UCP*.7
SDQ*EA*ZZ*3957*6
CTT*2
SE*14*0006
ST*852*0007
XQ*H*20070710
N9*AD*T00000040
LIN**IN*033281811*ZZ*43*UP*831664001290*****DG*1*VS*00000
ZA*QS***006*20070709
CTP**UCP*3.3
SDQ*EA*ZZ*3143*2*4093*1*4719*1*7132*1*7607*1*9758*2
LIN**IN*033281811*ZZ*43*UP*831664001290*****DG*9*VS*00000
ZA*QS***006*20070709
CTP**UCP*3.3
SDQ*EA*ZZ*4883*2
CTT*2
SE*13*0007
ST*852*0008
XQ*H*20070710
N9*AD*T00000040
LIN**IN*044488711*ZZ*43*UP*831664001306*****DG*1*VS*00000
ZA*QS***006*20070709
CTP**UCP*2.6
SDQ*EA*ZZ*3703*2*7066*1*7610*1*9648*1
LIN**IN*044488711*ZZ*43*UP*831664001306*****DG*4*VS*00000
ZA*QS***006*20070709
CTP**UCP*2.6
SDQ*EA*ZZ*4817*1
CTT*2
SE*13*0008
ST*852*0009
XQ*H*20070710
N9*AD*T00000040
LIN**IN*053241411*ZZ*43*UP*831664001313*****DG*1*VS*00000
ZA*QS***006*20070709
CTP**UCP*.35
SDQ*EA*ZZ*3143*21*3359*1*3701*1*3713*2*3836*1*3966*8*3994*30*3996*3*4198*10*4244*2
SDQ*EA*ZZ*4475*4*4719*1*4883*1*7076*2*7610*31*9625*3
CTT*1
SE*10*0009
ST*852*0010
XQ*H*20070710
N9*AD*T00000040
LIN**IN*076496411*ZZ*43*UP*831664001320*****DG*1*VS*00000
ZA*QS***006*20070709
CTP**UCP*2.1
SDQ*EA*ZZ*3143*2*3408*1*4093*1*4719*4*7358*1*7607*1*9633*1
LIN**IN*076496411*ZZ*43*UP*831664001320*****DG*8*VS*00000
ZA*QS***006*20070709
CTP**UCP*2.1
SDQ*EA*ZZ*7066*1
CTT*2
SE*13*0010
ST*852*0011
XQ*H*20070710
N9*AD*T00000040
LIN**IN*079180612*ZZ*43*UP*831664001368*****DG*1*VS*00000
ZA*QS***006*20070709
CTP**UCP*4.25
SDQ*EA*ZZ*3063*1*3083*5*3084*3*3408*3*3646*8*3703*10*3822*2*3836*1*3941*4*4093*11
SDQ*EA*ZZ*4103*1*4244*2*4308*1*4717*6*4719*12*4817*5*7063*2*7066*2*7069*1*7076*6
SDQ*EA*ZZ*7132*2*7255*19*7358*4*7607*10*7610*2*9620*2*9621*1*9629*1*9633*3*9648*4
SDQ*EA*ZZ*9674*1*9758*2
CTT*1
SE*12*0011
ST*852*0012
XQ*H*20070710
N9*AD*T00000040
LIN**IN*096698911*ZZ*43*UP*831664001115*****DG*1*VS*00000
ZA*QS***006*20070709
CTP**UCP*8.75
SDQ*EA*ZZ*7064*2
CTT*1
SE*9*0012
ST*852*0013
XQ*H*20070710
N9*AD*T00000040
LIN**IN*096901411*ZZ*43*UP*831664001139*****DG*1*VS*00000
ZA*QS***006*20070709
CTP**UCP*1.95
SDQ*EA*ZZ*3644*5*3646*1*7132*1*9674*2
CTT*1
SE*9*0013
ST*852*0014
XQ*H*20070710
N9*AD*T00000040
LIN**IN*096901811*ZZ*43*UP*831664001122*****DG*1*VS*00000
ZA*QS***006*20070709
CTP**UCP*3
SDQ*EA*ZZ*3063*1*3084*3*3408*2*3644*5*3715*3*3822*1*3941*1*3994*1*4093*5*4244*7
SDQ*EA*ZZ*4312*2*4717*1*4817*3*4835*2*7063*2*7066*1*7076*1*7358*4*7607*5*9674*1
SDQ*EA*ZZ*9758*5
CTT*1
SE*11*0014
ST*852*0015
XQ*H*20070710
N9*AD*T00000040
LIN**IN*097065711*ZZ*43*UP*831664000842*****DG*1*VS*00000
ZA*QS***006*20070709
CTP**UCP*5.25
SDQ*EA*ZZ*3348*1*3410*1*3724*1*3966*3*4198*2*7255*1*9621*1
LIN**IN*097065711*ZZ*43*UP*831664000842*****DG*5*VS*00000
ZA*QS***006*20070709
CTP**UCP*5.25
SDQ*EA*ZZ*7362*6*7607*1*9633*3*9714*1
LIN**IN*097065711*ZZ*43*UP*831664000842*****DG*8*VS*00000
ZA*QS***006*20070709
CTP**UCP*5.25
SDQ*EA*ZZ*3219*1*4717*1*7028*2*7460*2
CTT*3
SE*17*0015
ST*852*0016
XQ*H*20070710
N9*AD*T00000040
LIN**IN*097095611*ZZ*43*UP*831664000019*****DG*1*VS*00000
ZA*QS***006*20070708
CTP**UCP*.35
SDQ*EA*ZZ*5023*3*5070*11
ZA*QS***006*20070709
CTP**UCP*.35
SDQ*EA*ZZ*3063*4*3082*2*3084*3*3143*6*3194*2*3355*1*3644*12*3646*5*3660*3*3672*5
SDQ*EA*ZZ*3685*4*3703*34*3713*6*3822*2*3836*2*3939*1*3941*2*3966*19*3978*1*3996*12
SDQ*EA*ZZ*4071*3*4093*2*4103*10*4198*1*4244*20*4308*18*4475*4*4717*7*4719*22*4739*20
SDQ*EA*ZZ*4817*35*4835*4*4883*1*7064*4*7069*5*7076*9*7132*9*7154*3*7184*15*7255*9
SDQ*EA*ZZ*7354*4*7358*8*7360*3*7362*2*7460*2*7461*3*7558*2*7607*17*7637*1*7718*2
SDQ*EA*ZZ*7719*2*9571*1*9620*7*9621*6*9625*6*9629*9*9633*14*9648*4*9674*7*9714*3
SDQ*EA*ZZ*9735*1*9758*17
LIN**IN*097095611*ZZ*43*UP*831664000019*****DG*3*VS*00000
ZA*QS***006*20070709
CTP**UCP*.35
SDQ*EA*ZZ*7610*36
LIN**IN*097095611*ZZ*43*UP*831664000019*****DG*4*VS*00000
ZA*QS***006*20070709
CTP**UCP*.35
SDQ*EA*ZZ*7637*2
LIN**IN*097095611*ZZ*43*UP*831664000019*****DG*8*VS*00000
ZA*QS***006*20070709
CTP**UCP*.35
SDQ*EA*ZZ*3848*6
CTT*4
SE*30*0016
ST*852*0017
XQ*H*20070710
N9*AD*T00000040
LIN**IN*097095711*ZZ*43*UP*831664000255*****DG*1*VS*00000
ZA*QS***006*20070708
CTP**UCP*.35
SDQ*EA*ZZ*5023*7
ZA*QS***006*20070709
CTP**UCP*.35
SDQ*EA*ZZ*3143*2*3644*5*3848*1*3929*8*4198*4*4308*3*4719*10*4970*4*7154*1*7255*2
SDQ*EA*ZZ*7461*1*7637*1*7719*1*9621*1*9625*1*9648*2*9674*6
CTT*1
SE*13*0017
ST*852*0018
XQ*H*20070710
N9*AD*T00000040
LIN**IN*097095811*ZZ*43*UP*831664000699*****DG*1*VS*00000
ZA*QS***006*20070709
CTP**UCP*.35
SDQ*EA*ZZ*3836*1*4308*4*7637*3
CTT*1
SE*9*0018
ST*852*0019
XQ*H*20070710
N9*AD*T00000040
LIN**IN*097095911*ZZ*43*UP*831664000675*****DG*1*VS*00000
ZA*QS***006*20070709
CTP**UCP*.7
SDQ*EA*ZZ*3083*6*3084*1*3143*6*3644*1*3646*3*3672*2*3703*7*3822*1*3876*1*4093*18
SDQ*EA*ZZ*4103*2*4244*14*4739*1*4817*1*4970*2*7354*4*7358*2*7610*2*7718*3*9633*2
SDQ*EA*ZZ*9648*2*9674*5*9728*1*9758*2
CTT*1
SE*11*0019
ST*852*0020
XQ*H*20070710
N9*AD*T00000040
LIN**IN*097096011*ZZ*43*UP*831664000682*****DG*1*VS*00000
ZA*QS***006*20070709
CTP**UCP*.7
SDQ*EA*ZZ*3063*2*3084*1*3143*5*3408*6*3644*1*3646*1*3703*2*4033*3*4093*7*4103*16
SDQ*EA*ZZ*4244*4*4308*1*4717*2*4719*2*4835*1*4970*1*7069*2*7184*3*7255*4*7358*2
SDQ*EA*ZZ*7460*3*7607*1*7610*2*7718*1*9621*1*9629*3*9633*2*9648*1*9674*5*9714*2
CTT*1
SE*11*0020
ST*852*0021
XQ*H*20070710
N9*AD*T00000040
LIN**IN*097096111*ZZ*43*UP*831664000330*****DG*1*VS*00000
ZA*QS***006*20070709
CTP**UCP*.7
SDQ*EA*ZZ*3063*7*3082*1*3083*3*3084*8*3194*1*3359*2*3408*2*3602*1*3644*9*3646*10
SDQ*EA*ZZ*3685*8*3703*3*3713*6*3822*2*3848*-1*3876*1*3941*8*3978*1*3994*1*4033*1
SDQ*EA*ZZ*4071*20*4093*2*4103*4*4244*10*4475*8*4717*3*4719*4*4769*2*4817*26*4883*2
SDQ*EA*ZZ*4970*7*7045*9*7064*1*7066*8*7069*1*7132*4*7184*7*7255*5*7354*1*7358*23
SDQ*EA*ZZ*7437*4*7460*5*7558*3*7607*11*7610*28*7718*8*9571*2*9620*2*9621*5*9625*6
SDQ*EA*ZZ*9629*1*9633*14*9648*2*9674*8*9758*6
LIN**IN*097096111*ZZ*43*UP*831664000330*****DG*4*VS*00000
ZA*QS***006*20070709
CTP**UCP*.7
SDQ*EA*ZZ*3289*1*4817*1
LIN**IN*097096111*ZZ*43*UP*831664000330*****DG*5*VS*00000
ZA*QS***006*20070709
CTP**UCP*.7
SDQ*EA*ZZ*3359*1*4475*2
LIN**IN*097096111*ZZ*43*UP*831664000330*****DG*8*VS*00000
ZA*QS***006*20070709
CTP**UCP*.7
SDQ*EA*ZZ*3848*5*4717*3*7066*2
CTT*4
SE*26*0021
ST*852*0022
XQ*H*20070710
N9*AD*T00000040
LIN**IN*097096211*ZZ*43*UP*831664000941*****DG*1*VS*00000
ZA*QS***006*20070709
CTP**UCP*.7
SDQ*EA*ZZ*3084*1*3644*3*3822*1*3939*4*3941*6*4093*8*4103*1*4244*3*4308*1*4312*5
SDQ*EA*ZZ*4475*2*4717*5*4883*1*7184*7*7255*7*7358*2*7718*3*9674*2*9758*5
LIN**IN*097096211*ZZ*43*UP*831664000941*****DG*8*VS*00000
ZA*QS***006*20070709
CTP**UCP*.7
SDQ*EA*ZZ*7066*1
CTT*2
SE*14*0022
ST*852*0023
XQ*H*20070710
N9*AD*T00000040
LIN**IN*097096311*ZZ*43*UP*831664000743*****DG*1*VS*00000
ZA*QS***006*20070709
CTP**UCP*1.95
SDQ*EA*ZZ*7076*7*9629*6
CTT*1
SE*9*0023
ST*852*0024
XQ*H*20070710
N9*AD*T00000040
LIN**IN*097096411*ZZ*43*UP*831664000453*****DG*1*VS*00000
ZA*QS***006*20070709
CTP**UCP*3
SDQ*EA*ZZ*3063*5*3083*4*3359*5*3644*4*3672*3*3685*1*3703*6*3929*1*3966*4*3978*1
SDQ*EA*ZZ*4103*3*4244*3*4308*2*4312*1*4475*2*4717*1*4719*1*4739*4*4817*4*4883*2
SDQ*EA*ZZ*4970*2*7045*4*7063*2*7066*1*7069*1*7184*2*7354*1*7358*2*7460*3*7461*1
SDQ*EA*ZZ*7607*1*7718*3*9513*1*9620*4*9633*2*9648*4*9728*4*9758*2
LIN**IN*097096411*ZZ*43*UP*831664000453*****DG*3*VS*00000
ZA*QS***006*20070709
CTP**UCP*3
SDQ*EA*ZZ*7610*3
LIN**IN*097096411*ZZ*43*UP*831664000453*****DG*8*VS*00000
ZA*QS***006*20070709
CTP**UCP*3
SDQ*EA*ZZ*4817*1
LIN**IN*097096411*ZZ*43*UP*831664000453*****DG*9*VS*00000
ZA*QS***006*20070709
CTP**UCP*3
SDQ*EA*ZZ*9625*2
CTT*4
SE*24*0024
ST*852*0025
XQ*H*20070710
N9*AD*T00000040
LIN**IN*097096511*ZZ*43*UP*831664000460*****DG*1*VS*00000
ZA*QS***006*20070708
CTP**UCP*3
SDQ*EA*ZZ*5077*2
ZA*QS***006*20070709
CTP**UCP*3
SDQ*EA*ZZ*3063*8*3083*1*3084*1*3143*2*3408*1*3646*1*3672*6*3715*5*3822*1*3876*1
SDQ*EA*ZZ*3941*1*3967*1*3994*2*3996*4*4071*2*4093*5*4103*6*4189*1*4198*1*4244*12
SDQ*EA*ZZ*4308*3*4312*6*4475*7*4717*9*4719*3*4817*8*4835*1*4970*1*7028*1*7045*2
SDQ*EA*ZZ*7063*7*7069*5*7076*1*7132*1*7146*3*7184*8*7255*1*7358*10*7362*1*7461*1
SDQ*EA*ZZ*7607*9*7718*2*9620*2*9629*4*9633*6*9648*2*9674*5*9728*5*9758*9
LIN**IN*097096511*ZZ*43*UP*831664000460*****DG*3*VS*00000
ZA*QS***006*20070709
CTP**UCP*3
SDQ*EA*ZZ*3703*12*7610*5
LIN**IN*097096511*ZZ*43*UP*831664000460*****DG*8*VS*00000
ZA*QS***006*20070709
CTP**UCP*3
SDQ*EA*ZZ*4817*1*9629*2
CTT*3
SE*24*0025
ST*852*0026
XQ*H*20070710
N9*AD*T00000040
LIN**IN*097096711*ZZ*43*UP*831664000484*****DG*1*VS*00000
ZA*QS***006*20070709
CTP**UCP*3.25
SDQ*EA*ZZ*3063*1*3083*4*3143*1*3644*7*3703*6*3966*1*3996*1*4093*10*4103*3*4244*9
SDQ*EA*ZZ*4312*1*4475*4*4719*3*4817*1*4970*6*7066*2*7069*2*7076*2*7184*9*7255*4
SDQ*EA*ZZ*7358*7*7461*1*7607*1*7610*7*7719*1*9621*2*9633*3*9648*4*9674*6*9728*1
SDQ*EA*ZZ*9758*2
LIN**IN*097096711*ZZ*43*UP*831664000484*****DG*3*VS*00000
ZA*QS***006*20070709
CTP**UCP*3.25
SDQ*EA*ZZ*3348*4
LIN**IN*097096711*ZZ*43*UP*831664000484*****DG*5*VS*00000
ZA*QS***006*20070709
CTP**UCP*3.25
SDQ*EA*ZZ*7076*1*9633*2
LIN**IN*097096711*ZZ*43*UP*831664000484*****DG*8*VS*00000
ZA*QS***006*20070709
CTP**UCP*3.25
SDQ*EA*ZZ*4817*1*7076*1
CTT*4
SE*24*0026
ST*852*0027
XQ*H*20070710
N9*AD*T00000040
LIN**IN*097097011*ZZ*43*UP*831664000859*****DG*1*VS*00000
ZA*QS***006*20070709
CTP**UCP*2.55
SDQ*EA*ZZ*3083*6*3103*3*3143*1*3646*2*4093*1*4312*5*4970*23*7354*2*7358*2*9633*1
SDQ*EA*ZZ*9735*1*9758*9
LIN**IN*097097011*ZZ*43*UP*831664000859*****DG*5*VS*00000
ZA*QS***006*20070709
CTP**UCP*2.55
SDQ*EA*ZZ*9620*6
CTT*2
SE*14*0027
ST*852*0028
XQ*H*20070710
N9*AD*T00000040
LIN**IN*097097111*ZZ*43*UP*831664000781*****DG*1*VS*00000
ZA*QS***006*20070709
CTP**UCP*2.1
SDQ*EA*ZZ*3703*1*3822*1*4103*1*4244*2*4717*1*7076*1*7358*1*7607*7*9758*3
LIN**IN*097097111*ZZ*43*UP*831664000781*****DG*5*VS*00000
ZA*QS***006*20070709
CTP**UCP*2.1
SDQ*EA*ZZ*7460*2
CTT*2
SE*13*0028
ST*852*0029
XQ*H*20070710
N9*AD*T00000040
LIN**IN*097097611*ZZ*43*UP*831664000514*****DG*1*VS*00000
ZA*QS***006*20070709
CTP**UCP*1.4
SDQ*EA*ZZ*3083*1*3644*2*4093*1*4103*1
CTT*1
SE*9*0029
ST*852*0030
XQ*H*20070710
N9*AD*T00000040
LIN**IN*097098011*ZZ*43*UP*831664000965*****DG*1*VS*00000
ZA*QS***006*20070709
CTP**UCP*.35
SDQ*EA*ZZ*3703*7*3848*21*3996*5*4244*5*9629*5*9674*9
CTT*1
SE*9*0030
ST*852*0031
XQ*H*20070710
N9*AD*T00000040
LIN**IN*097098111*ZZ*43*UP*831664000972*****DG*1*VS*00000
ZA*QS***006*20070709
CTP**UCP*.65
SDQ*EA*ZZ*3703*2*3848*23*3996*5*4475*36*7354*6*9629*3
CTT*1
SE*9*0031
ST*852*0032
XQ*H*20070710
N9*AD*T00000040
LIN**IN*097098211*ZZ*43*UP*831664000989*****DG*1*VS*00000
ZA*QS***006*20070709
CTP**UCP*1
SDQ*EA*ZZ*3703*2*3996*2*7354*2
CTT*1
SE*9*0032
ST*852*0033
XQ*H*20070710
N9*AD*T00000040
LIN**IN*097098311*ZZ*43*UP*831664000996*****DG*1*VS*00000
ZA*QS***006*20070709
CTP**UCP*1.35
SDQ*EA*ZZ*3703*1*3848*3*3941*5*4475*10*9629*2
CTT*1
SE*9*0033
ST*852*0034
XQ*H*20070710
N9*AD*T00000040
LIN**IN*097098411*ZZ*43*UP*831664001009*****DG*1*VS*00000
ZA*QS***006*20070709
CTP**UCP*1.65
SDQ*EA*ZZ*3848*15
CTT*1
SE*9*0034
ST*852*0035
XQ*H*20070710
N9*AD*T00000040
LIN**IN*097098511*ZZ*43*UP*831664001016*****DG*1*VS*00000
ZA*QS***006*20070709
CTP**UCP*2
SDQ*EA*ZZ*3703*2*3848*3*7558*1
CTT*1
SE*9*0035
ST*852*0036
XQ*H*20070710
N9*AD*T00000040
LIN**IN*097098611*ZZ*43*UP*831664001023*****DG*1*VS*00000
ZA*QS***006*20070709
CTP**UCP*2.6
SDQ*EA*ZZ*3848*9*4475*15*7354*1
CTT*1
SE*9*0036
ST*852*0037
XQ*H*20070710
N9*AD*T00000040
LIN**IN*097098711*ZZ*43*UP*831664001030*****DG*5*VS*00000
ZA*QS***006*20070709
CTP**UCP*3.25
SDQ*EA*ZZ*4817*1
CTT*1
SE*9*0037
ST*852*0038
XQ*H*20070710
N9*AD*T00000040
LIN**IN*097098811*ZZ*43*UP*831664001047*****DG*1*VS*00000
ZA*QS***006*20070709
CTP**UCP*.5
SDQ*EA*ZZ*3703*6*9629*3
CTT*1
SE*9*0038
ST*852*0039
XQ*H*20070710
N9*AD*T00000040
LIN**IN*097098911*ZZ*43*UP*831664001054*****DG*1*VS*00000
ZA*QS***006*20070709
CTP**UCP*2.3
SDQ*EA*ZZ*9629*2
CTT*1
SE*9*0039
GE*39*73
IEA*1*000000073
*** SUPERTRACS READY FOR INPUT
