ISA*00*          *00*          *09*006985290EFT   *12*6154525825     *051114*1442*U*00400*000100307*0*P*>
GS*RA*006985290EFT*6154525825*20051114*14423390*100216*X*004010
ST*820*000000001
BPR*I*41867.91*C*ACH*CCP*01*021000018*DA*0300955622*9008965873**01*064102601*DA*3000289*20051115*VEN
TRN*3*770147931*9008965873
DTM*097*20051114
N1*PR*KMART CORPORATION*1*008965873
N1*PE*YOUNGS FARMS*92*00069099588
N1*SE*YOUNGS FARMS*92*00069099588
ENT*1
RMR*IK*306320051013*PI*59.5*59.5*0
REF*PO*0020051014
REF*ST*03063
REF*DP*043
DTM*999*20051013
RMR*IK*306320051014*PI*37.25*37.25*0
REF*PO*0020051015
REF*ST*03063
REF*DP*043
DTM*999*20051014
RMR*IK*306320051015*PI*33.81*33.81*0
REF*PO*0020051016
REF*ST*03063
REF*DP*043
DTM*999*20051015
RMR*IK*306320051016*PI*9.5*9.5*0
REF*PO*0020051017
REF*ST*03063
REF*DP*043
DTM*999*20051016
RMR*IK*306320051017*PI*6.75*6.75*0
REF*PO*0020051018
REF*ST*03063
REF*DP*043
DTM*999*20051017
RMR*IK*306320051018*PI*26.58*26.58*0
REF*PO*0020051019
REF*ST*03063
REF*DP*043
DTM*999*20051018
RMR*IK*306320051019*PI*47*47*0
REF*PO*0020051020
REF*ST*03063
REF*DP*043
DTM*999*20051019
RMR*IK*308320051013*PI*125.39*125.39*0
REF*PO*0020051014
REF*ST*03083
REF*DP*043
DTM*999*20051013
RMR*IK*308320051014*PI*132.65*132.65*0
REF*PO*0020051015
REF*ST*03083
REF*DP*043
DTM*999*20051014
RMR*IK*308320051015*PI*109.78*109.78*0
REF*PO*0020051016
REF*ST*03083
REF*DP*043
DTM*999*20051015
RMR*IK*308320051016*PI*93.87*93.87*0
REF*PO*0020051017
REF*ST*03083
REF*DP*043
DTM*999*20051016
RMR*IK*308320051017*PI*37.36*37.36*0
REF*PO*0020051018
REF*ST*03083
REF*DP*043
DTM*999*20051017
RMR*IK*308320051018*PI*42.49*42.49*0
REF*PO*0020051019
REF*ST*03083
REF*DP*043
DTM*999*20051018
RMR*IK*308420051013*PI*202.43*202.43*0
REF*PO*0020051014
REF*ST*03084
REF*DP*043
DTM*999*20051013
RMR*IK*308420051014*PI*157.9*157.9*0
REF*PO*0020051015
REF*ST*03084
REF*DP*043
DTM*999*20051014
RMR*IK*308420051015*PI*141.06*141.06*0
REF*PO*0020051016
REF*ST*03084
REF*DP*043
DTM*999*20051015
RMR*IK*308420051016*PI*45.25*45.25*0
REF*PO*0020051017
REF*ST*03084
REF*DP*043
DTM*999*20051016
RMR*IK*308420051017*PI*85.4*85.4*0
REF*PO*0020051018
REF*ST*03084
REF*DP*043
DTM*999*20051017
RMR*IK*308420051018*PI*101.9*101.9*0
REF*PO*0020051019
REF*ST*03084
REF*DP*043
DTM*999*20051018
RMR*IK*308420051019*PI*133.53*133.53*0
REF*PO*0020051020
REF*ST*03084
REF*DP*043
DTM*999*20051019
RMR*IK*310320051013*PI*6.59*6.59*0
REF*PO*0020051014
REF*ST*03103
REF*DP*043
DTM*999*20051013
RMR*IK*310320051014*PI*4.59*4.59*0
REF*PO*0020051015
REF*ST*03103
REF*DP*043
DTM*999*20051014
RMR*IK*310320051016*PI*2.06*2.06*0
REF*PO*0020051017
REF*ST*03103
REF*DP*043
DTM*999*20051016
RMR*IK*310320051017*PI*6*6*0
REF*PO*0020051018
REF*ST*03103
REF*DP*043
DTM*999*20051017
RMR*IK*314320051013*PI*316.49*316.49*0
REF*PO*0020051014
REF*ST*03143
REF*DP*043
DTM*999*20051013
RMR*IK*314320051014*PI*360.83*360.83*0
REF*PO*0020051015
REF*ST*03143
REF*DP*043
DTM*999*20051014
RMR*IK*314320051015*PI*376.52*376.52*0
REF*PO*0020051016
REF*ST*03143
REF*DP*043
DTM*999*20051015
RMR*IK*314320051016*PI*170.2*170.2*0
REF*PO*0020051017
REF*ST*03143
REF*DP*043
DTM*999*20051016
RMR*IK*314320051017*PI*283.17*283.17*0
REF*PO*0020051018
REF*ST*03143
REF*DP*043
DTM*999*20051017
RMR*IK*314320051018*PI*228.69*228.69*0
REF*PO*0020051019
REF*ST*03143
REF*DP*043
DTM*999*20051018
RMR*IK*314320051019*PI*194.96*194.96*0
REF*PO*0020051020
REF*ST*03143
REF*DP*043
DTM*999*20051019
RMR*IK*319420051013*PI*1.5*1.5*0
REF*PO*0020051014
REF*ST*03194
REF*DP*043
DTM*999*20051013
RMR*IK*319420051015*PI*10.5*10.5*0
REF*PO*0020051016
REF*ST*03194
REF*DP*043
DTM*999*20051015
RMR*IK*319420051016*PI*17.81*17.81*0
REF*PO*0020051017
REF*ST*03194
REF*DP*043
DTM*999*20051016
RMR*IK*319420051017*PI*10.12*10.12*0
REF*PO*0020051018
REF*ST*03194
REF*DP*043
DTM*999*20051017
RMR*IK*324120051013*PI*3.75*3.75*0
REF*PO*0020051014
REF*ST*03241
REF*DP*043
DTM*999*20051013
RMR*IK*324120051014*PI*2.5*2.5*0
REF*PO*0020051015
REF*ST*03241
REF*DP*043
DTM*999*20051014
RMR*IK*324120051015*PI*5*5*0
REF*PO*0020051016
REF*ST*03241
REF*DP*043
DTM*999*20051015
RMR*IK*324120051016*PI*13.75*13.75*0
REF*PO*0020051017
REF*ST*03241
REF*DP*043
DTM*999*20051016
RMR*IK*324120051017*PI*11.25*11.25*0
REF*PO*0020051018
REF*ST*03241
REF*DP*043
DTM*999*20051017
RMR*IK*334820051013*PI*40.68*40.68*0
REF*PO*0020051014
REF*ST*03348
REF*DP*043
DTM*999*20051013
RMR*IK*334820051014*PI*62.6*62.6*0
REF*PO*0020051015
REF*ST*03348
REF*DP*043
DTM*999*20051014
RMR*IK*334820051015*PI*79.37*79.37*0
REF*PO*0020051016
REF*ST*03348
REF*DP*043
DTM*999*20051015
RMR*IK*334820051016*PI*23.99*23.99*0
REF*PO*0020051017
REF*ST*03348
REF*DP*043
DTM*999*20051016
RMR*IK*334820051017*PI*44.89*44.89*0
REF*PO*0020051018
REF*ST*03348
REF*DP*043
DTM*999*20051017
RMR*IK*334820051018*PI*13.8*13.8*0
REF*PO*0020051019
REF*ST*03348
REF*DP*043
DTM*999*20051018
RMR*IK*334820051019*PI*108.72*108.72*0
REF*PO*0020051020
REF*ST*03348
REF*DP*043
DTM*999*20051019
RMR*IK*335920051013*PI*81.78*81.78*0
REF*PO*0020051014
REF*ST*03359
REF*DP*043
DTM*999*20051013
RMR*IK*335920051014*PI*107.06*107.06*0
REF*PO*0020051015
REF*ST*03359
REF*DP*043
DTM*999*20051014
RMR*IK*335920051015*PI*93.7*93.7*0
REF*PO*0020051016
REF*ST*03359
REF*DP*043
DTM*999*20051015
RMR*IK*335920051016*PI*28.31*28.31*0
REF*PO*0020051017
REF*ST*03359
REF*DP*043
DTM*999*20051016
RMR*IK*335920051017*PI*95.43*95.43*0
REF*PO*0020051018
REF*ST*03359
REF*DP*043
DTM*999*20051017
RMR*IK*335920051018*PI*81.74*81.74*0
REF*PO*0020051019
REF*ST*03359
REF*DP*043
DTM*999*20051018
RMR*IK*335920051019*PI*74.34*74.34*0
REF*PO*0020051020
REF*ST*03359
REF*DP*043
DTM*999*20051019
RMR*IK*340820051013*PI*28.31*28.31*0
REF*PO*0020051014
REF*ST*03408
REF*DP*043
DTM*999*20051013
RMR*IK*340820051014*PI*52.5*52.5*0
REF*PO*0020051015
REF*ST*03408
REF*DP*043
DTM*999*20051014
RMR*IK*340820051015*PI*97.45*97.45*0
REF*PO*0020051016
REF*ST*03408
REF*DP*043
DTM*999*20051015
RMR*IK*340820051016*PI*56.21*56.21*0
REF*PO*0020051017
REF*ST*03408
REF*DP*043
DTM*999*20051016
RMR*IK*340820051017*PI*8.34*8.34*0
REF*PO*0020051018
REF*ST*03408
REF*DP*043
DTM*999*20051017
RMR*IK*340820051018*PI*22.96*22.96*0
REF*PO*0020051019
REF*ST*03408
REF*DP*043
DTM*999*20051018
RMR*IK*340820051019*PI*63.74*63.74*0
REF*PO*0020051020
REF*ST*03408
REF*DP*043
DTM*999*20051019
RMR*IK*342220051013*PI*3.75*3.75*0
REF*PO*0020051014
REF*ST*03422
REF*DP*043
DTM*999*20051013
RMR*IK*342220051015*PI*1.25*1.25*0
REF*PO*0020051016
REF*ST*03422
REF*DP*043
DTM*999*20051015
RMR*IK*342220051016*PI*5*5*0
REF*PO*0020051017
REF*ST*03422
REF*DP*043
DTM*999*20051016
RMR*IK*342220051019*PI*2.5*2.5*0
REF*PO*0020051020
REF*ST*03422
REF*DP*043
DTM*999*20051019
RMR*IK*360220051013*PI*87.86*87.86*0
REF*PO*0020051014
REF*ST*03602
REF*DP*043
DTM*999*20051013
RMR*IK*360220051014*PI*30.68*30.68*0
REF*PO*0020051015
REF*ST*03602
REF*DP*043
DTM*999*20051014
RMR*IK*360220051015*PI*26.46*26.46*0
REF*PO*0020051016
REF*ST*03602
REF*DP*043
DTM*999*20051015
RMR*IK*360220051016*PI*15.25*15.25*0
REF*PO*0020051017
REF*ST*03602
REF*DP*043
DTM*999*20051016
RMR*IK*360220051017*PI*39.26*39.26*0
REF*PO*0020051018
REF*ST*03602
REF*DP*043
DTM*999*20051017
RMR*IK*360220051018*PI*22.67*22.67*0
REF*PO*0020051019
REF*ST*03602
REF*DP*043
DTM*999*20051018
RMR*IK*360220051019*PI*11*11*0
REF*PO*0020051020
REF*ST*03602
REF*DP*043
DTM*999*20051019
RMR*IK*364420051013*PI*122.07*122.07*0
REF*PO*0020051014
REF*ST*03644
REF*DP*043
DTM*999*20051013
RMR*IK*364420051014*PI*155.59*155.59*0
REF*PO*0020051015
REF*ST*03644
REF*DP*043
DTM*999*20051014
RMR*IK*364420051015*PI*263.95*263.95*0
REF*PO*0020051016
REF*ST*03644
REF*DP*043
DTM*999*20051015
RMR*IK*364420051016*PI*144.64*144.64*0
REF*PO*0020051017
REF*ST*03644
REF*DP*043
DTM*999*20051016
RMR*IK*364420051017*PI*53.03*53.03*0
REF*PO*0020051018
REF*ST*03644
REF*DP*043
DTM*999*20051017
RMR*IK*364420051018*PI*104.17*104.17*0
REF*PO*0020051019
REF*ST*03644
REF*DP*043
DTM*999*20051018
RMR*IK*364420051019*PI*154.19*154.19*0
REF*PO*0020051020
REF*ST*03644
REF*DP*043
DTM*999*20051019
RMR*IK*364620051013*PI*135.12*135.12*0
REF*PO*0020051014
REF*ST*03646
REF*DP*043
DTM*999*20051013
RMR*IK*364620051014*PI*248.56*248.56*0
REF*PO*0020051015
REF*ST*03646
REF*DP*043
DTM*999*20051014
RMR*IK*364620051015*PI*121.85*121.85*0
REF*PO*0020051016
REF*ST*03646
REF*DP*043
DTM*999*20051015
RMR*IK*364620051016*PI*189.39*189.39*0
REF*PO*0020051017
REF*ST*03646
REF*DP*043
DTM*999*20051016
RMR*IK*364620051017*PI*68.79*68.79*0
REF*PO*0020051018
REF*ST*03646
REF*DP*043
DTM*999*20051017
RMR*IK*364620051018*PI*71*71*0
REF*PO*0020051019
REF*ST*03646
REF*DP*043
DTM*999*20051018
RMR*IK*364620051019*PI*94.77*94.77*0
REF*PO*0020051020
REF*ST*03646
REF*DP*043
DTM*999*20051019
RMR*IK*366020051013*PI*18.74*18.74*0
REF*PO*0020051014
REF*ST*03660
REF*DP*043
DTM*999*20051013
RMR*IK*366020051014*PI*70.18*70.18*0
REF*PO*0020051015
REF*ST*03660
REF*DP*043
DTM*999*20051014
RMR*IK*366020051015*PI*84.84*84.84*0
REF*PO*0020051016
REF*ST*03660
REF*DP*043
DTM*999*20051015
RMR*IK*366020051016*PI*33.56*33.56*0
REF*PO*0020051017
REF*ST*03660
REF*DP*043
DTM*999*20051016
RMR*IK*366020051017*PI*55.9*55.9*0
REF*PO*0020051018
REF*ST*03660
REF*DP*043
DTM*999*20051017
RMR*IK*366020051018*PI*34.59*34.59*0
REF*PO*0020051019
REF*ST*03660
REF*DP*043
DTM*999*20051018
RMR*IK*366020051019*PI*56.73*56.73*0
REF*PO*0020051020
REF*ST*03660
REF*DP*043
DTM*999*20051019
RMR*IK*366020051104*PI*-.7*-.7*0
REF*PO*0020051105
REF*ST*03660
REF*DP*043
DTM*999*20051104
RMR*IK*367220051013*PI*30*30*0
REF*PO*0020051014
REF*ST*03672
REF*DP*043
DTM*999*20051013
RMR*IK*367220051014*PI*272.52*272.52*0
REF*PO*0020051015
REF*ST*03672
REF*DP*043
DTM*999*20051014
RMR*IK*367220051015*PI*135.22*135.22*0
REF*PO*0020051016
REF*ST*03672
REF*DP*043
DTM*999*20051015
RMR*IK*367220051016*PI*40.26*40.26*0
REF*PO*0020051017
REF*ST*03672
REF*DP*043
DTM*999*20051016
RMR*IK*367220051017*PI*10.3*10.3*0
REF*PO*0020051018
REF*ST*03672
REF*DP*043
DTM*999*20051017
RMR*IK*367220051018*PI*18.23*18.23*0
REF*PO*0020051019
REF*ST*03672
REF*DP*043
DTM*999*20051018
RMR*IK*367220051019*PI*26.6*26.6*0
REF*PO*0020051020
REF*ST*03672
REF*DP*043
DTM*999*20051019
RMR*IK*368520051013*PI*47.25*47.25*0
REF*PO*0020051014
REF*ST*03685
REF*DP*043
DTM*999*20051013
RMR*IK*368520051014*PI*71.75*71.75*0
REF*PO*0020051015
REF*ST*03685
REF*DP*043
DTM*999*20051014
RMR*IK*368520051015*PI*97.9*97.9*0
REF*PO*0020051016
REF*ST*03685
REF*DP*043
DTM*999*20051015
RMR*IK*368520051016*PI*29.87*29.87*0
REF*PO*0020051017
REF*ST*03685
REF*DP*043
DTM*999*20051016
RMR*IK*368520051017*PI*23.56*23.56*0
REF*PO*0020051018
REF*ST*03685
REF*DP*043
DTM*999*20051017
RMR*IK*368520051018*PI*21.42*21.42*0
REF*PO*0020051019
REF*ST*03685
REF*DP*043
DTM*999*20051018
RMR*IK*368520051019*PI*17.34*17.34*0
REF*PO*0020051020
REF*ST*03685
REF*DP*043
DTM*999*20051019
RMR*IK*370320051013*PI*286.06*286.06*0
REF*PO*0020051014
REF*ST*03703
REF*DP*043
DTM*999*20051013
RMR*IK*370320051014*PI*413.85*413.85*0
REF*PO*0020051015
REF*ST*03703
REF*DP*043
DTM*999*20051014
RMR*IK*370320051015*PI*516.99*516.99*0
REF*PO*0020051016
REF*ST*03703
REF*DP*043
DTM*999*20051015
RMR*IK*370320051016*PI*349.33*349.33*0
REF*PO*0020051017
REF*ST*03703
REF*DP*043
DTM*999*20051016
RMR*IK*370320051017*PI*216.62*216.62*0
REF*PO*0020051018
REF*ST*03703
REF*DP*043
DTM*999*20051017
RMR*IK*370320051018*PI*143.65*143.65*0
REF*PO*0020051019
REF*ST*03703
REF*DP*043
DTM*999*20051018
RMR*IK*370320051019*PI*188.52*188.52*0
REF*PO*0020051020
REF*ST*03703
REF*DP*043
DTM*999*20051019
RMR*IK*371320051013*PI*77.05*77.05*0
REF*PO*0020051014
REF*ST*03713
REF*DP*043
DTM*999*20051013
RMR*IK*371320051014*PI*132.74*132.74*0
REF*PO*0020051015
REF*ST*03713
REF*DP*043
DTM*999*20051014
RMR*IK*371320051015*PI*206.61*206.61*0
REF*PO*0020051016
REF*ST*03713
REF*DP*043
DTM*999*20051015
RMR*IK*371320051016*PI*79.24*79.24*0
REF*PO*0020051017
REF*ST*03713
REF*DP*043
DTM*999*20051016
RMR*IK*371320051017*PI*20.83*20.83*0
REF*PO*0020051018
REF*ST*03713
REF*DP*043
DTM*999*20051017
RMR*IK*371320051018*PI*24.81*24.81*0
REF*PO*0020051019
REF*ST*03713
REF*DP*043
DTM*999*20051018
RMR*IK*371320051019*PI*7.62*7.62*0
REF*PO*0020051020
REF*ST*03713
REF*DP*043
DTM*999*20051019
RMR*IK*371520051013*PI*110.37*110.37*0
REF*PO*0020051014
REF*ST*03715
REF*DP*043
DTM*999*20051013
RMR*IK*371520051014*PI*161.65*161.65*0
REF*PO*0020051015
REF*ST*03715
REF*DP*043
DTM*999*20051014
RMR*IK*371520051015*PI*105.43*105.43*0
REF*PO*0020051016
REF*ST*03715
REF*DP*043
DTM*999*20051015
RMR*IK*371520051016*PI*86.5*86.5*0
REF*PO*0020051017
REF*ST*03715
REF*DP*043
DTM*999*20051016
RMR*IK*371520051017*PI*57.3*57.3*0
REF*PO*0020051018
REF*ST*03715
REF*DP*043
DTM*999*20051017
RMR*IK*371520051018*PI*90.27*90.27*0
REF*PO*0020051019
REF*ST*03715
REF*DP*043
DTM*999*20051018
RMR*IK*371520051019*PI*63.51*63.51*0
REF*PO*0020051020
REF*ST*03715
REF*DP*043
DTM*999*20051019
RMR*IK*375820051013*PI*5*5*0
REF*PO*0020051014
REF*ST*03758
REF*DP*043
DTM*999*20051013
RMR*IK*375820051014*PI*8.75*8.75*0
REF*PO*0020051015
REF*ST*03758
REF*DP*043
DTM*999*20051014
RMR*IK*375820051015*PI*1.25*1.25*0
REF*PO*0020051016
REF*ST*03758
REF*DP*043
DTM*999*20051015
RMR*IK*375820051016*PI*4.6*4.6*0
REF*PO*0020051017
REF*ST*03758
REF*DP*043
DTM*999*20051016
RMR*IK*375820051017*PI*15*15*0
REF*PO*0020051018
REF*ST*03758
REF*DP*043
DTM*999*20051017
RMR*IK*375820051019*PI*1.25*1.25*0
REF*PO*0020051020
REF*ST*03758
REF*DP*043
DTM*999*20051019
RMR*IK*381220051013*PI*3.75*3.75*0
REF*PO*0020051014
REF*ST*03812
REF*DP*043
DTM*999*20051013
RMR*IK*382220051013*PI*19.43*19.43*0
REF*PO*0020051014
REF*ST*03822
REF*DP*043
DTM*999*20051013
RMR*IK*382220051014*PI*53.22*53.22*0
REF*PO*0020051015
REF*ST*03822
REF*DP*043
DTM*999*20051014
RMR*IK*382220051015*PI*18.83*18.83*0
REF*PO*0020051016
REF*ST*03822
REF*DP*043
DTM*999*20051015
RMR*IK*382220051016*PI*25.87*25.87*0
REF*PO*0020051017
REF*ST*03822
REF*DP*043
DTM*999*20051016
RMR*IK*382220051017*PI*18.64*18.64*0
REF*PO*0020051018
REF*ST*03822
REF*DP*043
DTM*999*20051017
RMR*IK*382220051018*PI*12.74*12.74*0
REF*PO*0020051019
REF*ST*03822
REF*DP*043
DTM*999*20051018
RMR*IK*382220051019*PI*12.37*12.37*0
REF*PO*0020051020
REF*ST*03822
REF*DP*043
DTM*999*20051019
RMR*IK*383620051013*PI*140.21*140.21*0
REF*PO*0020051014
REF*ST*03836
REF*DP*043
DTM*999*20051013
RMR*IK*383620051014*PI*181.54*181.54*0
REF*PO*0020051015
REF*ST*03836
REF*DP*043
DTM*999*20051014
RMR*IK*383620051015*PI*67.22*67.22*0
REF*PO*0020051016
REF*ST*03836
REF*DP*043
DTM*999*20051015
RMR*IK*383620051016*PI*9.75*9.75*0
REF*PO*0020051017
REF*ST*03836
REF*DP*043
DTM*999*20051016
RMR*IK*383620051017*PI*19.11*19.11*0
REF*PO*0020051018
REF*ST*03836
REF*DP*043
DTM*999*20051017
RMR*IK*383620051018*PI*5.25*5.25*0
REF*PO*0020051019
REF*ST*03836
REF*DP*043
DTM*999*20051018
RMR*IK*383620051019*PI*21.21*21.21*0
REF*PO*0020051020
REF*ST*03836
REF*DP*043
DTM*999*20051019
RMR*IK*384820051013*PI*17.25*17.25*0
REF*PO*0020051014
REF*ST*03848
REF*DP*043
DTM*999*20051013
RMR*IK*384820051014*PI*96.37*96.37*0
REF*PO*0020051015
REF*ST*03848
REF*DP*043
DTM*999*20051014
RMR*IK*384820051015*PI*97.27*97.27*0
REF*PO*0020051016
REF*ST*03848
REF*DP*043
DTM*999*20051015
RMR*IK*384820051016*PI*50.53*50.53*0
REF*PO*0020051017
REF*ST*03848
REF*DP*043
DTM*999*20051016
RMR*IK*384820051017*PI*15.5*15.5*0
REF*PO*0020051018
REF*ST*03848
REF*DP*043
DTM*999*20051017
RMR*IK*384820051018*PI*23.59*23.59*0
REF*PO*0020051019
REF*ST*03848
REF*DP*043
DTM*999*20051018
RMR*IK*384820051019*PI*23.18*23.18*0
REF*PO*0020051020
REF*ST*03848
REF*DP*043
DTM*999*20051019
RMR*IK*387620051013*PI*10.34*10.34*0
REF*PO*0020051014
REF*ST*03876
REF*DP*043
DTM*999*20051013
RMR*IK*387620051014*PI*36.87*36.87*0
REF*PO*0020051015
REF*ST*03876
REF*DP*043
DTM*999*20051014
RMR*IK*387620051015*PI*20.24*20.24*0
REF*PO*0020051016
REF*ST*03876
REF*DP*043
DTM*999*20051015
RMR*IK*387620051016*PI*50.05*50.05*0
REF*PO*0020051017
REF*ST*03876
REF*DP*043
DTM*999*20051016
RMR*IK*387620051017*PI*7.21*7.21*0
REF*PO*0020051018
REF*ST*03876
REF*DP*043
DTM*999*20051017
RMR*IK*387620051018*PI*3.81*3.81*0
REF*PO*0020051019
REF*ST*03876
REF*DP*043
DTM*999*20051018
RMR*IK*387620051019*PI*23.99*23.99*0
REF*PO*0020051020
REF*ST*03876
REF*DP*043
DTM*999*20051019
RMR*IK*392920051013*PI*36.5*36.5*0
REF*PO*0020051014
REF*ST*03929
REF*DP*043
DTM*999*20051013
RMR*IK*392920051014*PI*135.25*135.25*0
REF*PO*0020051015
REF*ST*03929
REF*DP*043
DTM*999*20051014
RMR*IK*392920051015*PI*132.3*132.3*0
REF*PO*0020051016
REF*ST*03929
REF*DP*043
DTM*999*20051015
RMR*IK*392920051016*PI*86.86*86.86*0
REF*PO*0020051017
REF*ST*03929
REF*DP*043
DTM*999*20051016
RMR*IK*392920051017*PI*27.5*27.5*0
REF*PO*0020051018
REF*ST*03929
REF*DP*043
DTM*999*20051017
RMR*IK*392920051018*PI*163.79*163.79*0
REF*PO*0020051019
REF*ST*03929
REF*DP*043
DTM*999*20051018
RMR*IK*392920051019*PI*46.02*46.02*0
REF*PO*0020051020
REF*ST*03929
REF*DP*043
DTM*999*20051019
RMR*IK*393120051013*PI*7.31*7.31*0
REF*PO*0020051014
REF*ST*03931
REF*DP*043
DTM*999*20051013
RMR*IK*393120051014*PI*9.99*9.99*0
REF*PO*0020051015
REF*ST*03931
REF*DP*043
DTM*999*20051014
RMR*IK*393120051015*PI*11.56*11.56*0
REF*PO*0020051016
REF*ST*03931
REF*DP*043
DTM*999*20051015
RMR*IK*393120051016*PI*7.5*7.5*0
REF*PO*0020051017
REF*ST*03931
REF*DP*043
DTM*999*20051016
RMR*IK*393120051017*PI*2.25*2.25*0
REF*PO*0020051018
REF*ST*03931
REF*DP*043
DTM*999*20051017
RMR*IK*393120051019*PI*12.46*12.46*0
REF*PO*0020051020
REF*ST*03931
REF*DP*043
DTM*999*20051019
RMR*IK*394120051013*PI*176.27*176.27*0
REF*PO*0020051014
REF*ST*03941
REF*DP*043
DTM*999*20051013
RMR*IK*394120051014*PI*143.78*143.78*0
REF*PO*0020051015
REF*ST*03941
REF*DP*043
DTM*999*20051014
RMR*IK*394120051015*PI*233.36*233.36*0
REF*PO*0020051016
REF*ST*03941
REF*DP*043
DTM*999*20051015
RMR*IK*394120051016*PI*68.77*68.77*0
REF*PO*0020051017
REF*ST*03941
REF*DP*043
DTM*999*20051016
RMR*IK*394120051017*PI*91.92*91.92*0
REF*PO*0020051018
REF*ST*03941
REF*DP*043
DTM*999*20051017
RMR*IK*394120051018*PI*71.14*71.14*0
REF*PO*0020051019
REF*ST*03941
REF*DP*043
DTM*999*20051018
RMR*IK*394120051019*PI*61.68*61.68*0
REF*PO*0020051020
REF*ST*03941
REF*DP*043
DTM*999*20051019
RMR*IK*396620051013*PI*78.34*78.34*0
REF*PO*0020051014
REF*ST*03966
REF*DP*043
DTM*999*20051013
RMR*IK*396620051014*PI*60.27*60.27*0
REF*PO*0020051015
REF*ST*03966
REF*DP*043
DTM*999*20051014
RMR*IK*396620051015*PI*143.4*143.4*0
REF*PO*0020051016
REF*ST*03966
REF*DP*043
DTM*999*20051015
RMR*IK*396620051016*PI*130.62*130.62*0
REF*PO*0020051017
REF*ST*03966
REF*DP*043
DTM*999*20051016
RMR*IK*396620051017*PI*80.81*80.81*0
REF*PO*0020051018
REF*ST*03966
REF*DP*043
DTM*999*20051017
RMR*IK*396620051018*PI*68.66*68.66*0
REF*PO*0020051019
REF*ST*03966
REF*DP*043
DTM*999*20051018
RMR*IK*396620051019*PI*91.36*91.36*0
REF*PO*0020051020
REF*ST*03966
REF*DP*043
DTM*999*20051019
RMR*IK*397820051013*PI*226.12*226.12*0
REF*PO*0020051014
REF*ST*03978
REF*DP*043
DTM*999*20051013
RMR*IK*397820051014*PI*218.47*218.47*0
REF*PO*0020051015
REF*ST*03978
REF*DP*043
DTM*999*20051014
RMR*IK*397820051015*PI*118.36*118.36*0
REF*PO*0020051016
REF*ST*03978
REF*DP*043
DTM*999*20051015
RMR*IK*397820051016*PI*66.98*66.98*0
REF*PO*0020051017
REF*ST*03978
REF*DP*043
DTM*999*20051016
RMR*IK*397820051017*PI*60.02*60.02*0
REF*PO*0020051018
REF*ST*03978
REF*DP*043
DTM*999*20051017
RMR*IK*397820051018*PI*72.8*72.8*0
REF*PO*0020051019
REF*ST*03978
REF*DP*043
DTM*999*20051018
RMR*IK*397820051019*PI*119.42*119.42*0
REF*PO*0020051020
REF*ST*03978
REF*DP*043
DTM*999*20051019
RMR*IK*399620051013*PI*29.35*29.35*0
REF*PO*0020051014
REF*ST*03996
REF*DP*043
DTM*999*20051013
RMR*IK*399620051014*PI*59.28*59.28*0
REF*PO*0020051015
REF*ST*03996
REF*DP*043
DTM*999*20051014
RMR*IK*399620051015*PI*36.09*36.09*0
REF*PO*0020051016
REF*ST*03996
REF*DP*043
DTM*999*20051015
RMR*IK*399620051016*PI*8.24*8.24*0
REF*PO*0020051017
REF*ST*03996
REF*DP*043
DTM*999*20051016
RMR*IK*399620051017*PI*27.92*27.92*0
REF*PO*0020051018
REF*ST*03996
REF*DP*043
DTM*999*20051017
RMR*IK*399620051018*PI*8.96*8.96*0
REF*PO*0020051019
REF*ST*03996
REF*DP*043
DTM*999*20051018
RMR*IK*399620051019*PI*13.39*13.39*0
REF*PO*0020051020
REF*ST*03996
REF*DP*043
DTM*999*20051019
RMR*IK*404820051013*PI*2.5*2.5*0
REF*PO*0020051014
REF*ST*04048
REF*DP*043
DTM*999*20051013
RMR*IK*404820051015*PI*2.5*2.5*0
REF*PO*0020051016
REF*ST*04048
REF*DP*043
DTM*999*20051015
RMR*IK*404820051016*PI*10*10*0
REF*PO*0020051017
REF*ST*04048
REF*DP*043
DTM*999*20051016
RMR*IK*404820051017*PI*2.5*2.5*0
REF*PO*0020051018
REF*ST*04048
REF*DP*043
DTM*999*20051017
RMR*IK*404820051019*PI*1.25*1.25*0
REF*PO*0020051020
REF*ST*04048
REF*DP*043
DTM*999*20051019
RMR*IK*407120051013*PI*18.56*18.56*0
REF*PO*0020051014
REF*ST*04071
REF*DP*043
DTM*999*20051013
RMR*IK*407120051014*PI*64.49*64.49*0
REF*PO*0020051015
REF*ST*04071
REF*DP*043
DTM*999*20051014
RMR*IK*407120051015*PI*9*9*0
REF*PO*0020051016
REF*ST*04071
REF*DP*043
DTM*999*20051015
RMR*IK*407120051016*PI*9.56*9.56*0
REF*PO*0020051017
REF*ST*04071
REF*DP*043
DTM*999*20051016
RMR*IK*407120051017*PI*9.68*9.68*0
REF*PO*0020051018
REF*ST*04071
REF*DP*043
DTM*999*20051017
RMR*IK*407120051019*PI*16.25*16.25*0
REF*PO*0020051020
REF*ST*04071
REF*DP*043
DTM*999*20051019
RMR*IK*409320051013*PI*165.82*165.82*0
REF*PO*0020051014
REF*ST*04093
REF*DP*043
DTM*999*20051013
RMR*IK*409320051014*PI*145.36*145.36*0
REF*PO*0020051015
REF*ST*04093
REF*DP*043
DTM*999*20051014
RMR*IK*409320051015*PI*187.4*187.4*0
REF*PO*0020051016
REF*ST*04093
REF*DP*043
DTM*999*20051015
RMR*IK*409320051016*PI*309.92*309.92*0
REF*PO*0020051017
REF*ST*04093
REF*DP*043
DTM*999*20051016
RMR*IK*409320051017*PI*156.8*156.8*0
REF*PO*0020051018
REF*ST*04093
REF*DP*043
DTM*999*20051017
RMR*IK*409320051018*PI*145*145*0
REF*PO*0020051019
REF*ST*04093
REF*DP*043
DTM*999*20051018
RMR*IK*409320051019*PI*156.83*156.83*0
REF*PO*0020051020
REF*ST*04093
REF*DP*043
DTM*999*20051019
RMR*IK*410320051013*PI*122.84*122.84*0
REF*PO*0020051014
REF*ST*04103
REF*DP*043
DTM*999*20051013
RMR*IK*410320051014*PI*196.71*196.71*0
REF*PO*0020051015
REF*ST*04103
REF*DP*043
DTM*999*20051014
RMR*IK*410320051015*PI*233.53*233.53*0
REF*PO*0020051016
REF*ST*04103
REF*DP*043
DTM*999*20051015
RMR*IK*410320051016*PI*157.73*157.73*0
REF*PO*0020051017
REF*ST*04103
REF*DP*043
DTM*999*20051016
RMR*IK*410320051017*PI*57.81*57.81*0
REF*PO*0020051018
REF*ST*04103
REF*DP*043
DTM*999*20051017
RMR*IK*410320051018*PI*119.21*119.21*0
REF*PO*0020051019
REF*ST*04103
REF*DP*043
DTM*999*20051018
RMR*IK*410320051019*PI*74.25*74.25*0
REF*PO*0020051020
REF*ST*04103
REF*DP*043
DTM*999*20051019
RMR*IK*410320051109*PI*-2.2*-2.2*0
REF*PO*0020051110
REF*ST*04103
REF*DP*043
DTM*999*20051109
RMR*IK*421320051015*PI*5.25*5.25*0
REF*PO*0020051016
REF*ST*04213
REF*DP*043
DTM*999*20051015
RMR*IK*421320051016*PI*4.75*4.75*0
REF*PO*0020051017
REF*ST*04213
REF*DP*043
DTM*999*20051016
RMR*IK*421320051018*PI*5.25*5.25*0
REF*PO*0020051019
REF*ST*04213
REF*DP*043
DTM*999*20051018
RMR*IK*421320051019*PI*5.25*5.25*0
REF*PO*0020051020
REF*ST*04213
REF*DP*043
DTM*999*20051019
RMR*IK*424420051013*PI*253.16*253.16*0
REF*PO*0020051014
REF*ST*04244
REF*DP*043
DTM*999*20051013
RMR*IK*424420051014*PI*397.37*397.37*0
REF*PO*0020051015
REF*ST*04244
REF*DP*043
DTM*999*20051014
RMR*IK*424420051015*PI*292*292*0
REF*PO*0020051016
REF*ST*04244
REF*DP*043
DTM*999*20051015
RMR*IK*424420051016*PI*232.3*232.3*0
REF*PO*0020051017
REF*ST*04244
REF*DP*043
DTM*999*20051016
RMR*IK*424420051017*PI*146.88*146.88*0
REF*PO*0020051018
REF*ST*04244
REF*DP*043
DTM*999*20051017
RMR*IK*424420051018*PI*78.68*78.68*0
REF*PO*0020051019
REF*ST*04244
REF*DP*043
DTM*999*20051018
RMR*IK*424420051019*PI*72.75*72.75*0
REF*PO*0020051020
REF*ST*04244
REF*DP*043
DTM*999*20051019
RMR*IK*429320051013*PI*2.5*2.5*0
REF*PO*0020051014
REF*ST*04293
REF*DP*043
DTM*999*20051013
RMR*IK*429320051014*PI*20*20*0
REF*PO*0020051015
REF*ST*04293
REF*DP*043
DTM*999*20051014
RMR*IK*429320051016*PI*7.5*7.5*0
REF*PO*0020051017
REF*ST*04293
REF*DP*043
DTM*999*20051016
RMR*IK*429320051017*PI*11.25*11.25*0
REF*PO*0020051018
REF*ST*04293
REF*DP*043
DTM*999*20051017
RMR*IK*429320051018*PI*15*15*0
REF*PO*0020051019
REF*ST*04293
REF*DP*043
DTM*999*20051018
RMR*IK*430420051014*PI*6.3*6.3*0
REF*PO*0020051015
REF*ST*04304
REF*DP*043
DTM*999*20051014
RMR*IK*430420051018*PI*8.4*8.4*0
REF*PO*0020051019
REF*ST*04304
REF*DP*043
DTM*999*20051018
RMR*IK*430820051013*PI*72.7*72.7*0
REF*PO*0020051014
REF*ST*04308
REF*DP*043
DTM*999*20051013
RMR*IK*430820051014*PI*106.14*106.14*0
REF*PO*0020051015
REF*ST*04308
REF*DP*043
DTM*999*20051014
RMR*IK*430820051015*PI*82.67*82.67*0
REF*PO*0020051016
REF*ST*04308
REF*DP*043
DTM*999*20051015
RMR*IK*430820051016*PI*40.74*40.74*0
REF*PO*0020051017
REF*ST*04308
REF*DP*043
DTM*999*20051016
RMR*IK*430820051017*PI*71.3*71.3*0
REF*PO*0020051018
REF*ST*04308
REF*DP*043
DTM*999*20051017
RMR*IK*430820051018*PI*149.52*149.52*0
REF*PO*0020051019
REF*ST*04308
REF*DP*043
DTM*999*20051018
RMR*IK*430820051019*PI*48.33*48.33*0
REF*PO*0020051020
REF*ST*04308
REF*DP*043
DTM*999*20051019
RMR*IK*431220051013*PI*45*45*0
REF*PO*0020051014
REF*ST*04312
REF*DP*043
DTM*999*20051013
RMR*IK*431220051014*PI*85.65*85.65*0
REF*PO*0020051015
REF*ST*04312
REF*DP*043
DTM*999*20051014
RMR*IK*431220051015*PI*149.25*149.25*0
REF*PO*0020051016
REF*ST*04312
REF*DP*043
DTM*999*20051015
RMR*IK*431220051016*PI*65.77*65.77*0
REF*PO*0020051017
REF*ST*04312
REF*DP*043
DTM*999*20051016
RMR*IK*431220051017*PI*136.58*136.58*0
REF*PO*0020051018
REF*ST*04312
REF*DP*043
DTM*999*20051017
RMR*IK*431220051018*PI*134.18*134.18*0
REF*PO*0020051019
REF*ST*04312
REF*DP*043
DTM*999*20051018
RMR*IK*431220051019*PI*139.48*139.48*0
REF*PO*0020051020
REF*ST*04312
REF*DP*043
DTM*999*20051019
RMR*IK*443320051014*PI*1.25*1.25*0
REF*PO*0020051015
REF*ST*04433
REF*DP*043
DTM*999*20051014
RMR*IK*443320051015*PI*1.25*1.25*0
REF*PO*0020051016
REF*ST*04433
REF*DP*043
DTM*999*20051015
RMR*IK*443320051016*PI*2.5*2.5*0
REF*PO*0020051017
REF*ST*04433
REF*DP*043
DTM*999*20051016
RMR*IK*443320051017*PI*5*5*0
REF*PO*0020051018
REF*ST*04433
REF*DP*043
DTM*999*20051017
RMR*IK*443320051018*PI*2.5*2.5*0
REF*PO*0020051019
REF*ST*04433
REF*DP*043
DTM*999*20051018
RMR*IK*443320051019*PI*2.5*2.5*0
REF*PO*0020051020
REF*ST*04433
REF*DP*043
DTM*999*20051019
RMR*IK*447520051013*PI*114.75*114.75*0
REF*PO*0020051014
REF*ST*04475
REF*DP*043
DTM*999*20051013
RMR*IK*447520051014*PI*75.37*75.37*0
REF*PO*0020051015
REF*ST*04475
REF*DP*043
DTM*999*20051014
RMR*IK*447520051015*PI*44*44*0
REF*PO*0020051016
REF*ST*04475
REF*DP*043
DTM*999*20051015
RMR*IK*447520051016*PI*21.4*21.4*0
REF*PO*0020051017
REF*ST*04475
REF*DP*043
DTM*999*20051016
RMR*IK*447520051017*PI*36.25*36.25*0
REF*PO*0020051018
REF*ST*04475
REF*DP*043
DTM*999*20051017
RMR*IK*447520051018*PI*28.02*28.02*0
REF*PO*0020051019
REF*ST*04475
REF*DP*043
DTM*999*20051018
RMR*IK*447520051019*PI*5.25*5.25*0
REF*PO*0020051020
REF*ST*04475
REF*DP*043
DTM*999*20051019
RMR*IK*471720051013*PI*39.41*39.41*0
REF*PO*0020051014
REF*ST*04717
REF*DP*043
DTM*999*20051013
RMR*IK*471720051014*PI*72.93*72.93*0
REF*PO*0020051015
REF*ST*04717
REF*DP*043
DTM*999*20051014
RMR*IK*471720051015*PI*34.75*34.75*0
REF*PO*0020051016
REF*ST*04717
REF*DP*043
DTM*999*20051015
RMR*IK*471720051016*PI*88.15*88.15*0
REF*PO*0020051017
REF*ST*04717
REF*DP*043
DTM*999*20051016
RMR*IK*471720051017*PI*50.3*50.3*0
REF*PO*0020051018
REF*ST*04717
REF*DP*043
DTM*999*20051017
RMR*IK*471720051018*PI*17.25*17.25*0
REF*PO*0020051019
REF*ST*04717
REF*DP*043
DTM*999*20051018
RMR*IK*471920051013*PI*204.64*204.64*0
REF*PO*0020051014
REF*ST*04719
REF*DP*043
DTM*999*20051013
RMR*IK*471920051014*PI*165.64*165.64*0
REF*PO*0020051015
REF*ST*04719
REF*DP*043
DTM*999*20051014
RMR*IK*471920051015*PI*366.88*366.88*0
REF*PO*0020051016
REF*ST*04719
REF*DP*043
DTM*999*20051015
RMR*IK*471920051016*PI*109.79*109.79*0
REF*PO*0020051017
REF*ST*04719
REF*DP*043
DTM*999*20051016
RMR*IK*471920051017*PI*93.22*93.22*0
REF*PO*0020051018
REF*ST*04719
REF*DP*043
DTM*999*20051017
RMR*IK*471920051018*PI*183.82*183.82*0
REF*PO*0020051019
REF*ST*04719
REF*DP*043
DTM*999*20051018
RMR*IK*471920051019*PI*125.24*125.24*0
REF*PO*0020051020
REF*ST*04719
REF*DP*043
DTM*999*20051019
RMR*IK*471920051108*PI*-1*-1*0
REF*PO*0020051109
REF*ST*04719
REF*DP*043
DTM*999*20051108
RMR*IK*473920051013*PI*54.18*54.18*0
REF*PO*0020051014
REF*ST*04739
REF*DP*043
DTM*999*20051013
RMR*IK*473920051014*PI*14.9*14.9*0
REF*PO*0020051015
REF*ST*04739
REF*DP*043
DTM*999*20051014
RMR*IK*473920051015*PI*13.59*13.59*0
REF*PO*0020051016
REF*ST*04739
REF*DP*043
DTM*999*20051015
RMR*IK*473920051016*PI*6.75*6.75*0
REF*PO*0020051017
REF*ST*04739
REF*DP*043
DTM*999*20051016
RMR*IK*473920051017*PI*9.27*9.27*0
REF*PO*0020051018
REF*ST*04739
REF*DP*043
DTM*999*20051017
RMR*IK*473920051018*PI*1.5*1.5*0
REF*PO*0020051019
REF*ST*04739
REF*DP*043
DTM*999*20051018
RMR*IK*473920051019*PI*15.25*15.25*0
REF*PO*0020051020
REF*ST*04739
REF*DP*043
DTM*999*20051019
RMR*IK*475320051013*PI*33.62*33.62*0
REF*PO*0020051014
REF*ST*04753
REF*DP*043
DTM*999*20051013
RMR*IK*475320051014*PI*39.83*39.83*0
REF*PO*0020051015
REF*ST*04753
REF*DP*043
DTM*999*20051014
RMR*IK*475320051015*PI*12.53*12.53*0
REF*PO*0020051016
REF*ST*04753
REF*DP*043
DTM*999*20051015
RMR*IK*475320051016*PI*33.66*33.66*0
REF*PO*0020051017
REF*ST*04753
REF*DP*043
DTM*999*20051016
RMR*IK*475320051017*PI*16.74*16.74*0
REF*PO*0020051018
REF*ST*04753
REF*DP*043
DTM*999*20051017
RMR*IK*475320051018*PI*5.25*5.25*0
REF*PO*0020051019
REF*ST*04753
REF*DP*043
DTM*999*20051018
RMR*IK*476020051013*PI*7.21*7.21*0
REF*PO*0020051014
REF*ST*04760
REF*DP*043
DTM*999*20051013
RMR*IK*476020051014*PI*3.5*3.5*0
REF*PO*0020051015
REF*ST*04760
REF*DP*043
DTM*999*20051014
RMR*IK*476020051015*PI*1.5*1.5*0
REF*PO*0020051016
REF*ST*04760
REF*DP*043
DTM*999*20051015
RMR*IK*476920051013*PI*20.5*20.5*0
REF*PO*0020051014
REF*ST*04769
REF*DP*043
DTM*999*20051013
RMR*IK*476920051014*PI*59.61*59.61*0
REF*PO*0020051015
REF*ST*04769
REF*DP*043
DTM*999*20051014
RMR*IK*476920051015*PI*107.07*107.07*0
REF*PO*0020051016
REF*ST*04769
REF*DP*043
DTM*999*20051015
RMR*IK*476920051016*PI*89.22*89.22*0
REF*PO*0020051017
REF*ST*04769
REF*DP*043
DTM*999*20051016
RMR*IK*476920051017*PI*72.9*72.9*0
REF*PO*0020051018
REF*ST*04769
REF*DP*043
DTM*999*20051017
RMR*IK*476920051018*PI*50.86*50.86*0
REF*PO*0020051019
REF*ST*04769
REF*DP*043
DTM*999*20051018
RMR*IK*476920051019*PI*81.37*81.37*0
REF*PO*0020051020
REF*ST*04769
REF*DP*043
DTM*999*20051019
RMR*IK*481720051013*PI*31.47*31.47*0
REF*PO*0020051014
REF*ST*04817
REF*DP*043
DTM*999*20051013
RMR*IK*481720051014*PI*5.75*5.75*0
REF*PO*0020051015
REF*ST*04817
REF*DP*043
DTM*999*20051014
RMR*IK*481720051015*PI*4*4*0
REF*PO*0020051016
REF*ST*04817
REF*DP*043
DTM*999*20051015
RMR*IK*481720051016*PI*3*3*0
REF*PO*0020051017
REF*ST*04817
REF*DP*043
DTM*999*20051016
RMR*IK*481720051017*PI*35.85*35.85*0
REF*PO*0020051018
REF*ST*04817
REF*DP*043
DTM*999*20051017
RMR*IK*481720051018*PI*84.5*84.5*0
REF*PO*0020051019
REF*ST*04817
REF*DP*043
DTM*999*20051018
RMR*IK*481720051019*PI*178.87*178.87*0
REF*PO*0020051020
REF*ST*04817
REF*DP*043
DTM*999*20051019
RMR*IK*483520051013*PI*25*25*0
REF*PO*0020051014
REF*ST*04835
REF*DP*043
DTM*999*20051013
RMR*IK*483520051014*PI*42.84*42.84*0
REF*PO*0020051015
REF*ST*04835
REF*DP*043
DTM*999*20051014
RMR*IK*483520051015*PI*25.59*25.59*0
REF*PO*0020051016
REF*ST*04835
REF*DP*043
DTM*999*20051015
RMR*IK*483520051016*PI*14.25*14.25*0
REF*PO*0020051017
REF*ST*04835
REF*DP*043
DTM*999*20051016
RMR*IK*483520051017*PI*4.31*4.31*0
REF*PO*0020051018
REF*ST*04835
REF*DP*043
DTM*999*20051017
RMR*IK*483520051018*PI*9.5*9.5*0
REF*PO*0020051019
REF*ST*04835
REF*DP*043
DTM*999*20051018
RMR*IK*483520051019*PI*12.75*12.75*0
REF*PO*0020051020
REF*ST*04835
REF*DP*043
DTM*999*20051019
RMR*IK*488320051013*PI*3.56*3.56*0
REF*PO*0020051014
REF*ST*04883
REF*DP*043
DTM*999*20051013
RMR*IK*488320051014*PI*33.76*33.76*0
REF*PO*0020051015
REF*ST*04883
REF*DP*043
DTM*999*20051014
RMR*IK*488320051015*PI*21.89*21.89*0
REF*PO*0020051016
REF*ST*04883
REF*DP*043
DTM*999*20051015
RMR*IK*488320051016*PI*11.71*11.71*0
REF*PO*0020051017
REF*ST*04883
REF*DP*043
DTM*999*20051016
RMR*IK*488320051017*PI*22.98*22.98*0
REF*PO*0020051018
REF*ST*04883
REF*DP*043
DTM*999*20051017
RMR*IK*488320051018*PI*4.87*4.87*0
REF*PO*0020051019
REF*ST*04883
REF*DP*043
DTM*999*20051018
RMR*IK*488320051019*PI*9.68*9.68*0
REF*PO*0020051020
REF*ST*04883
REF*DP*043
DTM*999*20051019
RMR*IK*488320051104*PI*-2.15*-2.15*0
REF*PO*0020051105
REF*ST*04883
REF*DP*043
DTM*999*20051104
RMR*IK*489820051013*PI*14.25*14.25*0
REF*PO*0020051014
REF*ST*04898
REF*DP*043
DTM*999*20051013
RMR*IK*489820051014*PI*4*4*0
REF*PO*0020051015
REF*ST*04898
REF*DP*043
DTM*999*20051014
RMR*IK*489820051015*PI*28.11*28.11*0
REF*PO*0020051016
REF*ST*04898
REF*DP*043
DTM*999*20051015
RMR*IK*489820051016*PI*10.25*10.25*0
REF*PO*0020051017
REF*ST*04898
REF*DP*043
DTM*999*20051016
RMR*IK*489820051017*PI*5.25*5.25*0
REF*PO*0020051018
REF*ST*04898
REF*DP*043
DTM*999*20051017
RMR*IK*489820051018*PI*1.75*1.75*0
REF*PO*0020051019
REF*ST*04898
REF*DP*043
DTM*999*20051018
RMR*IK*489820051019*PI*5.87*5.87*0
REF*PO*0020051020
REF*ST*04898
REF*DP*043
DTM*999*20051019
RMR*IK*497020051013*PI*22.93*22.93*0
REF*PO*0020051014
REF*ST*04970
REF*DP*043
DTM*999*20051013
RMR*IK*497020051014*PI*60.75*60.75*0
REF*PO*0020051015
REF*ST*04970
REF*DP*043
DTM*999*20051014
RMR*IK*497020051015*PI*249.42*249.42*0
REF*PO*0020051016
REF*ST*04970
REF*DP*043
DTM*999*20051015
RMR*IK*497020051016*PI*55.7*55.7*0
REF*PO*0020051017
REF*ST*04970
REF*DP*043
DTM*999*20051016
RMR*IK*497020051017*PI*17.61*17.61*0
REF*PO*0020051018
REF*ST*04970
REF*DP*043
DTM*999*20051017
RMR*IK*497020051018*PI*13.11*13.11*0
REF*PO*0020051019
REF*ST*04970
REF*DP*043
DTM*999*20051018
RMR*IK*497020051019*PI*3.09*3.09*0
REF*PO*0020051020
REF*ST*04970
REF*DP*043
DTM*999*20051019
RMR*IK*502320051013*PI*32.64*32.64*0
REF*PO*0020051015
REF*ST*05023
REF*DP*043
DTM*999*20051013
RMR*IK*502320051014*PI*50.86*50.86*0
REF*PO*0020051016
REF*ST*05023
REF*DP*043
DTM*999*20051014
RMR*IK*502320051015*PI*36.56*36.56*0
REF*PO*0020051017
REF*ST*05023
REF*DP*043
DTM*999*20051015
RMR*IK*502320051016*PI*16.78*16.78*0
REF*PO*0020051018
REF*ST*05023
REF*DP*043
DTM*999*20051016
RMR*IK*502320051017*PI*36.67*36.67*0
REF*PO*0020051019
REF*ST*05023
REF*DP*043
DTM*999*20051017
RMR*IK*502320051018*PI*43.3*43.3*0
REF*PO*0020051020
REF*ST*05023
REF*DP*043
DTM*999*20051018
RMR*IK*502320051019*PI*20.21*20.21*0
REF*PO*0020051021
REF*ST*05023
REF*DP*043
DTM*999*20051019
RMR*IK*702120051014*PI*10*10*0
REF*PO*0020051015
REF*ST*07021
REF*DP*043
DTM*999*20051014
RMR*IK*702120051015*PI*1.25*1.25*0
REF*PO*0020051016
REF*ST*07021
REF*DP*043
DTM*999*20051015
RMR*IK*702120051016*PI*6.25*6.25*0
REF*PO*0020051017
REF*ST*07021
REF*DP*043
DTM*999*20051016
RMR*IK*702120051017*PI*15*15*0
REF*PO*0020051018
REF*ST*07021
REF*DP*043
DTM*999*20051017
RMR*IK*702120051019*PI*11.25*11.25*0
REF*PO*0020051020
REF*ST*07021
REF*DP*043
DTM*999*20051019
RMR*IK*704520051013*PI*87.87*87.87*0
REF*PO*0020051014
REF*ST*07045
REF*DP*043
DTM*999*20051013
RMR*IK*704520051014*PI*89.5*89.5*0
REF*PO*0020051015
REF*ST*07045
REF*DP*043
DTM*999*20051014
RMR*IK*704520051015*PI*134.32*134.32*0
REF*PO*0020051016
REF*ST*07045
REF*DP*043
DTM*999*20051015
RMR*IK*704520051016*PI*54.27*54.27*0
REF*PO*0020051017
REF*ST*07045
REF*DP*043
DTM*999*20051016
RMR*IK*704520051017*PI*57.01*57.01*0
REF*PO*0020051018
REF*ST*07045
REF*DP*043
DTM*999*20051017
RMR*IK*704520051018*PI*25.02*25.02*0
REF*PO*0020051019
REF*ST*07045
REF*DP*043
DTM*999*20051018
RMR*IK*704520051019*PI*22.18*22.18*0
REF*PO*0020051020
REF*ST*07045
REF*DP*043
DTM*999*20051019
RMR*IK*705920051013*PI*45.4*45.4*0
REF*PO*0020051014
REF*ST*07059
REF*DP*043
DTM*999*20051013
RMR*IK*705920051014*PI*32.62*32.62*0
REF*PO*0020051015
REF*ST*07059
REF*DP*043
DTM*999*20051014
RMR*IK*705920051015*PI*37.68*37.68*0
REF*PO*0020051016
REF*ST*07059
REF*DP*043
DTM*999*20051015
RMR*IK*705920051016*PI*38.62*38.62*0
REF*PO*0020051017
REF*ST*07059
REF*DP*043
DTM*999*20051016
RMR*IK*705920051017*PI*8.24*8.24*0
REF*PO*0020051018
REF*ST*07059
REF*DP*043
DTM*999*20051017
RMR*IK*705920051018*PI*5.06*5.06*0
REF*PO*0020051019
REF*ST*07059
REF*DP*043
DTM*999*20051018
RMR*IK*705920051019*PI*25.26*25.26*0
REF*PO*0020051020
REF*ST*07059
REF*DP*043
DTM*999*20051019
RMR*IK*706420051013*PI*3.09*3.09*0
REF*PO*0020051014
REF*ST*07064
REF*DP*043
DTM*999*20051013
RMR*IK*706620051013*PI*149.92*149.92*0
REF*PO*0020051014
REF*ST*07066
REF*DP*043
DTM*999*20051013
RMR*IK*706620051014*PI*68.92*68.92*0
REF*PO*0020051015
REF*ST*07066
REF*DP*043
DTM*999*20051014
RMR*IK*706620051015*PI*130.74*130.74*0
REF*PO*0020051016
REF*ST*07066
REF*DP*043
DTM*999*20051015
RMR*IK*706620051016*PI*31.21*31.21*0
REF*PO*0020051017
REF*ST*07066
REF*DP*043
DTM*999*20051016
RMR*IK*706620051017*PI*55.06*55.06*0
REF*PO*0020051018
REF*ST*07066
REF*DP*043
DTM*999*20051017
RMR*IK*706620051018*PI*43.49*43.49*0
REF*PO*0020051019
REF*ST*07066
REF*DP*043
DTM*999*20051018
RMR*IK*706620051019*PI*105.49*105.49*0
REF*PO*0020051020
REF*ST*07066
REF*DP*043
DTM*999*20051019
RMR*IK*706920051013*PI*137.55*137.55*0
REF*PO*0020051014
REF*ST*07069
REF*DP*043
DTM*999*20051013
RMR*IK*706920051014*PI*184.64*184.64*0
REF*PO*0020051015
REF*ST*07069
REF*DP*043
DTM*999*20051014
RMR*IK*706920051015*PI*119.71*119.71*0
REF*PO*0020051016
REF*ST*07069
REF*DP*043
DTM*999*20051015
RMR*IK*706920051016*PI*112.07*112.07*0
REF*PO*0020051017
REF*ST*07069
REF*DP*043
DTM*999*20051016
RMR*IK*706920051017*PI*103.43*103.43*0
REF*PO*0020051018
REF*ST*07069
REF*DP*043
DTM*999*20051017
RMR*IK*706920051018*PI*57.2*57.2*0
REF*PO*0020051019
REF*ST*07069
REF*DP*043
DTM*999*20051018
RMR*IK*706920051019*PI*17.65*17.65*0
REF*PO*0020051020
REF*ST*07069
REF*DP*043
DTM*999*20051019
RMR*IK*707620051013*PI*98.5*98.5*0
REF*PO*0020051014
REF*ST*07076
REF*DP*043
DTM*999*20051013
RMR*IK*707620051014*PI*81.97*81.97*0
REF*PO*0020051015
REF*ST*07076
REF*DP*043
DTM*999*20051014
RMR*IK*707620051015*PI*71.14*71.14*0
REF*PO*0020051016
REF*ST*07076
REF*DP*043
DTM*999*20051015
RMR*IK*707620051016*PI*16.25*16.25*0
REF*PO*0020051017
REF*ST*07076
REF*DP*043
DTM*999*20051016
RMR*IK*707620051017*PI*29.12*29.12*0
REF*PO*0020051018
REF*ST*07076
REF*DP*043
DTM*999*20051017
RMR*IK*707620051018*PI*7.62*7.62*0
REF*PO*0020051019
REF*ST*07076
REF*DP*043
DTM*999*20051018
RMR*IK*707620051019*PI*33.05*33.05*0
REF*PO*0020051020
REF*ST*07076
REF*DP*043
DTM*999*20051019
RMR*IK*713220051013*PI*169.35*169.35*0
REF*PO*0020051014
REF*ST*07132
REF*DP*043
DTM*999*20051013
RMR*IK*713220051014*PI*258.84*258.84*0
REF*PO*0020051015
REF*ST*07132
REF*DP*043
DTM*999*20051014
RMR*IK*713220051015*PI*114.28*114.28*0
REF*PO*0020051016
REF*ST*07132
REF*DP*043
DTM*999*20051015
RMR*IK*713220051016*PI*33.02*33.02*0
REF*PO*0020051017
REF*ST*07132
REF*DP*043
DTM*999*20051016
RMR*IK*713220051017*PI*180.68*180.68*0
REF*PO*0020051018
REF*ST*07132
REF*DP*043
DTM*999*20051017
RMR*IK*713220051018*PI*81.56*81.56*0
REF*PO*0020051019
REF*ST*07132
REF*DP*043
DTM*999*20051018
RMR*IK*713220051019*PI*168.32*168.32*0
REF*PO*0020051020
REF*ST*07132
REF*DP*043
DTM*999*20051019
RMR*IK*714620051013*PI*1.75*1.75*0
REF*PO*0020051014
REF*ST*07146
REF*DP*043
DTM*999*20051013
RMR*IK*715420051013*PI*7*7*0
REF*PO*0020051014
REF*ST*07154
REF*DP*043
DTM*999*20051013
RMR*IK*715420051014*PI*94.61*94.61*0
REF*PO*0020051015
REF*ST*07154
REF*DP*043
DTM*999*20051014
RMR*IK*715420051015*PI*121.28*121.28*0
REF*PO*0020051016
REF*ST*07154
REF*DP*043
DTM*999*20051015
RMR*IK*715420051016*PI*27.7*27.7*0
REF*PO*0020051017
REF*ST*07154
REF*DP*043
DTM*999*20051016
RMR*IK*715420051017*PI*24.81*24.81*0
REF*PO*0020051018
REF*ST*07154
REF*DP*043
DTM*999*20051017
RMR*IK*715420051018*PI*35.42*35.42*0
REF*PO*0020051019
REF*ST*07154
REF*DP*043
DTM*999*20051018
RMR*IK*715420051019*PI*23.92*23.92*0
REF*PO*0020051020
REF*ST*07154
REF*DP*043
DTM*999*20051019
RMR*IK*718420051013*PI*264.92*264.92*0
REF*PO*0020051014
REF*ST*07184
REF*DP*043
DTM*999*20051013
RMR*IK*718420051014*PI*203.74*203.74*0
REF*PO*0020051015
REF*ST*07184
REF*DP*043
DTM*999*20051014
RMR*IK*718420051015*PI*239.84*239.84*0
REF*PO*0020051016
REF*ST*07184
REF*DP*043
DTM*999*20051015
RMR*IK*718420051016*PI*395.71*395.71*0
REF*PO*0020051017
REF*ST*07184
REF*DP*043
DTM*999*20051016
RMR*IK*718420051017*PI*195.5*195.5*0
REF*PO*0020051018
REF*ST*07184
REF*DP*043
DTM*999*20051017
RMR*IK*718420051018*PI*200.8*200.8*0
REF*PO*0020051019
REF*ST*07184
REF*DP*043
DTM*999*20051018
RMR*IK*718420051019*PI*219.78*219.78*0
REF*PO*0020051020
REF*ST*07184
REF*DP*043
DTM*999*20051019
RMR*IK*725520051013*PI*369*369*0
REF*PO*0020051014
REF*ST*07255
REF*DP*043
DTM*999*20051013
RMR*IK*725520051014*PI*276.61*276.61*0
REF*PO*0020051015
REF*ST*07255
REF*DP*043
DTM*999*20051014
RMR*IK*725520051015*PI*269.84*269.84*0
REF*PO*0020051016
REF*ST*07255
REF*DP*043
DTM*999*20051015
RMR*IK*725520051016*PI*191.68*191.68*0
REF*PO*0020051017
REF*ST*07255
REF*DP*043
DTM*999*20051016
RMR*IK*725520051017*PI*142.58*142.58*0
REF*PO*0020051018
REF*ST*07255
REF*DP*043
DTM*999*20051017
RMR*IK*725520051018*PI*124.4*124.4*0
REF*PO*0020051019
REF*ST*07255
REF*DP*043
DTM*999*20051018
RMR*IK*725520051019*PI*120.48*120.48*0
REF*PO*0020051020
REF*ST*07255
REF*DP*043
DTM*999*20051019
RMR*IK*730420051013*PI*3.75*3.75*0
REF*PO*0020051014
REF*ST*07304
REF*DP*043
DTM*999*20051013
RMR*IK*730420051014*PI*2.5*2.5*0
REF*PO*0020051015
REF*ST*07304
REF*DP*043
DTM*999*20051014
RMR*IK*730420051015*PI*3.75*3.75*0
REF*PO*0020051016
REF*ST*07304
REF*DP*043
DTM*999*20051015
RMR*IK*730420051016*PI*6.25*6.25*0
REF*PO*0020051017
REF*ST*07304
REF*DP*043
DTM*999*20051016
RMR*IK*730420051017*PI*5*5*0
REF*PO*0020051018
REF*ST*07304
REF*DP*043
DTM*999*20051017
RMR*IK*730420051018*PI*6.25*6.25*0
REF*PO*0020051019
REF*ST*07304
REF*DP*043
DTM*999*20051018
RMR*IK*730420051019*PI*3.75*3.75*0
REF*PO*0020051020
REF*ST*07304
REF*DP*043
DTM*999*20051019
RMR*IK*735820051013*PI*141.26*141.26*0
REF*PO*0020051014
REF*ST*07358
REF*DP*043
DTM*999*20051013
RMR*IK*735820051014*PI*682.15*682.15*0
REF*PO*0020051015
REF*ST*07358
REF*DP*043
DTM*999*20051014
RMR*IK*735820051015*PI*293.17*293.17*0
REF*PO*0020051016
REF*ST*07358
REF*DP*043
DTM*999*20051015
RMR*IK*735820051016*PI*109.9*109.9*0
REF*PO*0020051017
REF*ST*07358
REF*DP*043
DTM*999*20051016
RMR*IK*735820051017*PI*114.25*114.25*0
REF*PO*0020051018
REF*ST*07358
REF*DP*043
DTM*999*20051017
RMR*IK*735820051018*PI*57.76*57.76*0
REF*PO*0020051019
REF*ST*07358
REF*DP*043
DTM*999*20051018
RMR*IK*735820051019*PI*65.77*65.77*0
REF*PO*0020051020
REF*ST*07358
REF*DP*043
DTM*999*20051019
RMR*IK*736220051013*PI*34.5*34.5*0
REF*PO*0020051014
REF*ST*07362
REF*DP*043
DTM*999*20051013
RMR*IK*736220051014*PI*43.56*43.56*0
REF*PO*0020051015
REF*ST*07362
REF*DP*043
DTM*999*20051014
RMR*IK*736220051015*PI*39.59*39.59*0
REF*PO*0020051016
REF*ST*07362
REF*DP*043
DTM*999*20051015
RMR*IK*736220051016*PI*15.84*15.84*0
REF*PO*0020051017
REF*ST*07362
REF*DP*043
DTM*999*20051016
RMR*IK*736220051017*PI*15.25*15.25*0
REF*PO*0020051018
REF*ST*07362
REF*DP*043
DTM*999*20051017
RMR*IK*736220051018*PI*26.8*26.8*0
REF*PO*0020051019
REF*ST*07362
REF*DP*043
DTM*999*20051018
RMR*IK*743720051014*PI*5.25*5.25*0
REF*PO*0020051015
REF*ST*07437
REF*DP*043
DTM*999*20051014
RMR*IK*743720051015*PI*6.75*6.75*0
REF*PO*0020051016
REF*ST*07437
REF*DP*043
DTM*999*20051015
RMR*IK*743720051016*PI*13.5*13.5*0
REF*PO*0020051017
REF*ST*07437
REF*DP*043
DTM*999*20051016
RMR*IK*743720051018*PI*3.5*3.5*0
REF*PO*0020051019
REF*ST*07437
REF*DP*043
DTM*999*20051018
RMR*IK*746020051013*PI*81.09*81.09*0
REF*PO*0020051014
REF*ST*07460
REF*DP*043
DTM*999*20051013
RMR*IK*746020051014*PI*124.53*124.53*0
REF*PO*0020051015
REF*ST*07460
REF*DP*043
DTM*999*20051014
RMR*IK*746020051015*PI*113.81*113.81*0
REF*PO*0020051016
REF*ST*07460
REF*DP*043
DTM*999*20051015
RMR*IK*746020051016*PI*42.95*42.95*0
REF*PO*0020051017
REF*ST*07460
REF*DP*043
DTM*999*20051016
RMR*IK*746020051017*PI*18.74*18.74*0
REF*PO*0020051018
REF*ST*07460
REF*DP*043
DTM*999*20051017
RMR*IK*746020051018*PI*8.96*8.96*0
REF*PO*0020051019
REF*ST*07460
REF*DP*043
DTM*999*20051018
RMR*IK*746020051019*PI*27.51*27.51*0
REF*PO*0020051020
REF*ST*07460
REF*DP*043
DTM*999*20051019
RMR*IK*746120051013*PI*28.1*28.1*0
REF*PO*0020051014
REF*ST*07461
REF*DP*043
DTM*999*20051013
RMR*IK*746120051014*PI*25.12*25.12*0
REF*PO*0020051015
REF*ST*07461
REF*DP*043
DTM*999*20051014
RMR*IK*746120051015*PI*27.7*27.7*0
REF*PO*0020051016
REF*ST*07461
REF*DP*043
DTM*999*20051015
RMR*IK*746120051016*PI*50.88*50.88*0
REF*PO*0020051017
REF*ST*07461
REF*DP*043
DTM*999*20051016
RMR*IK*746120051017*PI*4.75*4.75*0
REF*PO*0020051018
REF*ST*07461
REF*DP*043
DTM*999*20051017
RMR*IK*746120051018*PI*10.9*10.9*0
REF*PO*0020051019
REF*ST*07461
REF*DP*043
DTM*999*20051018
RMR*IK*746120051019*PI*20.4*20.4*0
REF*PO*0020051020
REF*ST*07461
REF*DP*043
DTM*999*20051019
RMR*IK*754320051013*PI*1.25*1.25*0
REF*PO*0020051014
REF*ST*07543
REF*DP*043
DTM*999*20051013
RMR*IK*754320051015*PI*8.75*8.75*0
REF*PO*0020051016
REF*ST*07543
REF*DP*043
DTM*999*20051015
RMR*IK*754320051016*PI*2.5*2.5*0
REF*PO*0020051017
REF*ST*07543
REF*DP*043
DTM*999*20051016
RMR*IK*754320051017*PI*3.75*3.75*0
REF*PO*0020051018
REF*ST*07543
REF*DP*043
DTM*999*20051017
RMR*IK*754320051018*PI*2.5*2.5*0
REF*PO*0020051019
REF*ST*07543
REF*DP*043
DTM*999*20051018
RMR*IK*754320051019*PI*1.25*1.25*0
REF*PO*0020051020
REF*ST*07543
REF*DP*043
DTM*999*20051019
RMR*IK*760720051013*PI*74.58*74.58*0
REF*PO*0020051014
REF*ST*07607
REF*DP*043
DTM*999*20051013
RMR*IK*760720051014*PI*28.89*28.89*0
REF*PO*0020051015
REF*ST*07607
REF*DP*043
DTM*999*20051014
RMR*IK*760720051015*PI*57.24*57.24*0
REF*PO*0020051016
REF*ST*07607
REF*DP*043
DTM*999*20051015
RMR*IK*760720051016*PI*30.92*30.92*0
REF*PO*0020051017
REF*ST*07607
REF*DP*043
DTM*999*20051016
RMR*IK*760720051017*PI*20.93*20.93*0
REF*PO*0020051018
REF*ST*07607
REF*DP*043
DTM*999*20051017
RMR*IK*760720051018*PI*19.06*19.06*0
REF*PO*0020051019
REF*ST*07607
REF*DP*043
DTM*999*20051018
RMR*IK*760720051019*PI*8.34*8.34*0
REF*PO*0020051020
REF*ST*07607
REF*DP*043
DTM*999*20051019
RMR*IK*761020051013*PI*67.29*67.29*0
REF*PO*0020051014
REF*ST*07610
REF*DP*043
DTM*999*20051013
RMR*IK*761020051014*PI*21.15*21.15*0
REF*PO*0020051015
REF*ST*07610
REF*DP*043
DTM*999*20051014
RMR*IK*761020051015*PI*81.8*81.8*0
REF*PO*0020051016
REF*ST*07610
REF*DP*043
DTM*999*20051015
RMR*IK*761020051016*PI*101.81*101.81*0
REF*PO*0020051017
REF*ST*07610
REF*DP*043
DTM*999*20051016
RMR*IK*761020051017*PI*50.25*50.25*0
REF*PO*0020051018
REF*ST*07610
REF*DP*043
DTM*999*20051017
RMR*IK*761020051018*PI*5.87*5.87*0
REF*PO*0020051019
REF*ST*07610
REF*DP*043
DTM*999*20051018
RMR*IK*761020051019*PI*1.03*1.03*0
REF*PO*0020051020
REF*ST*07610
REF*DP*043
DTM*999*20051019
RMR*IK*762920051013*PI*42.84*42.84*0
REF*PO*0020051014
REF*ST*07629
REF*DP*043
DTM*999*20051013
RMR*IK*762920051014*PI*27.83*27.83*0
REF*PO*0020051015
REF*ST*07629
REF*DP*043
DTM*999*20051014
RMR*IK*762920051015*PI*41.12*41.12*0
REF*PO*0020051016
REF*ST*07629
REF*DP*043
DTM*999*20051015
RMR*IK*762920051016*PI*27.5*27.5*0
REF*PO*0020051017
REF*ST*07629
REF*DP*043
DTM*999*20051016
RMR*IK*762920051017*PI*1.75*1.75*0
REF*PO*0020051018
REF*ST*07629
REF*DP*043
DTM*999*20051017
RMR*IK*762920051018*PI*6.9*6.9*0
REF*PO*0020051019
REF*ST*07629
REF*DP*043
DTM*999*20051018
RMR*IK*762920051019*PI*14.11*14.11*0
REF*PO*0020051020
REF*ST*07629
REF*DP*043
DTM*999*20051019
RMR*IK*763720051013*PI*20.78*20.78*0
REF*PO*0020051014
REF*ST*07637
REF*DP*043
DTM*999*20051013
RMR*IK*763720051014*PI*42.68*42.68*0
REF*PO*0020051015
REF*ST*07637
REF*DP*043
DTM*999*20051014
RMR*IK*763720051015*PI*65.98*65.98*0
REF*PO*0020051016
REF*ST*07637
REF*DP*043
DTM*999*20051015
RMR*IK*763720051016*PI*39.33*39.33*0
REF*PO*0020051017
REF*ST*07637
REF*DP*043
DTM*999*20051016
RMR*IK*763720051017*PI*25.68*25.68*0
REF*PO*0020051018
REF*ST*07637
REF*DP*043
DTM*999*20051017
RMR*IK*763720051018*PI*19.06*19.06*0
REF*PO*0020051019
REF*ST*07637
REF*DP*043
DTM*999*20051018
RMR*IK*763720051019*PI*10.4*10.4*0
REF*PO*0020051020
REF*ST*07637
REF*DP*043
DTM*999*20051019
RMR*IK*771820051013*PI*79.84*79.84*0
REF*PO*0020051014
REF*ST*07718
REF*DP*043
DTM*999*20051013
RMR*IK*771820051014*PI*59.92*59.92*0
REF*PO*0020051015
REF*ST*07718
REF*DP*043
DTM*999*20051014
RMR*IK*771820051015*PI*79.85*79.85*0
REF*PO*0020051016
REF*ST*07718
REF*DP*043
DTM*999*20051015
RMR*IK*771820051016*PI*37.06*37.06*0
REF*PO*0020051017
REF*ST*07718
REF*DP*043
DTM*999*20051016
RMR*IK*771820051017*PI*24.81*24.81*0
REF*PO*0020051018
REF*ST*07718
REF*DP*043
DTM*999*20051017
RMR*IK*771820051018*PI*24.81*24.81*0
REF*PO*0020051019
REF*ST*07718
REF*DP*043
DTM*999*20051018
RMR*IK*771820051019*PI*26.15*26.15*0
REF*PO*0020051020
REF*ST*07718
REF*DP*043
DTM*999*20051019
RMR*IK*771920051013*PI*21.75*21.75*0
REF*PO*0020051014
REF*ST*07719
REF*DP*043
DTM*999*20051013
RMR*IK*771920051014*PI*30*30*0
REF*PO*0020051015
REF*ST*07719
REF*DP*043
DTM*999*20051014
RMR*IK*771920051015*PI*16.5*16.5*0
REF*PO*0020051016
REF*ST*07719
REF*DP*043
DTM*999*20051015
RMR*IK*771920051016*PI*4*4*0
REF*PO*0020051017
REF*ST*07719
REF*DP*043
DTM*999*20051016
RMR*IK*771920051017*PI*6.25*6.25*0
REF*PO*0020051018
REF*ST*07719
REF*DP*043
DTM*999*20051017
RMR*IK*771920051019*PI*6.25*6.25*0
REF*PO*0020051020
REF*ST*07719
REF*DP*043
DTM*999*20051019
RMR*IK*933120051014*PI*12.1*12.1*0
REF*PO*0020051015
REF*ST*09331
REF*DP*043
DTM*999*20051014
RMR*IK*933120051015*PI*6.7*6.7*0
REF*PO*0020051016
REF*ST*09331
REF*DP*043
DTM*999*20051015
RMR*IK*933120051016*PI*17.1*17.1*0
REF*PO*0020051017
REF*ST*09331
REF*DP*043
DTM*999*20051016
RMR*IK*933120051017*PI*11.7*11.7*0
REF*PO*0020051018
REF*ST*09331
REF*DP*043
DTM*999*20051017
RMR*IK*933120051018*PI*15.05*15.05*0
REF*PO*0020051019
REF*ST*09331
REF*DP*043
DTM*999*20051018
RMR*IK*933820051014*PI*3.75*3.75*0
REF*PO*0020051015
REF*ST*09338
REF*DP*043
DTM*999*20051014
RMR*IK*933820051015*PI*8.75*8.75*0
REF*PO*0020051016
REF*ST*09338
REF*DP*043
DTM*999*20051015
RMR*IK*933820051017*PI*5.45*5.45*0
REF*PO*0020051018
REF*ST*09338
REF*DP*043
DTM*999*20051017
RMR*IK*933820051018*PI*1.25*1.25*0
REF*PO*0020051019
REF*ST*09338
REF*DP*043
DTM*999*20051018
RMR*IK*935120051016*PI*8.4*8.4*0
REF*PO*0020051017
REF*ST*09351
REF*DP*043
DTM*999*20051016
RMR*IK*935120051017*PI*2.5*2.5*0
REF*PO*0020051018
REF*ST*09351
REF*DP*043
DTM*999*20051017
RMR*IK*935120051019*PI*6.25*6.25*0
REF*PO*0020051020
REF*ST*09351
REF*DP*043
DTM*999*20051019
RMR*IK*935320051013*PI*7.5*7.5*0
REF*PO*0020051014
REF*ST*09353
REF*DP*043
DTM*999*20051013
RMR*IK*935320051014*PI*8.75*8.75*0
REF*PO*0020051015
REF*ST*09353
REF*DP*043
DTM*999*20051014
RMR*IK*935320051015*PI*10*10*0
REF*PO*0020051016
REF*ST*09353
REF*DP*043
DTM*999*20051015
RMR*IK*935320051016*PI*2.5*2.5*0
REF*PO*0020051017
REF*ST*09353
REF*DP*043
DTM*999*20051016
RMR*IK*962020051013*PI*25.17*25.17*0
REF*PO*0020051014
REF*ST*09620
REF*DP*043
DTM*999*20051013
RMR*IK*962020051014*PI*24.06*24.06*0
REF*PO*0020051015
REF*ST*09620
REF*DP*043
DTM*999*20051014
RMR*IK*962020051015*PI*23.75*23.75*0
REF*PO*0020051016
REF*ST*09620
REF*DP*043
DTM*999*20051015
RMR*IK*962020051016*PI*9*9*0
REF*PO*0020051017
REF*ST*09620
REF*DP*043
DTM*999*20051016
RMR*IK*962020051017*PI*11.53*11.53*0
REF*PO*0020051018
REF*ST*09620
REF*DP*043
DTM*999*20051017
RMR*IK*962020051018*PI*14*14*0
REF*PO*0020051019
REF*ST*09620
REF*DP*043
DTM*999*20051018
RMR*IK*962020051019*PI*74.53*74.53*0
REF*PO*0020051020
REF*ST*09620
REF*DP*043
DTM*999*20051019
RMR*IK*962120051013*PI*299.9*299.9*0
REF*PO*0020051014
REF*ST*09621
REF*DP*043
DTM*999*20051013
RMR*IK*962120051014*PI*238.92*238.92*0
REF*PO*0020051015
REF*ST*09621
REF*DP*043
DTM*999*20051014
RMR*IK*962120051015*PI*65.86*65.86*0
REF*PO*0020051016
REF*ST*09621
REF*DP*043
DTM*999*20051015
RMR*IK*962120051016*PI*23.58*23.58*0
REF*PO*0020051017
REF*ST*09621
REF*DP*043
DTM*999*20051016
RMR*IK*962120051017*PI*54.25*54.25*0
REF*PO*0020051018
REF*ST*09621
REF*DP*043
DTM*999*20051017
RMR*IK*962120051018*PI*153.93*153.93*0
REF*PO*0020051019
REF*ST*09621
REF*DP*043
DTM*999*20051018
RMR*IK*962120051019*PI*75.36*75.36*0
REF*PO*0020051020
REF*ST*09621
REF*DP*043
DTM*999*20051019
RMR*IK*962220051013*PI*22.75*22.75*0
REF*PO*0020051014
REF*ST*09622
REF*DP*043
DTM*999*20051013
RMR*IK*962220051014*PI*60.12*60.12*0
REF*PO*0020051015
REF*ST*09622
REF*DP*043
DTM*999*20051014
RMR*IK*962220051015*PI*96.25*96.25*0
REF*PO*0020051016
REF*ST*09622
REF*DP*043
DTM*999*20051015
RMR*IK*962220051016*PI*3.5*3.5*0
REF*PO*0020051017
REF*ST*09622
REF*DP*043
DTM*999*20051016
RMR*IK*962220051017*PI*3.5*3.5*0
REF*PO*0020051018
REF*ST*09622
REF*DP*043
DTM*999*20051017
RMR*IK*962220051018*PI*14*14*0
REF*PO*0020051019
REF*ST*09622
REF*DP*043
DTM*999*20051018
RMR*IK*962220051019*PI*13.5*13.5*0
REF*PO*0020051020
REF*ST*09622
REF*DP*043
DTM*999*20051019
RMR*IK*962520051013*PI*40.37*40.37*0
REF*PO*0020051014
REF*ST*09625
REF*DP*043
DTM*999*20051013
RMR*IK*962520051014*PI*33.5*33.5*0
REF*PO*0020051015
REF*ST*09625
REF*DP*043
DTM*999*20051014
RMR*IK*962520051015*PI*87.82*87.82*0
REF*PO*0020051016
REF*ST*09625
REF*DP*043
DTM*999*20051015
RMR*IK*962520051016*PI*90.86*90.86*0
REF*PO*0020051017
REF*ST*09625
REF*DP*043
DTM*999*20051016
RMR*IK*962520051017*PI*42*42*0
REF*PO*0020051018
REF*ST*09625
REF*DP*043
DTM*999*20051017
RMR*IK*962520051018*PI*47*47*0
REF*PO*0020051019
REF*ST*09625
REF*DP*043
DTM*999*20051018
RMR*IK*962520051019*PI*24.16*24.16*0
REF*PO*0020051020
REF*ST*09625
REF*DP*043
DTM*999*20051019
RMR*IK*962920051013*PI*144.78*144.78*0
REF*PO*0020051014
REF*ST*09629
REF*DP*043
DTM*999*20051013
RMR*IK*962920051014*PI*156.75*156.75*0
REF*PO*0020051015
REF*ST*09629
REF*DP*043
DTM*999*20051014
RMR*IK*962920051015*PI*183.44*183.44*0
REF*PO*0020051016
REF*ST*09629
REF*DP*043
DTM*999*20051015
RMR*IK*962920051016*PI*41.49*41.49*0
REF*PO*0020051017
REF*ST*09629
REF*DP*043
DTM*999*20051016
RMR*IK*962920051017*PI*167.96*167.96*0
REF*PO*0020051018
REF*ST*09629
REF*DP*043
DTM*999*20051017
RMR*IK*962920051018*PI*137.97*137.97*0
REF*PO*0020051019
REF*ST*09629
REF*DP*043
DTM*999*20051018
RMR*IK*962920051019*PI*218.53*218.53*0
REF*PO*0020051020
REF*ST*09629
REF*DP*043
DTM*999*20051019
RMR*IK*963320051013*PI*166.64*166.64*0
REF*PO*0020051014
REF*ST*09633
REF*DP*043
DTM*999*20051013
RMR*IK*963320051014*PI*228.47*228.47*0
REF*PO*0020051015
REF*ST*09633
REF*DP*043
DTM*999*20051014
RMR*IK*963320051015*PI*322.26*322.26*0
REF*PO*0020051016
REF*ST*09633
REF*DP*043
DTM*999*20051015
RMR*IK*963320051016*PI*170.79*170.79*0
REF*PO*0020051017
REF*ST*09633
REF*DP*043
DTM*999*20051016
RMR*IK*963320051017*PI*96.56*96.56*0
REF*PO*0020051018
REF*ST*09633
REF*DP*043
DTM*999*20051017
RMR*IK*963320051018*PI*76.67*76.67*0
REF*PO*0020051019
REF*ST*09633
REF*DP*043
DTM*999*20051018
RMR*IK*963320051019*PI*74.43*74.43*0
REF*PO*0020051020
REF*ST*09633
REF*DP*043
DTM*999*20051019
RMR*IK*963920051016*PI*20.25*20.25*0
REF*PO*0020051017
REF*ST*09639
REF*DP*043
DTM*999*20051016
RMR*IK*963920051018*PI*24.5*24.5*0
REF*PO*0020051019
REF*ST*09639
REF*DP*043
DTM*999*20051018
RMR*IK*963920051019*PI*45.4*45.4*0
REF*PO*0020051020
REF*ST*09639
REF*DP*043
DTM*999*20051019
RMR*IK*964820051013*PI*145.62*145.62*0
REF*PO*0020051014
REF*ST*09648
REF*DP*043
DTM*999*20051013
RMR*IK*964820051014*PI*170.67*170.67*0
REF*PO*0020051015
REF*ST*09648
REF*DP*043
DTM*999*20051014
RMR*IK*964820051015*PI*248.41*248.41*0
REF*PO*0020051016
REF*ST*09648
REF*DP*043
DTM*999*20051015
RMR*IK*964820051016*PI*113.04*113.04*0
REF*PO*0020051017
REF*ST*09648
REF*DP*043
DTM*999*20051016
RMR*IK*964820051017*PI*64.32*64.32*0
REF*PO*0020051018
REF*ST*09648
REF*DP*043
DTM*999*20051017
RMR*IK*964820051018*PI*154.32*154.32*0
REF*PO*0020051019
REF*ST*09648
REF*DP*043
DTM*999*20051018
RMR*IK*964820051019*PI*167.41*167.41*0
REF*PO*0020051020
REF*ST*09648
REF*DP*043
DTM*999*20051019
RMR*IK*967420051013*PI*83.95*83.95*0
REF*PO*0020051014
REF*ST*09674
REF*DP*043
DTM*999*20051013
RMR*IK*967420051014*PI*96.06*96.06*0
REF*PO*0020051015
REF*ST*09674
REF*DP*043
DTM*999*20051014
RMR*IK*967420051015*PI*80.57*80.57*0
REF*PO*0020051016
REF*ST*09674
REF*DP*043
DTM*999*20051015
RMR*IK*967420051016*PI*98.7*98.7*0
REF*PO*0020051017
REF*ST*09674
REF*DP*043
DTM*999*20051016
RMR*IK*967420051017*PI*41.09*41.09*0
REF*PO*0020051018
REF*ST*09674
REF*DP*043
DTM*999*20051017
RMR*IK*967420051018*PI*80.33*80.33*0
REF*PO*0020051019
REF*ST*09674
REF*DP*043
DTM*999*20051018
RMR*IK*967420051019*PI*27.02*27.02*0
REF*PO*0020051020
REF*ST*09674
REF*DP*043
DTM*999*20051019
RMR*IK*968020051013*PI*1.25*1.25*0
REF*PO*0020051014
REF*ST*09680
REF*DP*043
DTM*999*20051013
RMR*IK*968020051015*PI*2.5*2.5*0
REF*PO*0020051016
REF*ST*09680
REF*DP*043
DTM*999*20051015
RMR*IK*968020051016*PI*1.25*1.25*0
REF*PO*0020051017
REF*ST*09680
REF*DP*043
DTM*999*20051016
RMR*IK*968020051017*PI*5*5*0
REF*PO*0020051018
REF*ST*09680
REF*DP*043
DTM*999*20051017
RMR*IK*972820051013*PI*15.45*15.45*0
REF*PO*0020051014
REF*ST*09728
REF*DP*043
DTM*999*20051013
RMR*IK*972820051015*PI*10.25*10.25*0
REF*PO*0020051016
REF*ST*09728
REF*DP*043
DTM*999*20051015
RMR*IK*972820051016*PI*4.12*4.12*0
REF*PO*0020051017
REF*ST*09728
REF*DP*043
DTM*999*20051016
RMR*IK*972820051017*PI*1.5*1.5*0
REF*PO*0020051018
REF*ST*09728
REF*DP*043
DTM*999*20051017
RMR*IK*973520051013*PI*7.25*7.25*0
REF*PO*0020051014
REF*ST*09735
REF*DP*043
DTM*999*20051013
RMR*IK*973520051014*PI*4.03*4.03*0
REF*PO*0020051015
REF*ST*09735
REF*DP*043
DTM*999*20051014
RMR*IK*973520051015*PI*1.75*1.75*0
REF*PO*0020051016
REF*ST*09735
REF*DP*043
DTM*999*20051015
RMR*IK*973520051017*PI*3.75*3.75*0
REF*PO*0020051018
REF*ST*09735
REF*DP*043
DTM*999*20051017
RMR*IK*973520051018*PI*9.59*9.59*0
REF*PO*0020051019
REF*ST*09735
REF*DP*043
DTM*999*20051018
RMR*IK*975820051013*PI*27*27*0
REF*PO*0020051014
REF*ST*09758
REF*DP*043
DTM*999*20051013
RMR*IK*975820051014*PI*26.88*26.88*0
REF*PO*0020051015
REF*ST*09758
REF*DP*043
DTM*999*20051014
RMR*IK*975820051015*PI*130.1*130.1*0
REF*PO*0020051016
REF*ST*09758
REF*DP*043
DTM*999*20051015
RMR*IK*975820051016*PI*46.43*46.43*0
REF*PO*0020051017
REF*ST*09758
REF*DP*043
DTM*999*20051016
RMR*IK*975820051017*PI*52.42*52.42*0
REF*PO*0020051018
REF*ST*09758
REF*DP*043
DTM*999*20051017
RMR*IK*975820051018*PI*22.78*22.78*0
REF*PO*0020051019
REF*ST*09758
REF*DP*043
DTM*999*20051018
RMR*IK*975820051019*PI*29.62*29.62*0
REF*PO*0020051020
REF*ST*09758
REF*DP*043
DTM*999*20051019
SE*3039*000000001
GE*1*100216
IEA*1*000100307
ISA*00*          *00*          *09*006985290AC    *12*6154525825     *051115*0438*U*00400*000000905*0*P*>
GS*PD*006985290AC*6154525825*20051115*04384337*282*X*004010
ST*852*000000001
XQ*H*20051115
N9*AD*T00000040
LIN**CB*970657110*ZZ*43*UP*831664000842*****DG*1*VS*00000
ZA*QS***006*20051114
CTP**UCP*5.75
SDQ*EA*ZZ*3978*2*7184*1
LIN**CB*970657110*ZZ*43*UP*831664000842*****DG*4*VS*00000
ZA*QS***006*20051114
CTP**UCP*5.75
SDQ*EA*ZZ*3084*3
LIN**CB*970657110*ZZ*43*UP*831664000842*****DG*8*VS*00000
ZA*QS***006*20051114
CTP**UCP*5.75
SDQ*EA*ZZ*3084*1
CTT*3
SE*17*000000001
ST*852*000000002
XQ*H*20051115
N9*AD*T00000040
LIN**CB*970952115*ZZ*43*UP*831664000552*****DG*1*VS*00000
ZA*QS***006*20051114
CTP**UCP*2.68
SDQ*EA*ZZ*3084*1*3644*3*3703*4*4103*2*4451*1*7610*7*7629*2*9633*3*9728*9
CTT*1
SE*9*000000002
ST*852*000000003
XQ*H*20051115
N9*AD*T00000040
LIN**CB*970956116*ZZ*43*UP*831664000019*****DG*1*VS*00000
ZA*QS***006*20051113
CTP**UCP*.75
SDQ*EA*ZZ*5023*26
ZA*QS***006*20051114
CTP**UCP*.75
SDQ*EA*ZZ*3143*17*3348*1*3359*7*3408*18*3713*2*3929*1*3966*12*3996*8*4071*2*4835*3
SDQ*EA*ZZ*7066*2*7069*2*7132*1*7610*4*9629*34
LIN**CB*970956116*ZZ*43*UP*831664000019*****DG*3*VS*00000
ZA*QS***006*20051114
CTP**UCP*.75
SDQ*EA*ZZ*4475*3*4970*5
LIN**CB*970956116*ZZ*43*UP*831664000019*****DG*4*VS*00000
ZA*QS***006*20051114
CTP**UCP*.75
SDQ*EA*ZZ*7461*4
LIN**CB*970956116*ZZ*43*UP*831664000019*****DG*5*VS*00000
ZA*QS***006*20051114
CTP**UCP*.75
SDQ*EA*ZZ*3929*3
LIN**CB*970956116*ZZ*43*UP*831664000019*****DG*8*VS*00000
ZA*QS***006*20051114
CTP**UCP*.75
SDQ*EA*ZZ*3929*6
CTT*5
SE*29*000000003
ST*852*000000004
XQ*H*20051115
N9*AD*T00000040
LIN**CB*970957114*ZZ*43*UP*831664000255*****DG*1*VS*00000
ZA*QS***006*20051114
CTP**UCP*.58
SDQ*EA*ZZ*7066*4
ZA*QS***006*20051114
CTP**UCP*.75
SDQ*EA*ZZ*7358*12
CTT*1
SE*12*000000004
ST*852*000000005
XQ*H*20051115
N9*AD*T00000040
LIN**CB*970961116*ZZ*43*UP*831664000330*****DG*3*VS*00000
ZA*QS***006*20051114
CTP**UCP*1.85
SDQ*EA*ZZ*3646*2
CTT*1
SE*9*000000005
ST*852*000000006
XQ*H*20051115
N9*AD*T00000040
LIN**CB*970979118*ZZ*43*UP*831664000583*****DG*1*VS*00000
ZA*QS***006*20051114
CTP**UCP*3.75
SDQ*EA*ZZ*3359*1*3966*2*9629*1
LIN**CB*970979118*ZZ*43*UP*831664000583*****DG*8*VS*00000
ZA*QS***006*20051114
CTP**UCP*3.75
SDQ*EA*ZZ*3929*1
CTT*2
SE*13*000000006
ST*852*000000007
XQ*H*20051115
N9*AD*T00000040
LIN**CB*970981114*ZZ*43*UP*831664000972*****DG*1*VS*00000
ZA*QS***006*20051114
CTP**UCP*.65
SDQ*EA*ZZ*3978*30*7045*1
LIN**CB*970981114*ZZ*43*UP*831664000972*****DG*3*VS*00000
ZA*QS***006*20051114
CTP**UCP*.65
SDQ*EA*ZZ*3646*2
CTT*2
SE*13*000000007
ST*852*000000008
XQ*H*20051115
N9*AD*T00000040
LIN**CB*970985115*ZZ*43*UP*831664001016*****DG*1*VS*00000
ZA*QS***006*20051114
CTP**UCP*2
SDQ*EA*ZZ*3941*3*7132*1
CTT*1
SE*9*000000008
ST*852*000000009
XQ*H*20051115
N9*AD*T00000040
LIN**CB*970988119*ZZ*43*UP*831664001047*****DG*1*VS*00000
ZA*QS***006*20051114
CTP**UCP*.5
SDQ*EA*ZZ*7066*11*7132*6*7607*12
CTT*1
SE*9*000000009
GE*9*282
IEA*1*000000905
*** SUPERTRACS READY FOR INPUT
