ISA*00*          *00*          *09*006985290EFT   *12*6154525825     *050425*1439*U*00400*000100278*0*P*>
GS*RA*006985290EFT*6154525825*20050425*14392959*100187*X*004010
ST*820*000000001
BPR*I*108532.62*C*ACH*CCP*01*021000018*DA*0300955622*9008965873**01*064102601*DA*3000289*20050426*VEN
TRN*3*770118101*9008965873
DTM*097*20050425
N1*PR*KMART CORPORATION*1*008965873
N1*PE*YOUNGS FARMS*92*00069099588
N1*SE*YOUNGS FARMS*92*00069099588
ENT*1
RMR*IK*306320050324*PI*61.36*61.36*0
REF*PO*0020050325
REF*ST*03063
REF*DP*043
DTM*999*20050324
RMR*IK*306320050325*PI*113.6*113.6*0
REF*PO*0020050326
REF*ST*03063
REF*DP*043
DTM*999*20050325
RMR*IK*306320050326*PI*306.17*306.17*0
REF*PO*0020050327
REF*ST*03063
REF*DP*043
DTM*999*20050326
RMR*IK*306320050327*PI*192.85*192.85*0
REF*PO*0020050328
REF*ST*03063
REF*DP*043
DTM*999*20050327
RMR*IK*306320050328*PI*8.59*8.59*0
REF*PO*0020050329
REF*ST*03063
REF*DP*043
DTM*999*20050328
RMR*IK*306320050329*PI*199.89*199.89*0
REF*PO*0020050330
REF*ST*03063
REF*DP*043
DTM*999*20050329
RMR*IK*306320050330*PI*185.98*185.98*0
REF*PO*0020050331
REF*ST*03063
REF*DP*043
DTM*999*20050330
RMR*IK*308320050324*PI*76.54*76.54*0
REF*PO*0020050325
REF*ST*03083
REF*DP*043
DTM*999*20050324
RMR*IK*308320050325*PI*267.39*267.39*0
REF*PO*0020050326
REF*ST*03083
REF*DP*043
DTM*999*20050325
RMR*IK*308320050326*PI*383.16*383.16*0
REF*PO*0020050327
REF*ST*03083
REF*DP*043
DTM*999*20050326
RMR*IK*308320050327*PI*129.73*129.73*0
REF*PO*0020050328
REF*ST*03083
REF*DP*043
DTM*999*20050327
RMR*IK*308320050328*PI*96.07*96.07*0
REF*PO*0020050329
REF*ST*03083
REF*DP*043
DTM*999*20050328
RMR*IK*308320050329*PI*319.18*319.18*0
REF*PO*0020050330
REF*ST*03083
REF*DP*043
DTM*999*20050329
RMR*IK*308320050330*PI*485.62*485.62*0
REF*PO*0020050331
REF*ST*03083
REF*DP*043
DTM*999*20050330
RMR*IK*308420050324*PI*77.6*77.6*0
REF*PO*0020050325
REF*ST*03084
REF*DP*043
DTM*999*20050324
RMR*IK*308420050325*PI*125.67*125.67*0
REF*PO*0020050326
REF*ST*03084
REF*DP*043
DTM*999*20050325
RMR*IK*308420050326*PI*382.1*382.1*0
REF*PO*0020050327
REF*ST*03084
REF*DP*043
DTM*999*20050326
RMR*IK*308420050327*PI*73.31*73.31*0
REF*PO*0020050328
REF*ST*03084
REF*DP*043
DTM*999*20050327
RMR*IK*308420050328*PI*91.96*91.96*0
REF*PO*0020050329
REF*ST*03084
REF*DP*043
DTM*999*20050328
RMR*IK*308420050329*PI*150.24*150.24*0
REF*PO*0020050330
REF*ST*03084
REF*DP*043
DTM*999*20050329
RMR*IK*308420050330*PI*199.7*199.7*0
REF*PO*0020050331
REF*ST*03084
REF*DP*043
DTM*999*20050330
RMR*IK*310320050324*PI*18.56*18.56*0
REF*PO*0020050325
REF*ST*03103
REF*DP*043
DTM*999*20050324
RMR*IK*310320050325*PI*15.8*15.8*0
REF*PO*0020050326
REF*ST*03103
REF*DP*043
DTM*999*20050325
RMR*IK*310320050327*PI*17.53*17.53*0
REF*PO*0020050328
REF*ST*03103
REF*DP*043
DTM*999*20050327
RMR*IK*310320050328*PI*8.59*8.59*0
REF*PO*0020050329
REF*ST*03103
REF*DP*043
DTM*999*20050328
RMR*IK*310320050329*PI*49.15*49.15*0
REF*PO*0020050330
REF*ST*03103
REF*DP*043
DTM*999*20050329
RMR*IK*310320050330*PI*16.5*16.5*0
REF*PO*0020050331
REF*ST*03103
REF*DP*043
DTM*999*20050330
RMR*IK*314320050324*PI*165.71*165.71*0
REF*PO*0020050325
REF*ST*03143
REF*DP*043
DTM*999*20050324
RMR*IK*314320050325*PI*223.13*223.13*0
REF*PO*0020050326
REF*ST*03143
REF*DP*043
DTM*999*20050325
RMR*IK*314320050326*PI*268.83*268.83*0
REF*PO*0020050327
REF*ST*03143
REF*DP*043
DTM*999*20050326
RMR*IK*314320050327*PI*5.88*5.88*0
REF*PO*0020050328
REF*ST*03143
REF*DP*043
DTM*999*20050327
RMR*IK*314320050328*PI*101.81*101.81*0
REF*PO*0020050329
REF*ST*03143
REF*DP*043
DTM*999*20050328
RMR*IK*314320050329*PI*153.31*153.31*0
REF*PO*0020050330
REF*ST*03143
REF*DP*043
DTM*999*20050329
RMR*IK*314320050330*PI*307.41*307.41*0
REF*PO*0020050331
REF*ST*03143
REF*DP*043
DTM*999*20050330
RMR*IK*319420050324*PI*76.11*76.11*0
REF*PO*0020050325
REF*ST*03194
REF*DP*043
DTM*999*20050324
RMR*IK*319420050325*PI*183.15*183.15*0
REF*PO*0020050326
REF*ST*03194
REF*DP*043
DTM*999*20050325
RMR*IK*319420050326*PI*304.91*304.91*0
REF*PO*0020050327
REF*ST*03194
REF*DP*043
DTM*999*20050326
RMR*IK*319420050327*PI*89.53*89.53*0
REF*PO*0020050328
REF*ST*03194
REF*DP*043
DTM*999*20050327
RMR*IK*319420050328*PI*88.5*88.5*0
REF*PO*0020050329
REF*ST*03194
REF*DP*043
DTM*999*20050328
RMR*IK*319420050329*PI*306.69*306.69*0
REF*PO*0020050330
REF*ST*03194
REF*DP*043
DTM*999*20050329
RMR*IK*319420050330*PI*164.04*164.04*0
REF*PO*0020050331
REF*ST*03194
REF*DP*043
DTM*999*20050330
RMR*IK*325320050418*PI*-5.5*-5.5*0
REF*PO*0020050419
REF*ST*03253
REF*DP*043
DTM*999*20050418
RMR*IK*334820050324*PI*23.42*23.42*0
REF*PO*0020050325
REF*ST*03348
REF*DP*043
DTM*999*20050324
RMR*IK*334820050325*PI*55.22*55.22*0
REF*PO*0020050326
REF*ST*03348
REF*DP*043
DTM*999*20050325
RMR*IK*334820050326*PI*346.11*346.11*0
REF*PO*0020050327
REF*ST*03348
REF*DP*043
DTM*999*20050326
RMR*IK*334820050327*PI*76.2*76.2*0
REF*PO*0020050328
REF*ST*03348
REF*DP*043
DTM*999*20050327
RMR*IK*334820050328*PI*36.23*36.23*0
REF*PO*0020050329
REF*ST*03348
REF*DP*043
DTM*999*20050328
RMR*IK*334820050329*PI*102.7*102.7*0
REF*PO*0020050330
REF*ST*03348
REF*DP*043
DTM*999*20050329
RMR*IK*334820050330*PI*207.55*207.55*0
REF*PO*0020050331
REF*ST*03348
REF*DP*043
DTM*999*20050330
RMR*IK*335920050324*PI*86.44*86.44*0
REF*PO*0020050325
REF*ST*03359
REF*DP*043
DTM*999*20050324
RMR*IK*335920050325*PI*256.12*256.12*0
REF*PO*0020050326
REF*ST*03359
REF*DP*043
DTM*999*20050325
RMR*IK*335920050326*PI*135.07*135.07*0
REF*PO*0020050327
REF*ST*03359
REF*DP*043
DTM*999*20050326
RMR*IK*335920050327*PI*64.53*64.53*0
REF*PO*0020050328
REF*ST*03359
REF*DP*043
DTM*999*20050327
RMR*IK*335920050328*PI*29.46*29.46*0
REF*PO*0020050329
REF*ST*03359
REF*DP*043
DTM*999*20050328
RMR*IK*335920050329*PI*93.49*93.49*0
REF*PO*0020050330
REF*ST*03359
REF*DP*043
DTM*999*20050329
RMR*IK*335920050330*PI*132.13*132.13*0
REF*PO*0020050331
REF*ST*03359
REF*DP*043
DTM*999*20050330
RMR*IK*340820050324*PI*86*86*0
REF*PO*0020050325
REF*ST*03408
REF*DP*043
DTM*999*20050324
RMR*IK*340820050325*PI*158.06*158.06*0
REF*PO*0020050326
REF*ST*03408
REF*DP*043
DTM*999*20050325
RMR*IK*340820050326*PI*255.79*255.79*0
REF*PO*0020050327
REF*ST*03408
REF*DP*043
DTM*999*20050326
RMR*IK*340820050327*PI*99.87*99.87*0
REF*PO*0020050328
REF*ST*03408
REF*DP*043
DTM*999*20050327
RMR*IK*340820050328*PI*28.44*28.44*0
REF*PO*0020050329
REF*ST*03408
REF*DP*043
DTM*999*20050328
RMR*IK*340820050329*PI*122.86*122.86*0
REF*PO*0020050330
REF*ST*03408
REF*DP*043
DTM*999*20050329
RMR*IK*340820050330*PI*141.57*141.57*0
REF*PO*0020050331
REF*ST*03408
REF*DP*043
DTM*999*20050330
RMR*IK*360220050324*PI*106.34*106.34*0
REF*PO*0020050325
REF*ST*03602
REF*DP*043
DTM*999*20050324
RMR*IK*360220050325*PI*229.7*229.7*0
REF*PO*0020050326
REF*ST*03602
REF*DP*043
DTM*999*20050325
RMR*IK*360220050326*PI*422.51*422.51*0
REF*PO*0020050327
REF*ST*03602
REF*DP*043
DTM*999*20050326
RMR*IK*360220050327*PI*106.9*106.9*0
REF*PO*0020050328
REF*ST*03602
REF*DP*043
DTM*999*20050327
RMR*IK*360220050328*PI*24.88*24.88*0
REF*PO*0020050329
REF*ST*03602
REF*DP*043
DTM*999*20050328
RMR*IK*360220050329*PI*150.37*150.37*0
REF*PO*0020050330
REF*ST*03602
REF*DP*043
DTM*999*20050329
RMR*IK*360220050330*PI*145.03*145.03*0
REF*PO*0020050331
REF*ST*03602
REF*DP*043
DTM*999*20050330
RMR*IK*364420050324*PI*27.54*27.54*0
REF*PO*0020050325
REF*ST*03644
REF*DP*043
DTM*999*20050324
RMR*IK*364420050325*PI*160.73*160.73*0
REF*PO*0020050326
REF*ST*03644
REF*DP*043
DTM*999*20050325
RMR*IK*364420050326*PI*312.6*312.6*0
REF*PO*0020050327
REF*ST*03644
REF*DP*043
DTM*999*20050326
RMR*IK*364420050327*PI*121.12*121.12*0
REF*PO*0020050328
REF*ST*03644
REF*DP*043
DTM*999*20050327
RMR*IK*364420050328*PI*7.78*7.78*0
REF*PO*0020050329
REF*ST*03644
REF*DP*043
DTM*999*20050328
RMR*IK*364420050329*PI*205.3*205.3*0
REF*PO*0020050330
REF*ST*03644
REF*DP*043
DTM*999*20050329
RMR*IK*364420050330*PI*136.76*136.76*0
REF*PO*0020050331
REF*ST*03644
REF*DP*043
DTM*999*20050330
RMR*IK*364620050324*PI*8.62*8.62*0
REF*PO*0020050325
REF*ST*03646
REF*DP*043
DTM*999*20050324
RMR*IK*364620050325*PI*80.16*80.16*0
REF*PO*0020050326
REF*ST*03646
REF*DP*043
DTM*999*20050325
RMR*IK*364620050326*PI*203.69*203.69*0
REF*PO*0020050327
REF*ST*03646
REF*DP*043
DTM*999*20050326
RMR*IK*364620050327*PI*11*11*0
REF*PO*0020050328
REF*ST*03646
REF*DP*043
DTM*999*20050327
RMR*IK*364620050328*PI*4.7*4.7*0
REF*PO*0020050329
REF*ST*03646
REF*DP*043
DTM*999*20050328
RMR*IK*364620050329*PI*122.49*122.49*0
REF*PO*0020050330
REF*ST*03646
REF*DP*043
DTM*999*20050329
RMR*IK*364620050330*PI*71.38*71.38*0
REF*PO*0020050331
REF*ST*03646
REF*DP*043
DTM*999*20050330
RMR*IK*366020050324*PI*62.19*62.19*0
REF*PO*0020050325
REF*ST*03660
REF*DP*043
DTM*999*20050324
RMR*IK*366020050325*PI*126.66*126.66*0
REF*PO*0020050326
REF*ST*03660
REF*DP*043
DTM*999*20050325
RMR*IK*366020050326*PI*180.41*180.41*0
REF*PO*0020050327
REF*ST*03660
REF*DP*043
DTM*999*20050326
RMR*IK*366020050327*PI*78.74*78.74*0
REF*PO*0020050328
REF*ST*03660
REF*DP*043
DTM*999*20050327
RMR*IK*366020050328*PI*45.76*45.76*0
REF*PO*0020050329
REF*ST*03660
REF*DP*043
DTM*999*20050328
RMR*IK*366020050329*PI*111.91*111.91*0
REF*PO*0020050330
REF*ST*03660
REF*DP*043
DTM*999*20050329
RMR*IK*366020050330*PI*123.72*123.72*0
REF*PO*0020050331
REF*ST*03660
REF*DP*043
DTM*999*20050330
RMR*IK*367220050324*PI*122.61*122.61*0
REF*PO*0020050325
REF*ST*03672
REF*DP*043
DTM*999*20050324
RMR*IK*367220050325*PI*331.44*331.44*0
REF*PO*0020050326
REF*ST*03672
REF*DP*043
DTM*999*20050325
RMR*IK*367220050326*PI*599.32*599.32*0
REF*PO*0020050327
REF*ST*03672
REF*DP*043
DTM*999*20050326
RMR*IK*367220050327*PI*67.3*67.3*0
REF*PO*0020050328
REF*ST*03672
REF*DP*043
DTM*999*20050327
RMR*IK*367220050328*PI*76.71*76.71*0
REF*PO*0020050329
REF*ST*03672
REF*DP*043
DTM*999*20050328
RMR*IK*367220050329*PI*124.72*124.72*0
REF*PO*0020050330
REF*ST*03672
REF*DP*043
DTM*999*20050329
RMR*IK*367220050330*PI*278.34*278.34*0
REF*PO*0020050331
REF*ST*03672
REF*DP*043
DTM*999*20050330
RMR*IK*368520050324*PI*99.41*99.41*0
REF*PO*0020050325
REF*ST*03685
REF*DP*043
DTM*999*20050324
RMR*IK*368520050325*PI*191.59*191.59*0
REF*PO*0020050326
REF*ST*03685
REF*DP*043
DTM*999*20050325
RMR*IK*368520050326*PI*336.08*336.08*0
REF*PO*0020050327
REF*ST*03685
REF*DP*043
DTM*999*20050326
RMR*IK*368520050327*PI*76.55*76.55*0
REF*PO*0020050328
REF*ST*03685
REF*DP*043
DTM*999*20050327
RMR*IK*368520050328*PI*9.23*9.23*0
REF*PO*0020050329
REF*ST*03685
REF*DP*043
DTM*999*20050328
RMR*IK*368520050329*PI*138.33*138.33*0
REF*PO*0020050330
REF*ST*03685
REF*DP*043
DTM*999*20050329
RMR*IK*368520050330*PI*197.33*197.33*0
REF*PO*0020050331
REF*ST*03685
REF*DP*043
DTM*999*20050330
RMR*IK*370320050324*PI*212.04*212.04*0
REF*PO*0020050325
REF*ST*03703
REF*DP*043
DTM*999*20050324
RMR*IK*370320050325*PI*722.58*722.58*0
REF*PO*0020050326
REF*ST*03703
REF*DP*043
DTM*999*20050325
RMR*IK*370320050326*PI*906.9*906.9*0
REF*PO*0020050327
REF*ST*03703
REF*DP*043
DTM*999*20050326
RMR*IK*370320050327*PI*103.09*103.09*0
REF*PO*0020050328
REF*ST*03703
REF*DP*043
DTM*999*20050327
RMR*IK*370320050328*PI*37*37*0
REF*PO*0020050329
REF*ST*03703
REF*DP*043
DTM*999*20050328
RMR*IK*370320050329*PI*579.02*579.02*0
REF*PO*0020050330
REF*ST*03703
REF*DP*043
DTM*999*20050329
RMR*IK*370320050330*PI*689.74*689.74*0
REF*PO*0020050331
REF*ST*03703
REF*DP*043
DTM*999*20050330
RMR*IK*371320050324*PI*340.01*340.01*0
REF*PO*0020050325
REF*ST*03713
REF*DP*043
DTM*999*20050324
RMR*IK*371320050325*PI*463.37*463.37*0
REF*PO*0020050326
REF*ST*03713
REF*DP*043
DTM*999*20050325
RMR*IK*371320050326*PI*790.28*790.28*0
REF*PO*0020050327
REF*ST*03713
REF*DP*043
DTM*999*20050326
RMR*IK*371320050327*PI*164.51*164.51*0
REF*PO*0020050328
REF*ST*03713
REF*DP*043
DTM*999*20050327
RMR*IK*371320050328*PI*31.67*31.67*0
REF*PO*0020050329
REF*ST*03713
REF*DP*043
DTM*999*20050328
RMR*IK*371320050329*PI*198.56*198.56*0
REF*PO*0020050330
REF*ST*03713
REF*DP*043
DTM*999*20050329
RMR*IK*371320050330*PI*181.81*181.81*0
REF*PO*0020050331
REF*ST*03713
REF*DP*043
DTM*999*20050330
RMR*IK*371520050324*PI*104.6*104.6*0
REF*PO*0020050325
REF*ST*03715
REF*DP*043
DTM*999*20050324
RMR*IK*371520050325*PI*84.6*84.6*0
REF*PO*0020050326
REF*ST*03715
REF*DP*043
DTM*999*20050325
RMR*IK*371520050326*PI*190.08*190.08*0
REF*PO*0020050327
REF*ST*03715
REF*DP*043
DTM*999*20050326
RMR*IK*371520050327*PI*58.93*58.93*0
REF*PO*0020050328
REF*ST*03715
REF*DP*043
DTM*999*20050327
RMR*IK*371520050328*PI*45.71*45.71*0
REF*PO*0020050329
REF*ST*03715
REF*DP*043
DTM*999*20050328
RMR*IK*371520050329*PI*39.87*39.87*0
REF*PO*0020050330
REF*ST*03715
REF*DP*043
DTM*999*20050329
RMR*IK*371520050330*PI*91.73*91.73*0
REF*PO*0020050331
REF*ST*03715
REF*DP*043
DTM*999*20050330
RMR*IK*382220050324*PI*9*9*0
REF*PO*0020050325
REF*ST*03822
REF*DP*043
DTM*999*20050324
RMR*IK*382220050325*PI*71.98*71.98*0
REF*PO*0020050326
REF*ST*03822
REF*DP*043
DTM*999*20050325
RMR*IK*382220050326*PI*16.5*16.5*0
REF*PO*0020050327
REF*ST*03822
REF*DP*043
DTM*999*20050326
RMR*IK*382220050327*PI*7.5*7.5*0
REF*PO*0020050328
REF*ST*03822
REF*DP*043
DTM*999*20050327
RMR*IK*382220050328*PI*4.5*4.5*0
REF*PO*0020050329
REF*ST*03822
REF*DP*043
DTM*999*20050328
RMR*IK*382220050329*PI*30*30*0
REF*PO*0020050330
REF*ST*03822
REF*DP*043
DTM*999*20050329
RMR*IK*382220050330*PI*17.24*17.24*0
REF*PO*0020050331
REF*ST*03822
REF*DP*043
DTM*999*20050330
RMR*IK*383620050324*PI*13.12*13.12*0
REF*PO*0020050325
REF*ST*03836
REF*DP*043
DTM*999*20050324
RMR*IK*383620050325*PI*125.51*125.51*0
REF*PO*0020050326
REF*ST*03836
REF*DP*043
DTM*999*20050325
RMR*IK*383620050326*PI*261.69*261.69*0
REF*PO*0020050327
REF*ST*03836
REF*DP*043
DTM*999*20050326
RMR*IK*383620050327*PI*116.89*116.89*0
REF*PO*0020050328
REF*ST*03836
REF*DP*043
DTM*999*20050327
RMR*IK*383620050328*PI*76.31*76.31*0
REF*PO*0020050329
REF*ST*03836
REF*DP*043
DTM*999*20050328
RMR*IK*383620050329*PI*202.64*202.64*0
REF*PO*0020050330
REF*ST*03836
REF*DP*043
DTM*999*20050329
RMR*IK*383620050330*PI*219.16*219.16*0
REF*PO*0020050331
REF*ST*03836
REF*DP*043
DTM*999*20050330
RMR*IK*384820050324*PI*160.52*160.52*0
REF*PO*0020050325
REF*ST*03848
REF*DP*043
DTM*999*20050324
RMR*IK*384820050325*PI*398.99*398.99*0
REF*PO*0020050326
REF*ST*03848
REF*DP*043
DTM*999*20050325
RMR*IK*384820050326*PI*384.79*384.79*0
REF*PO*0020050327
REF*ST*03848
REF*DP*043
DTM*999*20050326
RMR*IK*384820050327*PI*202.14*202.14*0
REF*PO*0020050328
REF*ST*03848
REF*DP*043
DTM*999*20050327
RMR*IK*384820050328*PI*18.24*18.24*0
REF*PO*0020050329
REF*ST*03848
REF*DP*043
DTM*999*20050328
RMR*IK*384820050329*PI*238.93*238.93*0
REF*PO*0020050330
REF*ST*03848
REF*DP*043
DTM*999*20050329
RMR*IK*384820050330*PI*461.92*461.92*0
REF*PO*0020050331
REF*ST*03848
REF*DP*043
DTM*999*20050330
RMR*IK*387620050324*PI*58.22*58.22*0
REF*PO*0020050325
REF*ST*03876
REF*DP*043
DTM*999*20050324
RMR*IK*387620050325*PI*194.4*194.4*0
REF*PO*0020050326
REF*ST*03876
REF*DP*043
DTM*999*20050325
RMR*IK*387620050326*PI*211.24*211.24*0
REF*PO*0020050327
REF*ST*03876
REF*DP*043
DTM*999*20050326
RMR*IK*387620050327*PI*80.19*80.19*0
REF*PO*0020050328
REF*ST*03876
REF*DP*043
DTM*999*20050327
RMR*IK*387620050328*PI*63.66*63.66*0
REF*PO*0020050329
REF*ST*03876
REF*DP*043
DTM*999*20050328
RMR*IK*387620050329*PI*120.61*120.61*0
REF*PO*0020050330
REF*ST*03876
REF*DP*043
DTM*999*20050329
RMR*IK*387620050330*PI*122.6*122.6*0
REF*PO*0020050331
REF*ST*03876
REF*DP*043
DTM*999*20050330
RMR*IK*392920050324*PI*149.65*149.65*0
REF*PO*0020050325
REF*ST*03929
REF*DP*043
DTM*999*20050324
RMR*IK*392920050325*PI*236.62*236.62*0
REF*PO*0020050326
REF*ST*03929
REF*DP*043
DTM*999*20050325
RMR*IK*392920050326*PI*239.7*239.7*0
REF*PO*0020050327
REF*ST*03929
REF*DP*043
DTM*999*20050326
RMR*IK*392920050327*PI*9*9*0
REF*PO*0020050328
REF*ST*03929
REF*DP*043
DTM*999*20050327
RMR*IK*392920050328*PI*37.41*37.41*0
REF*PO*0020050329
REF*ST*03929
REF*DP*043
DTM*999*20050328
RMR*IK*392920050329*PI*93.79*93.79*0
REF*PO*0020050330
REF*ST*03929
REF*DP*043
DTM*999*20050329
RMR*IK*392920050330*PI*268.91*268.91*0
REF*PO*0020050331
REF*ST*03929
REF*DP*043
DTM*999*20050330
RMR*IK*393120050324*PI*51.67*51.67*0
REF*PO*0020050325
REF*ST*03931
REF*DP*043
DTM*999*20050324
RMR*IK*393120050325*PI*144.19*144.19*0
REF*PO*0020050326
REF*ST*03931
REF*DP*043
DTM*999*20050325
RMR*IK*393120050326*PI*275.65*275.65*0
REF*PO*0020050327
REF*ST*03931
REF*DP*043
DTM*999*20050326
RMR*IK*393120050327*PI*22.74*22.74*0
REF*PO*0020050328
REF*ST*03931
REF*DP*043
DTM*999*20050327
RMR*IK*393120050328*PI*31.94*31.94*0
REF*PO*0020050329
REF*ST*03931
REF*DP*043
DTM*999*20050328
RMR*IK*393120050329*PI*165.74*165.74*0
REF*PO*0020050330
REF*ST*03931
REF*DP*043
DTM*999*20050329
RMR*IK*393120050330*PI*97.99*97.99*0
REF*PO*0020050331
REF*ST*03931
REF*DP*043
DTM*999*20050330
RMR*IK*394120050324*PI*13.32*13.32*0
REF*PO*0020050325
REF*ST*03941
REF*DP*043
DTM*999*20050324
RMR*IK*394120050325*PI*41.95*41.95*0
REF*PO*0020050326
REF*ST*03941
REF*DP*043
DTM*999*20050325
RMR*IK*394120050326*PI*67.17*67.17*0
REF*PO*0020050327
REF*ST*03941
REF*DP*043
DTM*999*20050326
RMR*IK*394120050327*PI*19.86*19.86*0
REF*PO*0020050328
REF*ST*03941
REF*DP*043
DTM*999*20050327
RMR*IK*394120050329*PI*39.44*39.44*0
REF*PO*0020050330
REF*ST*03941
REF*DP*043
DTM*999*20050329
RMR*IK*394120050330*PI*26.62*26.62*0
REF*PO*0020050331
REF*ST*03941
REF*DP*043
DTM*999*20050330
RMR*IK*396620050324*PI*179.23*179.23*0
REF*PO*0020050325
REF*ST*03966
REF*DP*043
DTM*999*20050324
RMR*IK*396620050325*PI*325.85*325.85*0
REF*PO*0020050326
REF*ST*03966
REF*DP*043
DTM*999*20050325
RMR*IK*396620050326*PI*559.02*559.02*0
REF*PO*0020050327
REF*ST*03966
REF*DP*043
DTM*999*20050326
RMR*IK*396620050327*PI*173.83*173.83*0
REF*PO*0020050328
REF*ST*03966
REF*DP*043
DTM*999*20050327
RMR*IK*396620050328*PI*18.7*18.7*0
REF*PO*0020050329
REF*ST*03966
REF*DP*043
DTM*999*20050328
RMR*IK*396620050329*PI*201.29*201.29*0
REF*PO*0020050330
REF*ST*03966
REF*DP*043
DTM*999*20050329
RMR*IK*396620050330*PI*338.64*338.64*0
REF*PO*0020050331
REF*ST*03966
REF*DP*043
DTM*999*20050330
RMR*IK*397820050324*PI*360.74*360.74*0
REF*PO*0020050325
REF*ST*03978
REF*DP*043
DTM*999*20050324
RMR*IK*397820050325*PI*626.3*626.3*0
REF*PO*0020050326
REF*ST*03978
REF*DP*043
DTM*999*20050325
RMR*IK*397820050326*PI*771.71*771.71*0
REF*PO*0020050327
REF*ST*03978
REF*DP*043
DTM*999*20050326
RMR*IK*397820050327*PI*115.37*115.37*0
REF*PO*0020050328
REF*ST*03978
REF*DP*043
DTM*999*20050327
RMR*IK*397820050328*PI*34.23*34.23*0
REF*PO*0020050329
REF*ST*03978
REF*DP*043
DTM*999*20050328
RMR*IK*397820050329*PI*277.21*277.21*0
REF*PO*0020050330
REF*ST*03978
REF*DP*043
DTM*999*20050329
RMR*IK*397820050330*PI*143.45*143.45*0
REF*PO*0020050331
REF*ST*03978
REF*DP*043
DTM*999*20050330
RMR*IK*397820050419*PI*-1.35*-1.35*0
REF*PO*0020050421
REF*ST*03978
REF*DP*043
DTM*999*20050419
RMR*IK*399620050324*PI*293.48*293.48*0
REF*PO*0020050325
REF*ST*03996
REF*DP*043
DTM*999*20050324
RMR*IK*399620050325*PI*351.73*351.73*0
REF*PO*0020050326
REF*ST*03996
REF*DP*043
DTM*999*20050325
RMR*IK*399620050326*PI*561.19*561.19*0
REF*PO*0020050327
REF*ST*03996
REF*DP*043
DTM*999*20050326
RMR*IK*399620050327*PI*119.71*119.71*0
REF*PO*0020050328
REF*ST*03996
REF*DP*043
DTM*999*20050327
RMR*IK*399620050328*PI*13.58*13.58*0
REF*PO*0020050329
REF*ST*03996
REF*DP*043
DTM*999*20050328
RMR*IK*399620050329*PI*137.02*137.02*0
REF*PO*0020050330
REF*ST*03996
REF*DP*043
DTM*999*20050329
RMR*IK*399620050330*PI*222.55*222.55*0
REF*PO*0020050331
REF*ST*03996
REF*DP*043
DTM*999*20050330
RMR*IK*403320050324*PI*36.12*36.12*0
REF*PO*0020050325
REF*ST*04033
REF*DP*043
DTM*999*20050324
RMR*IK*403320050325*PI*77.06*77.06*0
REF*PO*0020050326
REF*ST*04033
REF*DP*043
DTM*999*20050325
RMR*IK*403320050326*PI*174.92*174.92*0
REF*PO*0020050327
REF*ST*04033
REF*DP*043
DTM*999*20050326
RMR*IK*403320050327*PI*136.12*136.12*0
REF*PO*0020050328
REF*ST*04033
REF*DP*043
DTM*999*20050327
RMR*IK*403320050328*PI*31*31*0
REF*PO*0020050329
REF*ST*04033
REF*DP*043
DTM*999*20050328
RMR*IK*403320050329*PI*33.15*33.15*0
REF*PO*0020050330
REF*ST*04033
REF*DP*043
DTM*999*20050329
RMR*IK*403320050330*PI*117.14*117.14*0
REF*PO*0020050331
REF*ST*04033
REF*DP*043
DTM*999*20050330
RMR*IK*407120050324*PI*218.66*218.66*0
REF*PO*0020050325
REF*ST*04071
REF*DP*043
DTM*999*20050324
RMR*IK*407120050325*PI*259.87*259.87*0
REF*PO*0020050326
REF*ST*04071
REF*DP*043
DTM*999*20050325
RMR*IK*407120050326*PI*596.68*596.68*0
REF*PO*0020050327
REF*ST*04071
REF*DP*043
DTM*999*20050326
RMR*IK*407120050327*PI*164.78*164.78*0
REF*PO*0020050328
REF*ST*04071
REF*DP*043
DTM*999*20050327
RMR*IK*407120050328*PI*30.5*30.5*0
REF*PO*0020050329
REF*ST*04071
REF*DP*043
DTM*999*20050328
RMR*IK*407120050329*PI*302.5*302.5*0
REF*PO*0020050330
REF*ST*04071
REF*DP*043
DTM*999*20050329
RMR*IK*407120050330*PI*484.63*484.63*0
REF*PO*0020050331
REF*ST*04071
REF*DP*043
DTM*999*20050330
RMR*IK*409320050324*PI*172.92*172.92*0
REF*PO*0020050325
REF*ST*04093
REF*DP*043
DTM*999*20050324
RMR*IK*409320050325*PI*801.92*801.92*0
REF*PO*0020050326
REF*ST*04093
REF*DP*043
DTM*999*20050325
RMR*IK*409320050326*PI*639.83*639.83*0
REF*PO*0020050327
REF*ST*04093
REF*DP*043
DTM*999*20050326
RMR*IK*409320050327*PI*312.13*312.13*0
REF*PO*0020050328
REF*ST*04093
REF*DP*043
DTM*999*20050327
RMR*IK*409320050328*PI*142.94*142.94*0
REF*PO*0020050329
REF*ST*04093
REF*DP*043
DTM*999*20050328
RMR*IK*409320050329*PI*307.46*307.46*0
REF*PO*0020050330
REF*ST*04093
REF*DP*043
DTM*999*20050329
RMR*IK*409320050330*PI*349.57*349.57*0
REF*PO*0020050331
REF*ST*04093
REF*DP*043
DTM*999*20050330
RMR*IK*410320050324*PI*191.9*191.9*0
REF*PO*0020050325
REF*ST*04103
REF*DP*043
DTM*999*20050324
RMR*IK*410320050325*PI*541.22*541.22*0
REF*PO*0020050326
REF*ST*04103
REF*DP*043
DTM*999*20050325
RMR*IK*410320050326*PI*664.86*664.86*0
REF*PO*0020050327
REF*ST*04103
REF*DP*043
DTM*999*20050326
RMR*IK*410320050327*PI*189.89*189.89*0
REF*PO*0020050328
REF*ST*04103
REF*DP*043
DTM*999*20050327
RMR*IK*410320050328*PI*44.53*44.53*0
REF*PO*0020050329
REF*ST*04103
REF*DP*043
DTM*999*20050328
RMR*IK*410320050329*PI*460.96*460.96*0
REF*PO*0020050330
REF*ST*04103
REF*DP*043
DTM*999*20050329
RMR*IK*410320050330*PI*342.45*342.45*0
REF*PO*0020050331
REF*ST*04103
REF*DP*043
DTM*999*20050330
RMR*IK*421320050324*PI*110.99*110.99*0
REF*PO*0020050325
REF*ST*04213
REF*DP*043
DTM*999*20050324
RMR*IK*421320050325*PI*220.9*220.9*0
REF*PO*0020050326
REF*ST*04213
REF*DP*043
DTM*999*20050325
RMR*IK*421320050326*PI*241.62*241.62*0
REF*PO*0020050327
REF*ST*04213
REF*DP*043
DTM*999*20050326
RMR*IK*421320050327*PI*54.62*54.62*0
REF*PO*0020050328
REF*ST*04213
REF*DP*043
DTM*999*20050327
RMR*IK*421320050328*PI*158.99*158.99*0
REF*PO*0020050329
REF*ST*04213
REF*DP*043
DTM*999*20050328
RMR*IK*421320050329*PI*232.87*232.87*0
REF*PO*0020050330
REF*ST*04213
REF*DP*043
DTM*999*20050329
RMR*IK*421320050330*PI*120.11*120.11*0
REF*PO*0020050331
REF*ST*04213
REF*DP*043
DTM*999*20050330
RMR*IK*424120050328*PI*25.73*25.73*0
REF*PO*0020050329
REF*ST*04241
REF*DP*043
DTM*999*20050328
RMR*IK*424120050329*PI*123.84*123.84*0
REF*PO*0020050330
REF*ST*04241
REF*DP*043
DTM*999*20050329
RMR*IK*424120050330*PI*245.44*245.44*0
REF*PO*0020050331
REF*ST*04241
REF*DP*043
DTM*999*20050330
RMR*IK*424420050324*PI*136.34*136.34*0
REF*PO*0020050325
REF*ST*04244
REF*DP*043
DTM*999*20050324
RMR*IK*424420050325*PI*878.4*878.4*0
REF*PO*0020050326
REF*ST*04244
REF*DP*043
DTM*999*20050325
RMR*IK*424420050326*PI*911.1*911.1*0
REF*PO*0020050327
REF*ST*04244
REF*DP*043
DTM*999*20050326
RMR*IK*424420050327*PI*576.32*576.32*0
REF*PO*0020050328
REF*ST*04244
REF*DP*043
DTM*999*20050327
RMR*IK*424420050328*PI*224.56*224.56*0
REF*PO*0020050329
REF*ST*04244
REF*DP*043
DTM*999*20050328
RMR*IK*424420050329*PI*773.34*773.34*0
REF*PO*0020050330
REF*ST*04244
REF*DP*043
DTM*999*20050329
RMR*IK*424420050330*PI*688.5*688.5*0
REF*PO*0020050331
REF*ST*04244
REF*DP*043
DTM*999*20050330
RMR*IK*430820050324*PI*437.02*437.02*0
REF*PO*0020050325
REF*ST*04308
REF*DP*043
DTM*999*20050324
RMR*IK*430820050325*PI*282.53*282.53*0
REF*PO*0020050326
REF*ST*04308
REF*DP*043
DTM*999*20050325
RMR*IK*430820050326*PI*365.55*365.55*0
REF*PO*0020050327
REF*ST*04308
REF*DP*043
DTM*999*20050326
RMR*IK*430820050327*PI*100.57*100.57*0
REF*PO*0020050328
REF*ST*04308
REF*DP*043
DTM*999*20050327
RMR*IK*430820050328*PI*35.86*35.86*0
REF*PO*0020050329
REF*ST*04308
REF*DP*043
DTM*999*20050328
RMR*IK*430820050329*PI*134.53*134.53*0
REF*PO*0020050330
REF*ST*04308
REF*DP*043
DTM*999*20050329
RMR*IK*430820050330*PI*200.27*200.27*0
REF*PO*0020050331
REF*ST*04308
REF*DP*043
DTM*999*20050330
RMR*IK*431220050324*PI*29.92*29.92*0
REF*PO*0020050325
REF*ST*04312
REF*DP*043
DTM*999*20050324
RMR*IK*431220050325*PI*185.65*185.65*0
REF*PO*0020050326
REF*ST*04312
REF*DP*043
DTM*999*20050325
RMR*IK*431220050326*PI*293.31*293.31*0
REF*PO*0020050327
REF*ST*04312
REF*DP*043
DTM*999*20050326
RMR*IK*431220050327*PI*163.83*163.83*0
REF*PO*0020050328
REF*ST*04312
REF*DP*043
DTM*999*20050327
RMR*IK*431220050328*PI*39.03*39.03*0
REF*PO*0020050329
REF*ST*04312
REF*DP*043
DTM*999*20050328
RMR*IK*431220050329*PI*184.44*184.44*0
REF*PO*0020050330
REF*ST*04312
REF*DP*043
DTM*999*20050329
RMR*IK*431220050330*PI*125.19*125.19*0
REF*PO*0020050331
REF*ST*04312
REF*DP*043
DTM*999*20050330
RMR*IK*447520050324*PI*31.39*31.39*0
REF*PO*0020050325
REF*ST*04475
REF*DP*043
DTM*999*20050324
RMR*IK*447520050325*PI*91.44*91.44*0
REF*PO*0020050326
REF*ST*04475
REF*DP*043
DTM*999*20050325
RMR*IK*447520050326*PI*342.89*342.89*0
REF*PO*0020050327
REF*ST*04475
REF*DP*043
DTM*999*20050326
RMR*IK*447520050327*PI*150.68*150.68*0
REF*PO*0020050328
REF*ST*04475
REF*DP*043
DTM*999*20050327
RMR*IK*447520050328*PI*46*46*0
REF*PO*0020050329
REF*ST*04475
REF*DP*043
DTM*999*20050328
RMR*IK*447520050329*PI*152.02*152.02*0
REF*PO*0020050330
REF*ST*04475
REF*DP*043
DTM*999*20050329
RMR*IK*447520050330*PI*231.61*231.61*0
REF*PO*0020050331
REF*ST*04475
REF*DP*043
DTM*999*20050330
RMR*IK*471720050324*PI*86.68*86.68*0
REF*PO*0020050325
REF*ST*04717
REF*DP*043
DTM*999*20050324
RMR*IK*471720050325*PI*66.62*66.62*0
REF*PO*0020050326
REF*ST*04717
REF*DP*043
DTM*999*20050325
RMR*IK*471720050326*PI*356.63*356.63*0
REF*PO*0020050327
REF*ST*04717
REF*DP*043
DTM*999*20050326
RMR*IK*471720050327*PI*132.84*132.84*0
REF*PO*0020050328
REF*ST*04717
REF*DP*043
DTM*999*20050327
RMR*IK*471720050328*PI*24.11*24.11*0
REF*PO*0020050329
REF*ST*04717
REF*DP*043
DTM*999*20050328
RMR*IK*471720050329*PI*222.31*222.31*0
REF*PO*0020050330
REF*ST*04717
REF*DP*043
DTM*999*20050329
RMR*IK*471720050330*PI*495.16*495.16*0
REF*PO*0020050331
REF*ST*04717
REF*DP*043
DTM*999*20050330
RMR*IK*471920050324*PI*283.75*283.75*0
REF*PO*0020050325
REF*ST*04719
REF*DP*043
DTM*999*20050324
RMR*IK*471920050325*PI*795.9*795.9*0
REF*PO*0020050326
REF*ST*04719
REF*DP*043
DTM*999*20050325
RMR*IK*471920050326*PI*699.43*699.43*0
REF*PO*0020050327
REF*ST*04719
REF*DP*043
DTM*999*20050326
RMR*IK*471920050327*PI*228.44*228.44*0
REF*PO*0020050328
REF*ST*04719
REF*DP*043
DTM*999*20050327
RMR*IK*471920050328*PI*62.24*62.24*0
REF*PO*0020050329
REF*ST*04719
REF*DP*043
DTM*999*20050328
RMR*IK*471920050329*PI*355.56*355.56*0
REF*PO*0020050330
REF*ST*04719
REF*DP*043
DTM*999*20050329
RMR*IK*471920050330*PI*579.03*579.03*0
REF*PO*0020050331
REF*ST*04719
REF*DP*043
DTM*999*20050330
RMR*IK*473920050324*PI*42.06*42.06*0
REF*PO*0020050325
REF*ST*04739
REF*DP*043
DTM*999*20050324
RMR*IK*473920050325*PI*59.59*59.59*0
REF*PO*0020050326
REF*ST*04739
REF*DP*043
DTM*999*20050325
RMR*IK*473920050326*PI*63.39*63.39*0
REF*PO*0020050327
REF*ST*04739
REF*DP*043
DTM*999*20050326
RMR*IK*473920050327*PI*4.5*4.5*0
REF*PO*0020050328
REF*ST*04739
REF*DP*043
DTM*999*20050327
RMR*IK*473920050329*PI*21.09*21.09*0
REF*PO*0020050330
REF*ST*04739
REF*DP*043
DTM*999*20050329
RMR*IK*473920050330*PI*21.03*21.03*0
REF*PO*0020050331
REF*ST*04739
REF*DP*043
DTM*999*20050330
RMR*IK*475320050324*PI*20.65*20.65*0
REF*PO*0020050325
REF*ST*04753
REF*DP*043
DTM*999*20050324
RMR*IK*475320050325*PI*4.5*4.5*0
REF*PO*0020050326
REF*ST*04753
REF*DP*043
DTM*999*20050325
RMR*IK*475320050326*PI*45.34*45.34*0
REF*PO*0020050327
REF*ST*04753
REF*DP*043
DTM*999*20050326
RMR*IK*475320050329*PI*4.12*4.12*0
REF*PO*0020050330
REF*ST*04753
REF*DP*043
DTM*999*20050329
RMR*IK*475320050330*PI*12.5*12.5*0
REF*PO*0020050331
REF*ST*04753
REF*DP*043
DTM*999*20050330
RMR*IK*476020050324*PI*211.85*211.85*0
REF*PO*0020050325
REF*ST*04760
REF*DP*043
DTM*999*20050324
RMR*IK*476020050325*PI*382.47*382.47*0
REF*PO*0020050326
REF*ST*04760
REF*DP*043
DTM*999*20050325
RMR*IK*476020050326*PI*355.13*355.13*0
REF*PO*0020050327
REF*ST*04760
REF*DP*043
DTM*999*20050326
RMR*IK*476020050327*PI*39.18*39.18*0
REF*PO*0020050328
REF*ST*04760
REF*DP*043
DTM*999*20050327
RMR*IK*476020050328*PI*33.59*33.59*0
REF*PO*0020050329
REF*ST*04760
REF*DP*043
DTM*999*20050328
RMR*IK*476020050329*PI*312.24*312.24*0
REF*PO*0020050330
REF*ST*04760
REF*DP*043
DTM*999*20050329
RMR*IK*476020050330*PI*271.41*271.41*0
REF*PO*0020050331
REF*ST*04760
REF*DP*043
DTM*999*20050330
RMR*IK*476020050330*PI*9.27*9.27*0
REF*PO*0020050401
REF*ST*04760
REF*DP*043
DTM*999*20050330
RMR*IK*476020050415*PI*-1.03*-1.03*0
REF*PO*0020050417
REF*ST*04760
REF*DP*043
DTM*999*20050415
RMR*IK*476920050324*PI*187.57*187.57*0
REF*PO*0020050325
REF*ST*04769
REF*DP*043
DTM*999*20050324
RMR*IK*476920050325*PI*168.49*168.49*0
REF*PO*0020050326
REF*ST*04769
REF*DP*043
DTM*999*20050325
RMR*IK*476920050326*PI*299.9*299.9*0
REF*PO*0020050327
REF*ST*04769
REF*DP*043
DTM*999*20050326
RMR*IK*476920050327*PI*120.26*120.26*0
REF*PO*0020050328
REF*ST*04769
REF*DP*043
DTM*999*20050327
RMR*IK*476920050328*PI*44.46*44.46*0
REF*PO*0020050329
REF*ST*04769
REF*DP*043
DTM*999*20050328
RMR*IK*476920050329*PI*257.63*257.63*0
REF*PO*0020050330
REF*ST*04769
REF*DP*043
DTM*999*20050329
RMR*IK*476920050330*PI*184.57*184.57*0
REF*PO*0020050331
REF*ST*04769
REF*DP*043
DTM*999*20050330
RMR*IK*476920050417*PI*-4.12*-4.12*0
REF*PO*0020050419
REF*ST*04769
REF*DP*043
DTM*999*20050417
RMR*IK*481720050324*PI*224.9*224.9*0
REF*PO*0020050325
REF*ST*04817
REF*DP*043
DTM*999*20050324
RMR*IK*481720050325*PI*466.21*466.21*0
REF*PO*0020050326
REF*ST*04817
REF*DP*043
DTM*999*20050325
RMR*IK*481720050326*PI*520.53*520.53*0
REF*PO*0020050327
REF*ST*04817
REF*DP*043
DTM*999*20050326
RMR*IK*481720050327*PI*150.96*150.96*0
REF*PO*0020050328
REF*ST*04817
REF*DP*043
DTM*999*20050327
RMR*IK*481720050328*PI*56.22*56.22*0
REF*PO*0020050329
REF*ST*04817
REF*DP*043
DTM*999*20050328
RMR*IK*481720050329*PI*282.73*282.73*0
REF*PO*0020050330
REF*ST*04817
REF*DP*043
DTM*999*20050329
RMR*IK*481720050330*PI*384.39*384.39*0
REF*PO*0020050331
REF*ST*04817
REF*DP*043
DTM*999*20050330
RMR*IK*483520050324*PI*85.86*85.86*0
REF*PO*0020050325
REF*ST*04835
REF*DP*043
DTM*999*20050324
RMR*IK*483520050325*PI*66.98*66.98*0
REF*PO*0020050326
REF*ST*04835
REF*DP*043
DTM*999*20050325
RMR*IK*483520050326*PI*177.66*177.66*0
REF*PO*0020050327
REF*ST*04835
REF*DP*043
DTM*999*20050326
RMR*IK*483520050327*PI*19.95*19.95*0
REF*PO*0020050328
REF*ST*04835
REF*DP*043
DTM*999*20050327
RMR*IK*483520050329*PI*50.06*50.06*0
REF*PO*0020050330
REF*ST*04835
REF*DP*043
DTM*999*20050329
RMR*IK*483520050330*PI*6.18*6.18*0
REF*PO*0020050331
REF*ST*04835
REF*DP*043
DTM*999*20050330
RMR*IK*488320050324*PI*129.28*129.28*0
REF*PO*0020050325
REF*ST*04883
REF*DP*043
DTM*999*20050324
RMR*IK*488320050325*PI*233.93*233.93*0
REF*PO*0020050326
REF*ST*04883
REF*DP*043
DTM*999*20050325
RMR*IK*488320050326*PI*354.54*354.54*0
REF*PO*0020050327
REF*ST*04883
REF*DP*043
DTM*999*20050326
RMR*IK*488320050327*PI*48.53*48.53*0
REF*PO*0020050328
REF*ST*04883
REF*DP*043
DTM*999*20050327
RMR*IK*488320050328*PI*44.19*44.19*0
REF*PO*0020050329
REF*ST*04883
REF*DP*043
DTM*999*20050328
RMR*IK*488320050329*PI*154.94*154.94*0
REF*PO*0020050330
REF*ST*04883
REF*DP*043
DTM*999*20050329
RMR*IK*488320050330*PI*198.7*198.7*0
REF*PO*0020050331
REF*ST*04883
REF*DP*043
DTM*999*20050330
RMR*IK*489820050324*PI*54.11*54.11*0
REF*PO*0020050325
REF*ST*04898
REF*DP*043
DTM*999*20050324
RMR*IK*489820050325*PI*117.08*117.08*0
REF*PO*0020050326
REF*ST*04898
REF*DP*043
DTM*999*20050325
RMR*IK*489820050326*PI*221.07*221.07*0
REF*PO*0020050327
REF*ST*04898
REF*DP*043
DTM*999*20050326
RMR*IK*489820050327*PI*67.35*67.35*0
REF*PO*0020050328
REF*ST*04898
REF*DP*043
DTM*999*20050327
RMR*IK*489820050328*PI*23.06*23.06*0
REF*PO*0020050329
REF*ST*04898
REF*DP*043
DTM*999*20050328
RMR*IK*489820050329*PI*100.48*100.48*0
REF*PO*0020050330
REF*ST*04898
REF*DP*043
DTM*999*20050329
RMR*IK*489820050330*PI*70.91*70.91*0
REF*PO*0020050331
REF*ST*04898
REF*DP*043
DTM*999*20050330
RMR*IK*496820050324*PI*101.34*101.34*0
REF*PO*0020050325
REF*ST*04968
REF*DP*043
DTM*999*20050324
RMR*IK*496820050325*PI*352.13*352.13*0
REF*PO*0020050326
REF*ST*04968
REF*DP*043
DTM*999*20050325
RMR*IK*496820050326*PI*306.91*306.91*0
REF*PO*0020050327
REF*ST*04968
REF*DP*043
DTM*999*20050326
RMR*IK*496820050327*PI*36.41*36.41*0
REF*PO*0020050328
REF*ST*04968
REF*DP*043
DTM*999*20050327
RMR*IK*496820050328*PI*145.56*145.56*0
REF*PO*0020050329
REF*ST*04968
REF*DP*043
DTM*999*20050328
RMR*IK*496820050329*PI*140.57*140.57*0
REF*PO*0020050330
REF*ST*04968
REF*DP*043
DTM*999*20050329
RMR*IK*496820050330*PI*259.1*259.1*0
REF*PO*0020050331
REF*ST*04968
REF*DP*043
DTM*999*20050330
RMR*IK*496920050324*PI*50.69*50.69*0
REF*PO*0020050325
REF*ST*04969
REF*DP*043
DTM*999*20050324
RMR*IK*496920050325*PI*319.15*319.15*0
REF*PO*0020050326
REF*ST*04969
REF*DP*043
DTM*999*20050325
RMR*IK*496920050326*PI*249.92*249.92*0
REF*PO*0020050327
REF*ST*04969
REF*DP*043
DTM*999*20050326
RMR*IK*496920050327*PI*47.33*47.33*0
REF*PO*0020050328
REF*ST*04969
REF*DP*043
DTM*999*20050327
RMR*IK*496920050328*PI*96.35*96.35*0
REF*PO*0020050329
REF*ST*04969
REF*DP*043
DTM*999*20050328
RMR*IK*496920050329*PI*142.79*142.79*0
REF*PO*0020050330
REF*ST*04969
REF*DP*043
DTM*999*20050329
RMR*IK*496920050330*PI*159.05*159.05*0
REF*PO*0020050331
REF*ST*04969
REF*DP*043
DTM*999*20050330
RMR*IK*497020050324*PI*236.92*236.92*0
REF*PO*0020050325
REF*ST*04970
REF*DP*043
DTM*999*20050324
RMR*IK*497020050325*PI*234.89*234.89*0
REF*PO*0020050326
REF*ST*04970
REF*DP*043
DTM*999*20050325
RMR*IK*497020050326*PI*274.98*274.98*0
REF*PO*0020050327
REF*ST*04970
REF*DP*043
DTM*999*20050326
RMR*IK*497020050327*PI*93.09*93.09*0
REF*PO*0020050328
REF*ST*04970
REF*DP*043
DTM*999*20050327
RMR*IK*497020050328*PI*109.68*109.68*0
REF*PO*0020050329
REF*ST*04970
REF*DP*043
DTM*999*20050328
RMR*IK*497020050329*PI*330.18*330.18*0
REF*PO*0020050330
REF*ST*04970
REF*DP*043
DTM*999*20050329
RMR*IK*497020050330*PI*271.78*271.78*0
REF*PO*0020050331
REF*ST*04970
REF*DP*043
DTM*999*20050330
RMR*IK*704520050324*PI*89.11*89.11*0
REF*PO*0020050325
REF*ST*07045
REF*DP*043
DTM*999*20050324
RMR*IK*704520050325*PI*124.43*124.43*0
REF*PO*0020050326
REF*ST*07045
REF*DP*043
DTM*999*20050325
RMR*IK*704520050326*PI*353.85*353.85*0
REF*PO*0020050327
REF*ST*07045
REF*DP*043
DTM*999*20050326
RMR*IK*704520050327*PI*27.07*27.07*0
REF*PO*0020050328
REF*ST*07045
REF*DP*043
DTM*999*20050327
RMR*IK*704520050328*PI*42.02*42.02*0
REF*PO*0020050329
REF*ST*07045
REF*DP*043
DTM*999*20050328
RMR*IK*704520050329*PI*131.23*131.23*0
REF*PO*0020050330
REF*ST*07045
REF*DP*043
DTM*999*20050329
RMR*IK*704520050330*PI*159.17*159.17*0
REF*PO*0020050331
REF*ST*07045
REF*DP*043
DTM*999*20050330
RMR*IK*704520050419*PI*-11.31*-11.31*0
REF*PO*0020050421
REF*ST*07045
REF*DP*043
DTM*999*20050419
RMR*IK*705920050324*PI*36.59*36.59*0
REF*PO*0020050325
REF*ST*07059
REF*DP*043
DTM*999*20050324
RMR*IK*705920050325*PI*134.24*134.24*0
REF*PO*0020050326
REF*ST*07059
REF*DP*043
DTM*999*20050325
RMR*IK*705920050326*PI*163.22*163.22*0
REF*PO*0020050327
REF*ST*07059
REF*DP*043
DTM*999*20050326
RMR*IK*705920050328*PI*36*36*0
REF*PO*0020050329
REF*ST*07059
REF*DP*043
DTM*999*20050328
RMR*IK*705920050329*PI*165.32*165.32*0
REF*PO*0020050330
REF*ST*07059
REF*DP*043
DTM*999*20050329
RMR*IK*705920050330*PI*147.5*147.5*0
REF*PO*0020050331
REF*ST*07059
REF*DP*043
DTM*999*20050330
RMR*IK*706420050324*PI*72.63*72.63*0
REF*PO*0020050325
REF*ST*07064
REF*DP*043
DTM*999*20050324
RMR*IK*706420050325*PI*244.69*244.69*0
REF*PO*0020050326
REF*ST*07064
REF*DP*043
DTM*999*20050325
RMR*IK*706420050326*PI*238.77*238.77*0
REF*PO*0020050327
REF*ST*07064
REF*DP*043
DTM*999*20050326
RMR*IK*706420050327*PI*100.49*100.49*0
REF*PO*0020050328
REF*ST*07064
REF*DP*043
DTM*999*20050327
RMR*IK*706420050328*PI*10.5*10.5*0
REF*PO*0020050329
REF*ST*07064
REF*DP*043
DTM*999*20050328
RMR*IK*706420050329*PI*134.04*134.04*0
REF*PO*0020050330
REF*ST*07064
REF*DP*043
DTM*999*20050329
RMR*IK*706420050330*PI*169.81*169.81*0
REF*PO*0020050331
REF*ST*07064
REF*DP*043
DTM*999*20050330
RMR*IK*706620050324*PI*115.95*115.95*0
REF*PO*0020050325
REF*ST*07066
REF*DP*043
DTM*999*20050324
RMR*IK*706620050325*PI*136.55*136.55*0
REF*PO*0020050326
REF*ST*07066
REF*DP*043
DTM*999*20050325
RMR*IK*706620050326*PI*194.88*194.88*0
REF*PO*0020050327
REF*ST*07066
REF*DP*043
DTM*999*20050326
RMR*IK*706620050327*PI*138.35*138.35*0
REF*PO*0020050328
REF*ST*07066
REF*DP*043
DTM*999*20050327
RMR*IK*706620050328*PI*93.48*93.48*0
REF*PO*0020050329
REF*ST*07066
REF*DP*043
DTM*999*20050328
RMR*IK*706620050329*PI*302.44*302.44*0
REF*PO*0020050330
REF*ST*07066
REF*DP*043
DTM*999*20050329
RMR*IK*706620050330*PI*325.89*325.89*0
REF*PO*0020050331
REF*ST*07066
REF*DP*043
DTM*999*20050330
RMR*IK*706920050324*PI*191.78*191.78*0
REF*PO*0020050325
REF*ST*07069
REF*DP*043
DTM*999*20050324
RMR*IK*706920050325*PI*451.67*451.67*0
REF*PO*0020050326
REF*ST*07069
REF*DP*043
DTM*999*20050325
RMR*IK*706920050326*PI*453.04*453.04*0
REF*PO*0020050327
REF*ST*07069
REF*DP*043
DTM*999*20050326
RMR*IK*706920050327*PI*301.27*301.27*0
REF*PO*0020050328
REF*ST*07069
REF*DP*043
DTM*999*20050327
RMR*IK*706920050328*PI*46.75*46.75*0
REF*PO*0020050329
REF*ST*07069
REF*DP*043
DTM*999*20050328
RMR*IK*706920050329*PI*242.47*242.47*0
REF*PO*0020050330
REF*ST*07069
REF*DP*043
DTM*999*20050329
RMR*IK*706920050330*PI*339.7*339.7*0
REF*PO*0020050331
REF*ST*07069
REF*DP*043
DTM*999*20050330
RMR*IK*707620050324*PI*106.5*106.5*0
REF*PO*0020050325
REF*ST*07076
REF*DP*043
DTM*999*20050324
RMR*IK*707620050325*PI*528.99*528.99*0
REF*PO*0020050326
REF*ST*07076
REF*DP*043
DTM*999*20050325
RMR*IK*707620050326*PI*479.51*479.51*0
REF*PO*0020050327
REF*ST*07076
REF*DP*043
DTM*999*20050326
RMR*IK*707620050327*PI*99.85*99.85*0
REF*PO*0020050328
REF*ST*07076
REF*DP*043
DTM*999*20050327
RMR*IK*707620050328*PI*4.78*4.78*0
REF*PO*0020050329
REF*ST*07076
REF*DP*043
DTM*999*20050328
RMR*IK*707620050329*PI*252.48*252.48*0
REF*PO*0020050330
REF*ST*07076
REF*DP*043
DTM*999*20050329
RMR*IK*707620050330*PI*419.42*419.42*0
REF*PO*0020050331
REF*ST*07076
REF*DP*043
DTM*999*20050330
RMR*IK*713220050324*PI*157.35*157.35*0
REF*PO*0020050325
REF*ST*07132
REF*DP*043
DTM*999*20050324
RMR*IK*713220050325*PI*416.91*416.91*0
REF*PO*0020050326
REF*ST*07132
REF*DP*043
DTM*999*20050325
RMR*IK*713220050326*PI*562.45*562.45*0
REF*PO*0020050327
REF*ST*07132
REF*DP*043
DTM*999*20050326
RMR*IK*713220050327*PI*58*58*0
REF*PO*0020050328
REF*ST*07132
REF*DP*043
DTM*999*20050327
RMR*IK*713220050328*PI*42.21*42.21*0
REF*PO*0020050329
REF*ST*07132
REF*DP*043
DTM*999*20050328
RMR*IK*713220050329*PI*228.9*228.9*0
REF*PO*0020050330
REF*ST*07132
REF*DP*043
DTM*999*20050329
RMR*IK*713220050330*PI*278.32*278.32*0
REF*PO*0020050331
REF*ST*07132
REF*DP*043
DTM*999*20050330
RMR*IK*714620050324*PI*116.04*116.04*0
REF*PO*0020050325
REF*ST*07146
REF*DP*043
DTM*999*20050324
RMR*IK*714620050325*PI*163.34*163.34*0
REF*PO*0020050326
REF*ST*07146
REF*DP*043
DTM*999*20050325
RMR*IK*714620050326*PI*505.52*505.52*0
REF*PO*0020050327
REF*ST*07146
REF*DP*043
DTM*999*20050326
RMR*IK*714620050327*PI*53.88*53.88*0
REF*PO*0020050328
REF*ST*07146
REF*DP*043
DTM*999*20050327
RMR*IK*714620050328*PI*2.06*2.06*0
REF*PO*0020050329
REF*ST*07146
REF*DP*043
DTM*999*20050328
RMR*IK*714620050329*PI*116.13*116.13*0
REF*PO*0020050330
REF*ST*07146
REF*DP*043
DTM*999*20050329
RMR*IK*714620050330*PI*226.43*226.43*0
REF*PO*0020050331
REF*ST*07146
REF*DP*043
DTM*999*20050330
RMR*IK*715420050324*PI*234.35*234.35*0
REF*PO*0020050325
REF*ST*07154
REF*DP*043
DTM*999*20050324
RMR*IK*715420050325*PI*248.9*248.9*0
REF*PO*0020050326
REF*ST*07154
REF*DP*043
DTM*999*20050325
RMR*IK*715420050326*PI*421.74*421.74*0
REF*PO*0020050327
REF*ST*07154
REF*DP*043
DTM*999*20050326
RMR*IK*715420050327*PI*124.83*124.83*0
REF*PO*0020050328
REF*ST*07154
REF*DP*043
DTM*999*20050327
RMR*IK*715420050328*PI*37.02*37.02*0
REF*PO*0020050329
REF*ST*07154
REF*DP*043
DTM*999*20050328
RMR*IK*715420050329*PI*310.44*310.44*0
REF*PO*0020050330
REF*ST*07154
REF*DP*043
DTM*999*20050329
RMR*IK*715420050330*PI*199.84*199.84*0
REF*PO*0020050331
REF*ST*07154
REF*DP*043
DTM*999*20050330
RMR*IK*718420050324*PI*693.23*693.23*0
REF*PO*0020050325
REF*ST*07184
REF*DP*043
DTM*999*20050324
RMR*IK*718420050325*PI*984.12*984.12*0
REF*PO*0020050326
REF*ST*07184
REF*DP*043
DTM*999*20050325
RMR*IK*718420050326*PI*1504.63*1504.63*0
REF*PO*0020050327
REF*ST*07184
REF*DP*043
DTM*999*20050326
RMR*IK*718420050327*PI*275.8*275.8*0
REF*PO*0020050328
REF*ST*07184
REF*DP*043
DTM*999*20050327
RMR*IK*718420050328*PI*174.77*174.77*0
REF*PO*0020050329
REF*ST*07184
REF*DP*043
DTM*999*20050328
RMR*IK*718420050329*PI*706.45*706.45*0
REF*PO*0020050330
REF*ST*07184
REF*DP*043
DTM*999*20050329
RMR*IK*718420050330*PI*916.97*916.97*0
REF*PO*0020050331
REF*ST*07184
REF*DP*043
DTM*999*20050330
RMR*IK*725520050324*PI*9.27*9.27*0
REF*PO*0020050325
REF*ST*07255
REF*DP*043
DTM*999*20050324
RMR*IK*725520050325*PI*97.59*97.59*0
REF*PO*0020050326
REF*ST*07255
REF*DP*043
DTM*999*20050325
RMR*IK*725520050326*PI*45*45*0
REF*PO*0020050327
REF*ST*07255
REF*DP*043
DTM*999*20050326
RMR*IK*725520050327*PI*43.5*43.5*0
REF*PO*0020050328
REF*ST*07255
REF*DP*043
DTM*999*20050327
RMR*IK*725520050328*PI*22*22*0
REF*PO*0020050329
REF*ST*07255
REF*DP*043
DTM*999*20050328
RMR*IK*725520050329*PI*34.15*34.15*0
REF*PO*0020050330
REF*ST*07255
REF*DP*043
DTM*999*20050329
RMR*IK*725520050330*PI*64.18*64.18*0
REF*PO*0020050331
REF*ST*07255
REF*DP*043
DTM*999*20050330
RMR*IK*735820050324*PI*183.64*183.64*0
REF*PO*0020050325
REF*ST*07358
REF*DP*043
DTM*999*20050324
RMR*IK*735820050325*PI*212.76*212.76*0
REF*PO*0020050326
REF*ST*07358
REF*DP*043
DTM*999*20050325
RMR*IK*735820050326*PI*387.51*387.51*0
REF*PO*0020050327
REF*ST*07358
REF*DP*043
DTM*999*20050326
RMR*IK*735820050327*PI*147.87*147.87*0
REF*PO*0020050328
REF*ST*07358
REF*DP*043
DTM*999*20050327
RMR*IK*735820050328*PI*66.64*66.64*0
REF*PO*0020050329
REF*ST*07358
REF*DP*043
DTM*999*20050328
RMR*IK*735820050329*PI*245.53*245.53*0
REF*PO*0020050330
REF*ST*07358
REF*DP*043
DTM*999*20050329
RMR*IK*735820050330*PI*331.89*331.89*0
REF*PO*0020050331
REF*ST*07358
REF*DP*043
DTM*999*20050330
RMR*IK*735820050418*PI*-.75*-.75*0
REF*PO*0020050420
REF*ST*07358
REF*DP*043
DTM*999*20050418
RMR*IK*736220050324*PI*68.52*68.52*0
REF*PO*0020050325
REF*ST*07362
REF*DP*043
DTM*999*20050324
RMR*IK*736220050325*PI*116.04*116.04*0
REF*PO*0020050326
REF*ST*07362
REF*DP*043
DTM*999*20050325
RMR*IK*736220050326*PI*321.31*321.31*0
REF*PO*0020050327
REF*ST*07362
REF*DP*043
DTM*999*20050326
RMR*IK*736220050327*PI*26.51*26.51*0
REF*PO*0020050328
REF*ST*07362
REF*DP*043
DTM*999*20050327
RMR*IK*736220050328*PI*39.88*39.88*0
REF*PO*0020050329
REF*ST*07362
REF*DP*043
DTM*999*20050328
RMR*IK*736220050329*PI*134.52*134.52*0
REF*PO*0020050330
REF*ST*07362
REF*DP*043
DTM*999*20050329
RMR*IK*736220050330*PI*79.33*79.33*0
REF*PO*0020050401
REF*ST*07362
REF*DP*043
DTM*999*20050330
RMR*IK*736220050330*PI*114.58*114.58*0
REF*PO*0020050331
REF*ST*07362
REF*DP*043
DTM*999*20050330
RMR*IK*743720050324*PI*54.83*54.83*0
REF*PO*0020050325
REF*ST*07437
REF*DP*043
DTM*999*20050324
RMR*IK*743720050325*PI*163.69*163.69*0
REF*PO*0020050326
REF*ST*07437
REF*DP*043
DTM*999*20050325
RMR*IK*743720050326*PI*193.88*193.88*0
REF*PO*0020050327
REF*ST*07437
REF*DP*043
DTM*999*20050326
RMR*IK*743720050327*PI*83.08*83.08*0
REF*PO*0020050328
REF*ST*07437
REF*DP*043
DTM*999*20050327
RMR*IK*743720050328*PI*43.31*43.31*0
REF*PO*0020050329
REF*ST*07437
REF*DP*043
DTM*999*20050328
RMR*IK*743720050329*PI*90.92*90.92*0
REF*PO*0020050330
REF*ST*07437
REF*DP*043
DTM*999*20050329
RMR*IK*743720050330*PI*136.46*136.46*0
REF*PO*0020050331
REF*ST*07437
REF*DP*043
DTM*999*20050330
RMR*IK*746020050324*PI*31.33*31.33*0
REF*PO*0020050325
REF*ST*07460
REF*DP*043
DTM*999*20050324
RMR*IK*746020050325*PI*47.15*47.15*0
REF*PO*0020050326
REF*ST*07460
REF*DP*043
DTM*999*20050325
RMR*IK*746020050326*PI*134.22*134.22*0
REF*PO*0020050327
REF*ST*07460
REF*DP*043
DTM*999*20050326
RMR*IK*746020050327*PI*107.81*107.81*0
REF*PO*0020050328
REF*ST*07460
REF*DP*043
DTM*999*20050327
RMR*IK*746020050328*PI*3.09*3.09*0
REF*PO*0020050329
REF*ST*07460
REF*DP*043
DTM*999*20050328
RMR*IK*746020050329*PI*66.31*66.31*0
REF*PO*0020050330
REF*ST*07460
REF*DP*043
DTM*999*20050329
RMR*IK*746020050330*PI*278.94*278.94*0
REF*PO*0020050331
REF*ST*07460
REF*DP*043
DTM*999*20050330
RMR*IK*746120050324*PI*47.06*47.06*0
REF*PO*0020050325
REF*ST*07461
REF*DP*043
DTM*999*20050324
RMR*IK*746120050325*PI*76.43*76.43*0
REF*PO*0020050326
REF*ST*07461
REF*DP*043
DTM*999*20050325
RMR*IK*746120050326*PI*55.72*55.72*0
REF*PO*0020050327
REF*ST*07461
REF*DP*043
DTM*999*20050326
RMR*IK*746120050327*PI*13*13*0
REF*PO*0020050328
REF*ST*07461
REF*DP*043
DTM*999*20050327
RMR*IK*746120050328*PI*9.27*9.27*0
REF*PO*0020050329
REF*ST*07461
REF*DP*043
DTM*999*20050328
RMR*IK*746120050329*PI*16.15*16.15*0
REF*PO*0020050330
REF*ST*07461
REF*DP*043
DTM*999*20050329
RMR*IK*746120050330*PI*17.24*17.24*0
REF*PO*0020050331
REF*ST*07461
REF*DP*043
DTM*999*20050330
RMR*IK*760720050324*PI*1.03*1.03*0
REF*PO*0020050325
REF*ST*07607
REF*DP*043
DTM*999*20050324
RMR*IK*760720050325*PI*93.95*93.95*0
REF*PO*0020050326
REF*ST*07607
REF*DP*043
DTM*999*20050325
RMR*IK*760720050326*PI*186.93*186.93*0
REF*PO*0020050327
REF*ST*07607
REF*DP*043
DTM*999*20050326
RMR*IK*760720050327*PI*11.62*11.62*0
REF*PO*0020050328
REF*ST*07607
REF*DP*043
DTM*999*20050327
RMR*IK*760720050328*PI*34.71*34.71*0
REF*PO*0020050329
REF*ST*07607
REF*DP*043
DTM*999*20050328
RMR*IK*760720050329*PI*34.15*34.15*0
REF*PO*0020050330
REF*ST*07607
REF*DP*043
DTM*999*20050329
RMR*IK*760720050330*PI*42.3*42.3*0
REF*PO*0020050331
REF*ST*07607
REF*DP*043
DTM*999*20050330
RMR*IK*761020050324*PI*151.8*151.8*0
REF*PO*0020050325
REF*ST*07610
REF*DP*043
DTM*999*20050324
RMR*IK*761020050325*PI*271.16*271.16*0
REF*PO*0020050326
REF*ST*07610
REF*DP*043
DTM*999*20050325
RMR*IK*761020050326*PI*363.39*363.39*0
REF*PO*0020050327
REF*ST*07610
REF*DP*043
DTM*999*20050326
RMR*IK*761020050327*PI*113.12*113.12*0
REF*PO*0020050328
REF*ST*07610
REF*DP*043
DTM*999*20050327
RMR*IK*761020050328*PI*13.16*13.16*0
REF*PO*0020050329
REF*ST*07610
REF*DP*043
DTM*999*20050328
RMR*IK*761020050329*PI*120.09*120.09*0
REF*PO*0020050330
REF*ST*07610
REF*DP*043
DTM*999*20050329
RMR*IK*761020050330*PI*151.34*151.34*0
REF*PO*0020050331
REF*ST*07610
REF*DP*043
DTM*999*20050330
RMR*IK*762920050324*PI*147.97*147.97*0
REF*PO*0020050325
REF*ST*07629
REF*DP*043
DTM*999*20050324
RMR*IK*762920050325*PI*257.31*257.31*0
REF*PO*0020050326
REF*ST*07629
REF*DP*043
DTM*999*20050325
RMR*IK*762920050326*PI*647.54*647.54*0
REF*PO*0020050327
REF*ST*07629
REF*DP*043
DTM*999*20050326
RMR*IK*762920050327*PI*85.65*85.65*0
REF*PO*0020050328
REF*ST*07629
REF*DP*043
DTM*999*20050327
RMR*IK*762920050328*PI*20.7*20.7*0
REF*PO*0020050329
REF*ST*07629
REF*DP*043
DTM*999*20050328
RMR*IK*762920050329*PI*263.29*263.29*0
REF*PO*0020050330
REF*ST*07629
REF*DP*043
DTM*999*20050329
RMR*IK*762920050330*PI*241.82*241.82*0
REF*PO*0020050331
REF*ST*07629
REF*DP*043
DTM*999*20050330
RMR*IK*763720050324*PI*35.86*35.86*0
REF*PO*0020050325
REF*ST*07637
REF*DP*043
DTM*999*20050324
RMR*IK*763720050325*PI*134.31*134.31*0
REF*PO*0020050326
REF*ST*07637
REF*DP*043
DTM*999*20050325
RMR*IK*763720050326*PI*273.72*273.72*0
REF*PO*0020050327
REF*ST*07637
REF*DP*043
DTM*999*20050326
RMR*IK*763720050327*PI*15.09*15.09*0
REF*PO*0020050328
REF*ST*07637
REF*DP*043
DTM*999*20050327
RMR*IK*763720050328*PI*118.93*118.93*0
REF*PO*0020050329
REF*ST*07637
REF*DP*043
DTM*999*20050328
RMR*IK*763720050329*PI*90.5*90.5*0
REF*PO*0020050330
REF*ST*07637
REF*DP*043
DTM*999*20050329
RMR*IK*763720050330*PI*155.38*155.38*0
REF*PO*0020050331
REF*ST*07637
REF*DP*043
DTM*999*20050330
RMR*IK*771820050324*PI*142.95*142.95*0
REF*PO*0020050325
REF*ST*07718
REF*DP*043
DTM*999*20050324
RMR*IK*771820050325*PI*98.98*98.98*0
REF*PO*0020050326
REF*ST*07718
REF*DP*043
DTM*999*20050325
RMR*IK*771820050326*PI*520.46*520.46*0
REF*PO*0020050327
REF*ST*07718
REF*DP*043
DTM*999*20050326
RMR*IK*771820050327*PI*506.22*506.22*0
REF*PO*0020050328
REF*ST*07718
REF*DP*043
DTM*999*20050327
RMR*IK*771820050328*PI*168.19*168.19*0
REF*PO*0020050329
REF*ST*07718
REF*DP*043
DTM*999*20050328
RMR*IK*771820050329*PI*509.51*509.51*0
REF*PO*0020050330
REF*ST*07718
REF*DP*043
DTM*999*20050329
RMR*IK*771820050330*PI*758.28*758.28*0
REF*PO*0020050331
REF*ST*07718
REF*DP*043
DTM*999*20050330
RMR*IK*771920050324*PI*208.31*208.31*0
REF*PO*0020050325
REF*ST*07719
REF*DP*043
DTM*999*20050324
RMR*IK*771920050325*PI*330.34*330.34*0
REF*PO*0020050326
REF*ST*07719
REF*DP*043
DTM*999*20050325
RMR*IK*771920050326*PI*421.84*421.84*0
REF*PO*0020050327
REF*ST*07719
REF*DP*043
DTM*999*20050326
RMR*IK*771920050327*PI*109.41*109.41*0
REF*PO*0020050328
REF*ST*07719
REF*DP*043
DTM*999*20050327
RMR*IK*771920050328*PI*211.38*211.38*0
REF*PO*0020050329
REF*ST*07719
REF*DP*043
DTM*999*20050328
RMR*IK*771920050329*PI*525.63*525.63*0
REF*PO*0020050330
REF*ST*07719
REF*DP*043
DTM*999*20050329
RMR*IK*771920050330*PI*284.34*284.34*0
REF*PO*0020050331
REF*ST*07719
REF*DP*043
DTM*999*20050330
RMR*IK*956020050324*PI*34.13*34.13*0
REF*PO*0020050325
REF*ST*09560
REF*DP*043
DTM*999*20050324
RMR*IK*956020050325*PI*105.25*105.25*0
REF*PO*0020050326
REF*ST*09560
REF*DP*043
DTM*999*20050325
RMR*IK*956020050326*PI*160.39*160.39*0
REF*PO*0020050327
REF*ST*09560
REF*DP*043
DTM*999*20050326
RMR*IK*956020050327*PI*76.35*76.35*0
REF*PO*0020050328
REF*ST*09560
REF*DP*043
DTM*999*20050327
RMR*IK*956020050328*PI*31.3*31.3*0
REF*PO*0020050329
REF*ST*09560
REF*DP*043
DTM*999*20050328
RMR*IK*956020050329*PI*57.39*57.39*0
REF*PO*0020050330
REF*ST*09560
REF*DP*043
DTM*999*20050329
RMR*IK*956020050330*PI*116.56*116.56*0
REF*PO*0020050331
REF*ST*09560
REF*DP*043
DTM*999*20050330
RMR*IK*957120050324*PI*112.55*112.55*0
REF*PO*0020050325
REF*ST*09571
REF*DP*043
DTM*999*20050324
RMR*IK*957120050325*PI*198.41*198.41*0
REF*PO*0020050326
REF*ST*09571
REF*DP*043
DTM*999*20050325
RMR*IK*957120050326*PI*168.11*168.11*0
REF*PO*0020050327
REF*ST*09571
REF*DP*043
DTM*999*20050326
RMR*IK*957120050327*PI*117.79*117.79*0
REF*PO*0020050328
REF*ST*09571
REF*DP*043
DTM*999*20050327
RMR*IK*957120050328*PI*10.07*10.07*0
REF*PO*0020050329
REF*ST*09571
REF*DP*043
DTM*999*20050328
RMR*IK*957120050329*PI*83.47*83.47*0
REF*PO*0020050330
REF*ST*09571
REF*DP*043
DTM*999*20050329
RMR*IK*957120050330*PI*64.48*64.48*0
REF*PO*0020050331
REF*ST*09571
REF*DP*043
DTM*999*20050330
RMR*IK*962020050324*PI*31.26*31.26*0
REF*PO*0020050325
REF*ST*09620
REF*DP*043
DTM*999*20050324
RMR*IK*962020050325*PI*99.68*99.68*0
REF*PO*0020050326
REF*ST*09620
REF*DP*043
DTM*999*20050325
RMR*IK*962020050326*PI*285.87*285.87*0
REF*PO*0020050327
REF*ST*09620
REF*DP*043
DTM*999*20050326
RMR*IK*962020050327*PI*84.79*84.79*0
REF*PO*0020050328
REF*ST*09620
REF*DP*043
DTM*999*20050327
RMR*IK*962020050329*PI*239.13*239.13*0
REF*PO*0020050330
REF*ST*09620
REF*DP*043
DTM*999*20050329
RMR*IK*962020050330*PI*183.76*183.76*0
REF*PO*0020050331
REF*ST*09620
REF*DP*043
DTM*999*20050330
RMR*IK*962120050324*PI*21*21*0
REF*PO*0020050325
REF*ST*09621
REF*DP*043
DTM*999*20050324
RMR*IK*962120050325*PI*66*66*0
REF*PO*0020050326
REF*ST*09621
REF*DP*043
DTM*999*20050325
RMR*IK*962120050326*PI*208.74*208.74*0
REF*PO*0020050327
REF*ST*09621
REF*DP*043
DTM*999*20050326
RMR*IK*962120050327*PI*16.5*16.5*0
REF*PO*0020050328
REF*ST*09621
REF*DP*043
DTM*999*20050327
RMR*IK*962120050328*PI*2.06*2.06*0
REF*PO*0020050329
REF*ST*09621
REF*DP*043
DTM*999*20050328
RMR*IK*962120050329*PI*67.74*67.74*0
REF*PO*0020050330
REF*ST*09621
REF*DP*043
DTM*999*20050329
RMR*IK*962120050330*PI*3.09*3.09*0
REF*PO*0020050331
REF*ST*09621
REF*DP*043
DTM*999*20050330
RMR*IK*962220050324*PI*36.68*36.68*0
REF*PO*0020050325
REF*ST*09622
REF*DP*043
DTM*999*20050324
RMR*IK*962220050325*PI*131.76*131.76*0
REF*PO*0020050326
REF*ST*09622
REF*DP*043
DTM*999*20050325
RMR*IK*962220050326*PI*201.35*201.35*0
REF*PO*0020050327
REF*ST*09622
REF*DP*043
DTM*999*20050326
RMR*IK*962220050327*PI*26.5*26.5*0
REF*PO*0020050328
REF*ST*09622
REF*DP*043
DTM*999*20050327
RMR*IK*962220050328*PI*23.71*23.71*0
REF*PO*0020050329
REF*ST*09622
REF*DP*043
DTM*999*20050328
RMR*IK*962220050329*PI*127.07*127.07*0
REF*PO*0020050330
REF*ST*09622
REF*DP*043
DTM*999*20050329
RMR*IK*962220050330*PI*177.35*177.35*0
REF*PO*0020050331
REF*ST*09622
REF*DP*043
DTM*999*20050330
RMR*IK*962520050324*PI*48.11*48.11*0
REF*PO*0020050325
REF*ST*09625
REF*DP*043
DTM*999*20050324
RMR*IK*962520050325*PI*136.33*136.33*0
REF*PO*0020050326
REF*ST*09625
REF*DP*043
DTM*999*20050325
RMR*IK*962520050326*PI*171.14*171.14*0
REF*PO*0020050327
REF*ST*09625
REF*DP*043
DTM*999*20050326
RMR*IK*962520050327*PI*42.48*42.48*0
REF*PO*0020050328
REF*ST*09625
REF*DP*043
DTM*999*20050327
RMR*IK*962520050328*PI*7.59*7.59*0
REF*PO*0020050329
REF*ST*09625
REF*DP*043
DTM*999*20050328
RMR*IK*962520050329*PI*67.42*67.42*0
REF*PO*0020050330
REF*ST*09625
REF*DP*043
DTM*999*20050329
RMR*IK*962520050330*PI*81.06*81.06*0
REF*PO*0020050331
REF*ST*09625
REF*DP*043
DTM*999*20050330
RMR*IK*962920050324*PI*70.63*70.63*0
REF*PO*0020050325
REF*ST*09629
REF*DP*043
DTM*999*20050324
RMR*IK*962920050325*PI*122.21*122.21*0
REF*PO*0020050326
REF*ST*09629
REF*DP*043
DTM*999*20050325
RMR*IK*962920050326*PI*214.18*214.18*0
REF*PO*0020050327
REF*ST*09629
REF*DP*043
DTM*999*20050326
RMR*IK*962920050327*PI*55.29*55.29*0
REF*PO*0020050328
REF*ST*09629
REF*DP*043
DTM*999*20050327
RMR*IK*962920050328*PI*9.25*9.25*0
REF*PO*0020050329
REF*ST*09629
REF*DP*043
DTM*999*20050328
RMR*IK*962920050329*PI*135.09*135.09*0
REF*PO*0020050330
REF*ST*09629
REF*DP*043
DTM*999*20050329
RMR*IK*962920050330*PI*78*78*0
REF*PO*0020050331
REF*ST*09629
REF*DP*043
DTM*999*20050330
RMR*IK*963320050324*PI*63.85*63.85*0
REF*PO*0020050325
REF*ST*09633
REF*DP*043
DTM*999*20050324
RMR*IK*963320050325*PI*230.31*230.31*0
REF*PO*0020050326
REF*ST*09633
REF*DP*043
DTM*999*20050325
RMR*IK*963320050326*PI*316.54*316.54*0
REF*PO*0020050327
REF*ST*09633
REF*DP*043
DTM*999*20050326
RMR*IK*963320050327*PI*41.41*41.41*0
REF*PO*0020050328
REF*ST*09633
REF*DP*043
DTM*999*20050327
RMR*IK*963320050328*PI*30.7*30.7*0
REF*PO*0020050329
REF*ST*09633
REF*DP*043
DTM*999*20050328
RMR*IK*963320050329*PI*171.47*171.47*0
REF*PO*0020050330
REF*ST*09633
REF*DP*043
DTM*999*20050329
RMR*IK*963320050330*PI*117.8*117.8*0
REF*PO*0020050331
REF*ST*09633
REF*DP*043
DTM*999*20050330
RMR*IK*963920050324*PI*29.57*29.57*0
REF*PO*0020050325
REF*ST*09639
REF*DP*043
DTM*999*20050324
RMR*IK*963920050325*PI*70.17*70.17*0
REF*PO*0020050326
REF*ST*09639
REF*DP*043
DTM*999*20050325
RMR*IK*963920050326*PI*177.04*177.04*0
REF*PO*0020050327
REF*ST*09639
REF*DP*043
DTM*999*20050326
RMR*IK*963920050327*PI*35.5*35.5*0
REF*PO*0020050328
REF*ST*09639
REF*DP*043
DTM*999*20050327
RMR*IK*963920050329*PI*48.11*48.11*0
REF*PO*0020050330
REF*ST*09639
REF*DP*043
DTM*999*20050329
RMR*IK*963920050330*PI*64.7*64.7*0
REF*PO*0020050331
REF*ST*09639
REF*DP*043
DTM*999*20050330
RMR*IK*964820050324*PI*217.04*217.04*0
REF*PO*0020050325
REF*ST*09648
REF*DP*043
DTM*999*20050324
RMR*IK*964820050325*PI*472.36*472.36*0
REF*PO*0020050326
REF*ST*09648
REF*DP*043
DTM*999*20050325
RMR*IK*964820050326*PI*783.38*783.38*0
REF*PO*0020050327
REF*ST*09648
REF*DP*043
DTM*999*20050326
RMR*IK*964820050327*PI*74.14*74.14*0
REF*PO*0020050328
REF*ST*09648
REF*DP*043
DTM*999*20050327
RMR*IK*964820050328*PI*81.02*81.02*0
REF*PO*0020050329
REF*ST*09648
REF*DP*043
DTM*999*20050328
RMR*IK*964820050329*PI*409.14*409.14*0
REF*PO*0020050330
REF*ST*09648
REF*DP*043
DTM*999*20050329
RMR*IK*964820050330*PI*284.43*284.43*0
REF*PO*0020050331
REF*ST*09648
REF*DP*043
DTM*999*20050330
RMR*IK*964820050414*PI*-1.25*-1.25*0
REF*PO*0020050416
REF*ST*09648
REF*DP*043
DTM*999*20050414
RMR*IK*967420050324*PI*3.09*3.09*0
REF*PO*0020050325
REF*ST*09674
REF*DP*043
DTM*999*20050324
RMR*IK*967420050325*PI*41.98*41.98*0
REF*PO*0020050326
REF*ST*09674
REF*DP*043
DTM*999*20050325
RMR*IK*967420050326*PI*156.37*156.37*0
REF*PO*0020050327
REF*ST*09674
REF*DP*043
DTM*999*20050326
RMR*IK*967420050327*PI*37.59*37.59*0
REF*PO*0020050328
REF*ST*09674
REF*DP*043
DTM*999*20050327
RMR*IK*967420050328*PI*6.53*6.53*0
REF*PO*0020050329
REF*ST*09674
REF*DP*043
DTM*999*20050328
RMR*IK*967420050329*PI*95.5*95.5*0
REF*PO*0020050330
REF*ST*09674
REF*DP*043
DTM*999*20050329
RMR*IK*967420050330*PI*117.57*117.57*0
REF*PO*0020050331
REF*ST*09674
REF*DP*043
DTM*999*20050330
RMR*IK*972820050324*PI*21.71*21.71*0
REF*PO*0020050325
REF*ST*09728
REF*DP*043
DTM*999*20050324
RMR*IK*972820050325*PI*94.56*94.56*0
REF*PO*0020050326
REF*ST*09728
REF*DP*043
DTM*999*20050325
RMR*IK*972820050326*PI*187.81*187.81*0
REF*PO*0020050327
REF*ST*09728
REF*DP*043
DTM*999*20050326
RMR*IK*972820050327*PI*35.84*35.84*0
REF*PO*0020050328
REF*ST*09728
REF*DP*043
DTM*999*20050327
RMR*IK*972820050328*PI*12.55*12.55*0
REF*PO*0020050329
REF*ST*09728
REF*DP*043
DTM*999*20050328
RMR*IK*972820050329*PI*74.98*74.98*0
REF*PO*0020050330
REF*ST*09728
REF*DP*043
DTM*999*20050329
RMR*IK*972820050330*PI*210.4*210.4*0
REF*PO*0020050331
REF*ST*09728
REF*DP*043
DTM*999*20050330
RMR*IK*973520050324*PI*19.68*19.68*0
REF*PO*0020050325
REF*ST*09735
REF*DP*043
DTM*999*20050324
RMR*IK*973520050325*PI*60.68*60.68*0
REF*PO*0020050326
REF*ST*09735
REF*DP*043
DTM*999*20050325
RMR*IK*973520050326*PI*86.71*86.71*0
REF*PO*0020050327
REF*ST*09735
REF*DP*043
DTM*999*20050326
RMR*IK*973520050327*PI*131.21*131.21*0
REF*PO*0020050328
REF*ST*09735
REF*DP*043
DTM*999*20050327
RMR*IK*973520050329*PI*96.22*96.22*0
REF*PO*0020050330
REF*ST*09735
REF*DP*043
DTM*999*20050329
RMR*IK*973520050330*PI*134.81*134.81*0
REF*PO*0020050331
REF*ST*09735
REF*DP*043
DTM*999*20050330
RMR*IK*975820050324*PI*29.6*29.6*0
REF*PO*0020050325
REF*ST*09758
REF*DP*043
DTM*999*20050324
RMR*IK*975820050325*PI*4.12*4.12*0
REF*PO*0020050326
REF*ST*09758
REF*DP*043
DTM*999*20050325
RMR*IK*975820050326*PI*125.98*125.98*0
REF*PO*0020050327
REF*ST*09758
REF*DP*043
DTM*999*20050326
RMR*IK*975820050327*PI*67.03*67.03*0
REF*PO*0020050328
REF*ST*09758
REF*DP*043
DTM*999*20050327
RMR*IK*975820050329*PI*32.65*32.65*0
REF*PO*0020050330
REF*ST*09758
REF*DP*043
DTM*999*20050329
RMR*IK*975820050330*PI*165.89*165.89*0
REF*PO*0020050331
REF*ST*09758
REF*DP*043
DTM*999*20050330
RMR*IK*981820050324*PI*94.56*94.56*0
REF*PO*0020050325
REF*ST*09818
REF*DP*043
DTM*999*20050324
RMR*IK*981820050325*PI*285.63*285.63*0
REF*PO*0020050326
REF*ST*09818
REF*DP*043
DTM*999*20050325
RMR*IK*981820050326*PI*325.5*325.5*0
REF*PO*0020050327
REF*ST*09818
REF*DP*043
DTM*999*20050326
RMR*IK*981820050327*PI*72.04*72.04*0
REF*PO*0020050328
REF*ST*09818
REF*DP*043
DTM*999*20050327
RMR*IK*981820050328*PI*134.05*134.05*0
REF*PO*0020050329
REF*ST*09818
REF*DP*043
DTM*999*20050328
RMR*IK*981820050329*PI*208.27*208.27*0
REF*PO*0020050330
REF*ST*09818
REF*DP*043
DTM*999*20050329
RMR*IK*981820050330*PI*299.18*299.18*0
REF*PO*0020050331
REF*ST*09818
REF*DP*043
DTM*999*20050330
SE*3059*000000001
GE*1*100187
IEA*1*000100278
ISA*00*          *00*          *09*006985290AC    *12*6154525825     *050426*0420*U*00400*000000703*0*P*>
GS*PD*006985290AC*6154525825*20050426*04204469*80*X*004010
ST*852*000000001
XQ*H*20050426
N9*AD*T00000040
LIN**CB*970657110*ZZ*43*UP*831664000842*****DG*1*VS*00000
ZA*QS***006*20050425
CTP**UCP*5.5
SDQ*EA*ZZ*3084*1*3103*4*3194*5*3348*2*3359*4*3408*4*3644*2*3646*4*3672*4*3685*2
SDQ*EA*ZZ*3703*9*3715*17*3836*3*3848*1*3941*1*3966*1*3978*1*4033*4*4093*16*4103*9
SDQ*EA*ZZ*4241*4*4244*21*4308*2*4312*3*4475*10*4717*4*4719*19*4760*2*4817*1*4835*1
SDQ*EA*ZZ*4883*6*4970*2*7045*1*7059*2*7064*1*7066*4*7069*3*7076*11*7132*6*7154*11
SDQ*EA*ZZ*7362*2*7460*2*7607*4*7610*9*7629*7*7637*4*7718*7*9620*1*9621*5*9625*2
SDQ*EA*ZZ*9629*3*9633*9*9648*4*9728*3*9758*13
LIN**CB*970657110*ZZ*43*UP*831664000842*****DG*4*VS*00000
ZA*QS***006*20050425
CTP**UCP*5.5
SDQ*EA*ZZ*3103*4*4475*1
CTT*2
SE*18*000000001
ST*852*000000002
XQ*H*20050426
N9*AD*T00000040
LIN**CB*970955118*ZZ*43*UP*831664000866*****DG*1*VS*00000
ZA*QS***006*20050425
CTP**UCP*2.4
SDQ*EA*ZZ*3646*22*3848*4*4093*1*4244*2*7076*1*9620*1*9621*2*9818*1
LIN**CB*970955118*ZZ*43*UP*831664000866*****DG*4*VS*00000
ZA*QS***006*20050425
CTP**UCP*2.4
SDQ*EA*ZZ*7066*1
CTT*2
SE*13*000000002
ST*852*000000003
XQ*H*20050426
N9*AD*T00000040
LIN**CB*970956116*ZZ*43*UP*831664000019*****DG*1*VS*00000
ZA*QS***006*20050425
CTP**UCP*1.03
SDQ*EA*ZZ*3103*140*3941*67*4753*34*7255*72
LIN**CB*970956116*ZZ*43*UP*831664000019*****DG*3*VS*00000
ZA*QS***006*20050425
CTP**UCP*1.03
SDQ*EA*ZZ*3063*32*3083*193*3084*27*3143*178*3194*135*3348*23*3359*70*3408*79*3602*50*3644*139
SDQ*EA*ZZ*3646*137*3660*142*3672*86*3685*23*3703*239*3713*108*3715*24*3822*10*3836*75*3848*221
SDQ*EA*ZZ*3876*55*3929*76*3931*55*3966*44*3978*74*3996*52*4033*36*4071*52*4093*172*4103*192
SDQ*EA*ZZ*4213*99*4241*44*4244*172*4308*49*4312*78*4475*72*4717*178*4719*140*4739*36*4760*126
SDQ*EA*ZZ*4769*145*4817*119*4835*22*4883*136*4898*51*4968*202*4969*156*4970*238*7045*54*7059*108
SDQ*EA*ZZ*7064*38*7066*143*7069*151*7076*116*7132*68*7154*62*7184*132*7358*129*7362*130*7437*45
SDQ*EA*ZZ*7460*41*7461*104*7607*70*7610*100*7629*150*7637*90*7718*259*7719*77*9560*23*9571*104
SDQ*EA*ZZ*9620*95*9621*88*9622*64*9625*27*9629*47*9633*129*9639*11*9648*174*9674*79*9728*19
SDQ*EA*ZZ*9735*102*9758*141*9818*133
LIN**CB*970956116*ZZ*43*UP*831664000019*****DG*8*VS*00000
ZA*QS***006*20050425
CTP**UCP*1.03
SDQ*EA*ZZ*7154*2
CTT*3
SE*25*000000003
ST*852*000000004
XQ*H*20050426
N9*AD*T00000040
LIN**CB*970957114*ZZ*43*UP*831664000255*****DG*1*VS*00000
ZA*QS***006*20050425
CTP**UCP*.75
SDQ*EA*ZZ*3103*10*7255*17
LIN**CB*970957114*ZZ*43*UP*831664000255*****DG*3*VS*00000
ZA*QS***006*20050425
CTP**UCP*.75
SDQ*EA*ZZ*3083*19*3084*13*3143*3*3194*3*3348*11*3359*2*3408*3*3644*29*3646*2*3660*5
SDQ*EA*ZZ*3672*4*3685*7*3703*23*3713*3*3715*8*3822*4*3836*3*3848*7*3876*2*3929*16
SDQ*EA*ZZ*3966*21*3978*6*3996*6*4071*3*4093*44*4103*28*4213*6*4241*7*4244*26*4308*27
SDQ*EA*ZZ*4312*36*4719*10*4739*1*4760*9*4769*39*4835*4*4883*1*7066*10*7069*15*7076*5
SDQ*EA*ZZ*7132*20*7146*3*7154*23*7184*39*7358*38*7362*5*7437*6*7460*10*7607*6*7610*13
SDQ*EA*ZZ*7629*22*7637*17*7718*11*9560*4*9620*54*9621*3*9622*1*9629*1*9633*5*9648*22
SDQ*EA*ZZ*9674*38*9735*10*9758*22*9818*8
CTT*2
SE*19*000000004
ST*852*000000005
XQ*H*20050426
N9*AD*T00000040
LIN**CB*970958112*ZZ*43*UP*831664000699*****DG*1*VS*00000
ZA*QS***006*20050425
CTP**UCP*.75
SDQ*EA*ZZ*3083*18*3084*1*3194*8*3348*10*3359*6*3602*12*3644*16*3646*35*3713*8*3836*2
SDQ*EA*ZZ*3848*31*3929*16*3966*22*3978*5*3996*10*4093*5*4103*12*4213*5*4244*24*4308*29
SDQ*EA*ZZ*4312*38*4475*1*4717*11*4719*2*4760*4*4769*2*4817*5*4835*2*4883*18*4968*9
SDQ*EA*ZZ*4969*6*4970*10*7045*4*7059*5*7066*1*7069*13*7154*1*7184*46*7358*6*7629*36
SDQ*EA*ZZ*7637*5*7718*46*9620*32*9621*5*9625*3*9633*13*9648*66*9674*22*9735*16*9818*1
LIN**CB*970958112*ZZ*43*UP*831664000699*****DG*3*VS*00000
ZA*QS***006*20050425
CTP**UCP*.75
SDQ*EA*ZZ*3103*41*3941*8
CTT*2
SE*17*000000005
ST*852*000000006
XQ*H*20050426
N9*AD*T00000040
LIN**CB*970959110*ZZ*43*UP*831664000675*****DG*1*VS*00000
ZA*QS***006*20050425
CTP**UCP*1.85
SDQ*EA*ZZ*4753*7*7255*19
LIN**CB*970959110*ZZ*43*UP*831664000675*****DG*3*VS*00000
ZA*QS***006*20050425
CTP**UCP*1.85
SDQ*EA*ZZ*3063*3*3083*17*3084*10*3143*6*3194*9*3348*4*3359*2*3602*2*3644*8*3646*3
SDQ*EA*ZZ*3660*7*3685*14*3703*31*3713*13*3715*1*3836*2*3848*24*3876*2*3931*20*3966*8
SDQ*EA*ZZ*4071*3*4093*5*4103*34*4213*2*4241*4*4244*17*4308*4*4312*7*4475*25*4719*14
SDQ*EA*ZZ*4739*3*4817*16*4835*5*4968*13*4969*1*4970*7*7045*5*7059*16*7066*23*7069*4
SDQ*EA*ZZ*7076*18*7132*7*7154*6*7184*5*7358*9*7362*10*7437*5*7460*2*7607*2*7629*2
SDQ*EA*ZZ*7637*4*7718*15*9560*1*9571*16*9620*1*9621*22*9629*7*9633*1*9648*5*9758*9
SDQ*EA*ZZ*9818*16
LIN**CB*970959110*ZZ*43*UP*831664000675*****DG*5*VS*00000
ZA*QS***006*20050425
CTP**UCP*1.85
SDQ*EA*ZZ*7184*-1*7437*-1
LIN**CB*970959110*ZZ*43*UP*831664000675*****DG*8*VS*00000
ZA*QS***006*20050425
CTP**UCP*1.85
SDQ*EA*ZZ*4241*2*7719*1
CTT*4
SE*27*000000006
ST*852*000000007
XQ*H*20050426
N9*AD*T00000040
LIN**CB*970960118*ZZ*43*UP*831664000682*****DG*1*VS*00000
ZA*QS***006*20050425
CTP**UCP*1.35
SDQ*EA*ZZ*3063*4*3083*18*3084*2*3143*2*3194*3*3359*3*3408*2*3644*6*3646*1*3660*1
SDQ*EA*ZZ*3703*7*3715*4*3822*2*3848*5*3929*3*3931*6*3941*8*3966*12*3978*14*4071*15
SDQ*EA*ZZ*4093*12*4103*4*4241*25*4244*6*4308*5*4475*1*4717*15*4719*1*4883*2*4968*2
SDQ*EA*ZZ*4969*8*4970*7*7045*13*7059*5*7066*3*7076*20*7154*9*7184*17*7255*39*7358*17
SDQ*EA*ZZ*7437*3*7607*5*7629*6*7637*5*7718*11*9571*4*9620*21*9621*11*9633*25*9648*27
SDQ*EA*ZZ*9674*5*9758*5*9818*18
LIN**CB*970960118*ZZ*43*UP*831664000682*****DG*5*VS*00000
ZA*QS***006*20050425
CTP**UCP*1.35
SDQ*EA*ZZ*3644*1
LIN**CB*970960118*ZZ*43*UP*831664000682*****DG*8*VS*00000
ZA*QS***006*20050425
CTP**UCP*1.35
SDQ*EA*ZZ*3083*6
CTT*3
SE*22*000000007
ST*852*000000008
XQ*H*20050426
N9*AD*T00000040
LIN**CB*970961116*ZZ*43*UP*831664000330*****DG*1*VS*00000
ZA*QS***006*20050425
CTP**UCP*1.85
SDQ*EA*ZZ*3063*8*3083*15*3084*12*3143*6*3194*4*3348*8*3359*3*3408*3*3602*1*3644*9
SDQ*EA*ZZ*3646*2*3660*3*3685*1*3703*14*3713*12*3715*3*3848*5*3876*3*3929*17*3931*10
SDQ*EA*ZZ*3941*4*3966*14*3978*8*4071*6*4103*13*4213*13*4241*31*4244*15*4312*3*4475*7
SDQ*EA*ZZ*4717*17*4719*6*4769*14*4835*1*4883*6*4968*4*4969*1*4970*4*7045*3*7059*2
SDQ*EA*ZZ*7064*1*7066*9*7076*19*7154*4*7184*38*7255*21*7358*20*7461*2*7607*18*7629*8
SDQ*EA*ZZ*7637*4*7718*11*7719*3*9560*1*9620*19*9621*1*9629*20*9633*8*9639*5*9648*52
SDQ*EA*ZZ*9674*5*9728*3*9735*2*9818*13
LIN**CB*970961116*ZZ*43*UP*831664000330*****DG*2*VS*00000
ZA*QS***006*20050425
CTP**UCP*1.85
SDQ*EA*ZZ*7069*5
LIN**CB*970961116*ZZ*43*UP*831664000330*****DG*5*VS*00000
ZA*QS***006*20050425
CTP**UCP*1.85
SDQ*EA*ZZ*4093*2*7066*3
LIN**CB*970961116*ZZ*43*UP*831664000330*****DG*8*VS*00000
ZA*QS***006*20050425
CTP**UCP*1.85
SDQ*EA*ZZ*4241*1
CTT*4
SE*27*000000008
ST*852*000000009
XQ*H*20050426
N9*AD*T00000040
LIN**CB*970962114*ZZ*43*UP*831664000941*****DG*1*VS*00000
ZA*QS***006*20050425
CTP**UCP*2.25
SDQ*EA*ZZ*3083*4*3084*3*3103*7*3143*1*3194*13*3348*4*3408*8*3602*6*3646*3*3660*5
SDQ*EA*ZZ*3685*4*3703*5*3713*8*3848*6*3876*1*3941*10*3966*1*3996*2*4071*3*4093*3
SDQ*EA*ZZ*4103*13*4241*9*4244*15*4308*1*4312*2*4475*3*4717*2*4719*21*4753*3*4769*10
SDQ*EA*ZZ*4835*2*4883*3*4969*5*4970*5*7059*7*7066*17*7069*9*7076*16*7132*5*7154*12
SDQ*EA*ZZ*7184*3*7255*6*7358*13*7362*6*7437*1*7610*5*7637*10*7718*7*7719*1*9560*3
SDQ*EA*ZZ*9620*7*9621*4*9629*2*9633*4*9639*4*9648*1*9728*1*9735*1*9758*8*9818*15
LIN**CB*970962114*ZZ*43*UP*831664000941*****DG*4*VS*00000
ZA*QS***006*20050425
CTP**UCP*2.25
SDQ*EA*ZZ*4760*4*7045*3
LIN**CB*970962114*ZZ*43*UP*831664000941*****DG*5*VS*00000
ZA*QS***006*20050425
CTP**UCP*2.25
SDQ*EA*ZZ*4093*2
CTT*3
SE*22*000000009
ST*852*000000010
XQ*H*20050426
N9*AD*T00000040
LIN**CB*970963112*ZZ*43*UP*831664000743*****DG*1*VS*00000
ZA*QS***006*20050425
CTP**UCP*2.85
SDQ*EA*ZZ*3063*1*3083*4*3084*3*3143*4*3194*1*3359*2*3408*2*3602*4*3644*13*3660*6
SDQ*EA*ZZ*3685*2*3703*6*3715*7*3836*2*3848*4*3931*3*3996*2*4093*16*4103*4*4213*1
SDQ*EA*ZZ*4241*4*4244*8*4312*6*4475*8*4717*2*4719*7*4739*1*4769*4*4898*6*4968*4
SDQ*EA*ZZ*4970*3*7045*1*7059*2*7066*12*7069*1*7132*5*7184*5*7358*9*7362*3*7460*21
SDQ*EA*ZZ*7461*16*7607*9*7610*1*7629*4*7718*3*9571*3*9620*7*9621*7*9633*2*9639*6
SDQ*EA*ZZ*9648*16*9674*7*9728*3*9735*3*9758*4
LIN**CB*970963112*ZZ*43*UP*831664000743*****DG*3*VS*00000
ZA*QS***006*20050425
CTP**UCP*2.85
SDQ*EA*ZZ*3103*8*3941*5*7255*14
LIN**CB*970963112*ZZ*43*UP*831664000743*****DG*5*VS*00000
ZA*QS***006*20050425
CTP**UCP*2.85
SDQ*EA*ZZ*7045*1
CTT*3
SE*22*000000010
ST*852*000000011
XQ*H*20050426
N9*AD*T00000040
LIN**CB*970964110*ZZ*43*UP*831664000453*****DG*1*VS*00000
ZA*QS***006*20050425
CTP**UCP*4.5
SDQ*EA*ZZ*3103*3*3941*3*4753*3*7255*3
LIN**CB*970964110*ZZ*43*UP*831664000453*****DG*3*VS*00000
ZA*QS***006*20050425
CTP**UCP*4.5
SDQ*EA*ZZ*3063*12*3083*11*3084*11*3143*4*3194*6*3348*14*3359*11*3408*5*3602*17*3644*8
SDQ*EA*ZZ*3646*10*3660*13*3672*3*3685*-1*3703*22*3715*6*3822*1*3836*16*3848*21*3876*5
SDQ*EA*ZZ*3929*2*3931*5*3966*2*3978*9*3996*3*4033*7*4093*46*4103*16*4213*4*4241*2
SDQ*EA*ZZ*4244*28*4308*9*4312*17*4475*16*4717*9*4719*25*4739*2*4760*15*4769*5*4817*5
SDQ*EA*ZZ*4835*5*4883*11*4898*1*4968*18*4969*16*4970*7*7059*4*7066*5*7076*10*7132*15
SDQ*EA*ZZ*7154*11*7184*21*7358*5*7362*9*7437*3*7460*13*7461*10*7607*16*7610*12*7629*6
SDQ*EA*ZZ*7637*4*7718*24*7719*5*9571*10*9620*16*9621*10*9622*7*9625*1*9629*6*9633*14
SDQ*EA*ZZ*9648*5*9674*8*9728*10*9735*19*9758*7*9818*38
CTT*2
SE*20*000000011
ST*852*000000012
XQ*H*20050426
N9*AD*T00000040
LIN**CB*970965117*ZZ*43*UP*831664000460*****DG*1*VS*00000
ZA*QS***006*20050425
CTP**UCP*5.5
SDQ*EA*ZZ*3063*2*3083*10*3084*13*3194*4*3348*5*3359*9*3408*10*3602*6*3644*2*3646*15
SDQ*EA*ZZ*3685*4*3703*25*3713*2*3822*1*3836*10*3848*13*3931*5*3966*4*3978*6*3996*1
SDQ*EA*ZZ*4093*12*4103*12*4213*7*4241*2*4244*24*4308*4*4312*7*4475*7*4717*1*4719*9
SDQ*EA*ZZ*4769*4*4817*10*4835*2*4883*7*4898*3*4968*1*4970*2*7045*1*7064*1*7066*5
SDQ*EA*ZZ*7069*2*7076*3*7132*3*7154*6*7184*22*7358*9*7362*12*7460*3*7607*4*7610*2
SDQ*EA*ZZ*7629*3*7637*5*7718*7*7719*1*9620*11*9621*1*9622*2*9625*1*9629*3*9633*6
SDQ*EA*ZZ*9648*18*9674*2*9728*3*9758*2*9818*11
LIN**CB*970965117*ZZ*43*UP*831664000460*****DG*3*VS*00000
ZA*QS***006*20050425
CTP**UCP*5.5
SDQ*EA*ZZ*3103*4*4753*2*4760*4*7255*5
LIN**CB*970965117*ZZ*43*UP*831664000460*****DG*5*VS*00000
ZA*QS***006*20050425
CTP**UCP*5.5
SDQ*EA*ZZ*4898*2
LIN**CB*970965117*ZZ*43*UP*831664000460*****DG*8*VS*00000
ZA*QS***006*20050425
CTP**UCP*5.5
SDQ*EA*ZZ*3931*1*7719*2
CTT*4
SE*27*000000012
ST*852*000000013
XQ*H*20050426
N9*AD*T00000040
LIN**CB*970967113*ZZ*43*UP*831664000484*****DG*1*VS*00000
ZA*QS***006*20050425
CTP**UCP*7.5
SDQ*EA*ZZ*4213*2*4883*4*4968*5*4970*4*9818*13
LIN**CB*970967113*ZZ*43*UP*831664000484*****DG*3*VS*00000
ZA*QS***006*20050425
CTP**UCP*7.5
SDQ*EA*ZZ*3084*2*3103*4*3143*3*3194*3*3348*5*3359*5*3602*4*3644*8*3646*4*3660*1
SDQ*EA*ZZ*3685*1*3703*9*3713*5*3822*4*3836*1*3931*3*3941*1*3996*1*4071*3*4093*13
SDQ*EA*ZZ*4103*8*4241*2*4244*13*4308*1*4312*2*4475*1*4717*3*4719*6*4739*1*4769*2
SDQ*EA*ZZ*4817*4*4898*2*7066*4*7076*4*7132*1*7154*1*7184*6*7255*10*7358*7*7362*2
SDQ*EA*ZZ*7437*2*7460*1*7461*1*7607*5*7610*3*7718*2*9620*1*9621*3*9629*3*9639*4
SDQ*EA*ZZ*9648*4*9735*1
LIN**CB*970967113*ZZ*43*UP*831664000484*****DG*8*VS*00000
ZA*QS***006*20050425
CTP**UCP*7.5
SDQ*EA*ZZ*4969*3
CTT*3
SE*22*000000013
ST*852*000000014
XQ*H*20050426
N9*AD*T00000040
LIN**CB*970969119*ZZ*43*UP*831664000491*****DG*1*VS*00000
ZA*QS***006*20050425
CTP**UCP*8.5
SDQ*EA*ZZ*3103*1*3143*1*3966*1*4071*1*4244*1*4475*1*4817*2*4898*1*7358*2*7629*1
SDQ*EA*ZZ*9560*1*9625*1
CTT*1
SE*10*000000014
ST*852*000000015
XQ*H*20050426
N9*AD*T00000040
LIN**CB*970970117*ZZ*43*UP*831664000859*****DG*1*VS*00000
ZA*QS***006*20050425
CTP**UCP*2.4
SDQ*EA*ZZ*3083*4*3660*1*3848*4*3941*1*4093*14*7076*8
CTT*1
SE*9*000000015
ST*852*000000016
XQ*H*20050426
N9*AD*T00000040
LIN**CB*970971115*ZZ*43*UP*831664000781*****DG*1*VS*00000
ZA*QS***006*20050425
CTP**UCP*1.95
SDQ*EA*ZZ*3084*1*3194*2*3672*1*3703*3*3836*1*3978*2*4071*1*4093*3*4103*4*4475*2
SDQ*EA*ZZ*7132*2*7358*1*7637*2*9621*4
CTT*1
SE*10*000000016
ST*852*000000017
XQ*H*20050426
N9*AD*T00000040
LIN**CB*970972113*ZZ*43*UP*831664000651*****DG*1*VS*00000
ZA*QS***006*20050425
CTP**UCP*1.35
SDQ*EA*ZZ*3348*11*3703*1*3715*2*3836*6*3848*9*3941*2*4093*16*4103*6*4244*22*4475*2
SDQ*EA*ZZ*4717*1*4760*2*4817*5*4883*2*4968*2*4970*5*7069*13*7076*4*7255*1*7358*7
SDQ*EA*ZZ*7718*7*9621*12*9633*5*9648*9*9728*7
CTT*1
SE*11*000000017
ST*852*000000018
XQ*H*20050426
N9*AD*T00000040
LIN**CB*970980116*ZZ*43*UP*831664000965*****DG*1*VS*00000
ZA*QS***006*20050425
CTP**UCP*.35
SDQ*EA*ZZ*3194*11*3822*3*3929*1*7069*29*7255*8*7607*6
CTT*1
SE*9*000000018
ST*852*000000019
XQ*H*20050426
N9*AD*T00000040
LIN**CB*970988119*ZZ*43*UP*831664001047*****DG*1*VS*00000
ZA*QS***006*20050425
CTP**UCP*.5
SDQ*EA*ZZ*3083*11*3941*6*7437*6*7610*3
CTT*1
SE*9*000000019
GE*19*80
IEA*1*000000703
*** SUPERTRACS READY FOR INPUT
