ISA*00*          *00*          *09*006985290EFT   *12*6154525825     *051010*1440*U*00400*000100302*0*P*>
GS*RA*006985290EFT*6154525825*20051010*14403788*100211*X*004010
ST*820*000000001
BPR*I*10787.62*C*ACH*CCP*01*021000018*DA*0300955622*9008965873**01*064102601*DA*3000289*20051011*VEN
TRN*3*770142680*9008965873
DTM*097*20051010
N1*PR*KMART CORPORATION*1*008965873
N1*PE*YOUNGS FARMS*92*00069099588
N1*SE*YOUNGS FARMS*92*00069099588
ENT*1
RMR*IK*306320050908*PI*6.3*6.3*0
REF*PO*0020050909
REF*ST*03063
REF*DP*043
DTM*999*20050908
RMR*IK*306320050909*PI*26.1*26.1*0
REF*PO*0020050910
REF*ST*03063
REF*DP*043
DTM*999*20050909
RMR*IK*306320050910*PI*39.9*39.9*0
REF*PO*0020050911
REF*ST*03063
REF*DP*043
DTM*999*20050910
RMR*IK*306320050911*PI*38.25*38.25*0
REF*PO*0020050912
REF*ST*03063
REF*DP*043
DTM*999*20050911
RMR*IK*306320050913*PI*10.95*10.95*0
REF*PO*0020050914
REF*ST*03063
REF*DP*043
DTM*999*20050913
RMR*IK*308320050908*PI*2.1*2.1*0
REF*PO*0020050909
REF*ST*03083
REF*DP*043
DTM*999*20050908
RMR*IK*308320050909*PI*31.5*31.5*0
REF*PO*0020050910
REF*ST*03083
REF*DP*043
DTM*999*20050909
RMR*IK*308320050910*PI*21*21*0
REF*PO*0020050911
REF*ST*03083
REF*DP*043
DTM*999*20050910
RMR*IK*308320050911*PI*6.75*6.75*0
REF*PO*0020050912
REF*ST*03083
REF*DP*043
DTM*999*20050911
RMR*IK*308320050912*PI*29.4*29.4*0
REF*PO*0020050913
REF*ST*03083
REF*DP*043
DTM*999*20050912
RMR*IK*308320050913*PI*15.6*15.6*0
REF*PO*0020050914
REF*ST*03083
REF*DP*043
DTM*999*20050913
RMR*IK*308320050914*PI*4.2*4.2*0
REF*PO*0020050915
REF*ST*03083
REF*DP*043
DTM*999*20050914
RMR*IK*308420050908*PI*4.2*4.2*0
REF*PO*0020050909
REF*ST*03084
REF*DP*043
DTM*999*20050908
RMR*IK*308420050909*PI*37.8*37.8*0
REF*PO*0020050910
REF*ST*03084
REF*DP*043
DTM*999*20050909
RMR*IK*308420050910*PI*12.6*12.6*0
REF*PO*0020050911
REF*ST*03084
REF*DP*043
DTM*999*20050910
RMR*IK*308420050911*PI*10.5*10.5*0
REF*PO*0020050912
REF*ST*03084
REF*DP*043
DTM*999*20050911
RMR*IK*308420050912*PI*6.3*6.3*0
REF*PO*0020050913
REF*ST*03084
REF*DP*043
DTM*999*20050912
RMR*IK*308420050913*PI*18.9*18.9*0
REF*PO*0020050914
REF*ST*03084
REF*DP*043
DTM*999*20050913
RMR*IK*308420050914*PI*34.5*34.5*0
REF*PO*0020050915
REF*ST*03084
REF*DP*043
DTM*999*20050914
RMR*IK*310320050908*PI*16.8*16.8*0
REF*PO*0020050909
REF*ST*03103
REF*DP*043
DTM*999*20050908
RMR*IK*310320050909*PI*12.6*12.6*0
REF*PO*0020050910
REF*ST*03103
REF*DP*043
DTM*999*20050909
RMR*IK*310320050910*PI*9.3*9.3*0
REF*PO*0020050911
REF*ST*03103
REF*DP*043
DTM*999*20050910
RMR*IK*310320050912*PI*2.1*2.1*0
REF*PO*0020050913
REF*ST*03103
REF*DP*043
DTM*999*20050912
RMR*IK*310320050913*PI*45.84*45.84*0
REF*PO*0020050914
REF*ST*03103
REF*DP*043
DTM*999*20050913
RMR*IK*310320050914*PI*34.81*34.81*0
REF*PO*0020050915
REF*ST*03103
REF*DP*043
DTM*999*20050914
RMR*IK*313720050908*PI*7.5*7.5*0
REF*PO*0020050909
REF*ST*03137
REF*DP*043
DTM*999*20050908
RMR*IK*313720050910*PI*12.5*12.5*0
REF*PO*0020050911
REF*ST*03137
REF*DP*043
DTM*999*20050910
RMR*IK*313720050911*PI*2.5*2.5*0
REF*PO*0020050912
REF*ST*03137
REF*DP*043
DTM*999*20050911
RMR*IK*313720050912*PI*16.25*16.25*0
REF*PO*0020050913
REF*ST*03137
REF*DP*043
DTM*999*20050912
RMR*IK*313720050913*PI*2.5*2.5*0
REF*PO*0020050914
REF*ST*03137
REF*DP*043
DTM*999*20050913
RMR*IK*313720050914*PI*10*10*0
REF*PO*0020050915
REF*ST*03137
REF*DP*043
DTM*999*20050914
RMR*IK*314320050908*PI*6.3*6.3*0
REF*PO*0020050909
REF*ST*03143
REF*DP*043
DTM*999*20050908
RMR*IK*314320050909*PI*33.6*33.6*0
REF*PO*0020050910
REF*ST*03143
REF*DP*043
DTM*999*20050909
RMR*IK*314320050910*PI*42.45*42.45*0
REF*PO*0020050911
REF*ST*03143
REF*DP*043
DTM*999*20050910
RMR*IK*314320050911*PI*25.2*25.2*0
REF*PO*0020050912
REF*ST*03143
REF*DP*043
DTM*999*20050911
RMR*IK*314320050912*PI*23.1*23.1*0
REF*PO*0020050913
REF*ST*03143
REF*DP*043
DTM*999*20050912
RMR*IK*314320050913*PI*16.8*16.8*0
REF*PO*0020050914
REF*ST*03143
REF*DP*043
DTM*999*20050913
RMR*IK*314320050914*PI*61.05*61.05*0
REF*PO*0020050915
REF*ST*03143
REF*DP*043
DTM*999*20050914
RMR*IK*319420050908*PI*2.1*2.1*0
REF*PO*0020050909
REF*ST*03194
REF*DP*043
DTM*999*20050908
RMR*IK*319420050911*PI*6.3*6.3*0
REF*PO*0020050912
REF*ST*03194
REF*DP*043
DTM*999*20050911
RMR*IK*319420050912*PI*21.9*21.9*0
REF*PO*0020050913
REF*ST*03194
REF*DP*043
DTM*999*20050912
RMR*IK*319420050913*PI*16.8*16.8*0
REF*PO*0020050914
REF*ST*03194
REF*DP*043
DTM*999*20050913
RMR*IK*319420050914*PI*6.3*6.3*0
REF*PO*0020050915
REF*ST*03194
REF*DP*043
DTM*999*20050914
RMR*IK*324120050909*PI*8.75*8.75*0
REF*PO*0020050910
REF*ST*03241
REF*DP*043
DTM*999*20050909
RMR*IK*324120050910*PI*2.5*2.5*0
REF*PO*0020050911
REF*ST*03241
REF*DP*043
DTM*999*20050910
RMR*IK*324120050912*PI*7.5*7.5*0
REF*PO*0020050913
REF*ST*03241
REF*DP*043
DTM*999*20050912
RMR*IK*324120050914*PI*3.75*3.75*0
REF*PO*0020050915
REF*ST*03241
REF*DP*043
DTM*999*20050914
RMR*IK*334820050908*PI*6.3*6.3*0
REF*PO*0020050909
REF*ST*03348
REF*DP*043
DTM*999*20050908
RMR*IK*334820050909*PI*6.3*6.3*0
REF*PO*0020050910
REF*ST*03348
REF*DP*043
DTM*999*20050909
RMR*IK*334820050910*PI*2.1*2.1*0
REF*PO*0020050911
REF*ST*03348
REF*DP*043
DTM*999*20050910
RMR*IK*334820050911*PI*4.2*4.2*0
REF*PO*0020050912
REF*ST*03348
REF*DP*043
DTM*999*20050911
RMR*IK*334820050914*PI*6.3*6.3*0
REF*PO*0020050915
REF*ST*03348
REF*DP*043
DTM*999*20050914
RMR*IK*335920050908*PI*14.7*14.7*0
REF*PO*0020050909
REF*ST*03359
REF*DP*043
DTM*999*20050908
RMR*IK*335920050909*PI*18.9*18.9*0
REF*PO*0020050910
REF*ST*03359
REF*DP*043
DTM*999*20050909
RMR*IK*335920050910*PI*15.15*15.15*0
REF*PO*0020050911
REF*ST*03359
REF*DP*043
DTM*999*20050910
RMR*IK*335920050911*PI*2.1*2.1*0
REF*PO*0020050912
REF*ST*03359
REF*DP*043
DTM*999*20050911
RMR*IK*335920050912*PI*4.2*4.2*0
REF*PO*0020050913
REF*ST*03359
REF*DP*043
DTM*999*20050912
RMR*IK*335920050913*PI*4.2*4.2*0
REF*PO*0020050914
REF*ST*03359
REF*DP*043
DTM*999*20050913
RMR*IK*335920050914*PI*12.6*12.6*0
REF*PO*0020050915
REF*ST*03359
REF*DP*043
DTM*999*20050914
RMR*IK*340820050909*PI*18.9*18.9*0
REF*PO*0020050910
REF*ST*03408
REF*DP*043
DTM*999*20050909
RMR*IK*340820050910*PI*20.25*20.25*0
REF*PO*0020050911
REF*ST*03408
REF*DP*043
DTM*999*20050910
RMR*IK*340820050911*PI*26.1*26.1*0
REF*PO*0020050912
REF*ST*03408
REF*DP*043
DTM*999*20050911
RMR*IK*340820050912*PI*15.15*15.15*0
REF*PO*0020050913
REF*ST*03408
REF*DP*043
DTM*999*20050912
RMR*IK*340820050914*PI*8.4*8.4*0
REF*PO*0020050915
REF*ST*03408
REF*DP*043
DTM*999*20050914
RMR*IK*340820051002*PI*-14*-14*0
REF*PO*0020051004
REF*ST*03408
REF*DP*043
DTM*999*20051002
RMR*IK*342220050908*PI*12.5*12.5*0
REF*PO*0020050909
REF*ST*03422
REF*DP*043
DTM*999*20050908
RMR*IK*342220050909*PI*5*5*0
REF*PO*0020050910
REF*ST*03422
REF*DP*043
DTM*999*20050909
RMR*IK*342220050910*PI*25*25*0
REF*PO*0020050911
REF*ST*03422
REF*DP*043
DTM*999*20050910
RMR*IK*342220050911*PI*12.5*12.5*0
REF*PO*0020050912
REF*ST*03422
REF*DP*043
DTM*999*20050911
RMR*IK*342220050912*PI*3.75*3.75*0
REF*PO*0020050913
REF*ST*03422
REF*DP*043
DTM*999*20050912
RMR*IK*342220050913*PI*3.75*3.75*0
REF*PO*0020050914
REF*ST*03422
REF*DP*043
DTM*999*20050913
RMR*IK*342220050914*PI*15*15*0
REF*PO*0020050915
REF*ST*03422
REF*DP*043
DTM*999*20050914
RMR*IK*360220050909*PI*15.9*15.9*0
REF*PO*0020050910
REF*ST*03602
REF*DP*043
DTM*999*20050909
RMR*IK*360220050910*PI*17.7*17.7*0
REF*PO*0020050911
REF*ST*03602
REF*DP*043
DTM*999*20050910
RMR*IK*360220050911*PI*8.4*8.4*0
REF*PO*0020050912
REF*ST*03602
REF*DP*043
DTM*999*20050911
RMR*IK*360220050912*PI*21.45*21.45*0
REF*PO*0020050913
REF*ST*03602
REF*DP*043
DTM*999*20050912
RMR*IK*360220050913*PI*34.95*34.95*0
REF*PO*0020050914
REF*ST*03602
REF*DP*043
DTM*999*20050913
RMR*IK*360220050914*PI*26.1*26.1*0
REF*PO*0020050915
REF*ST*03602
REF*DP*043
DTM*999*20050914
RMR*IK*364420050908*PI*8.4*8.4*0
REF*PO*0020050909
REF*ST*03644
REF*DP*043
DTM*999*20050908
RMR*IK*364420050909*PI*16.8*16.8*0
REF*PO*0020050910
REF*ST*03644
REF*DP*043
DTM*999*20050909
RMR*IK*364420050910*PI*17.25*17.25*0
REF*PO*0020050911
REF*ST*03644
REF*DP*043
DTM*999*20050910
RMR*IK*364420050911*PI*36.6*36.6*0
REF*PO*0020050912
REF*ST*03644
REF*DP*043
DTM*999*20050911
RMR*IK*364420050912*PI*8.4*8.4*0
REF*PO*0020050913
REF*ST*03644
REF*DP*043
DTM*999*20050912
RMR*IK*364420050913*PI*8.4*8.4*0
REF*PO*0020050914
REF*ST*03644
REF*DP*043
DTM*999*20050913
RMR*IK*364420050914*PI*8.4*8.4*0
REF*PO*0020050915
REF*ST*03644
REF*DP*043
DTM*999*20050914
RMR*IK*364620050908*PI*44.1*44.1*0
REF*PO*0020050909
REF*ST*03646
REF*DP*043
DTM*999*20050908
RMR*IK*364620050909*PI*16.8*16.8*0
REF*PO*0020050910
REF*ST*03646
REF*DP*043
DTM*999*20050909
RMR*IK*364620050910*PI*27.75*27.75*0
REF*PO*0020050911
REF*ST*03646
REF*DP*043
DTM*999*20050910
RMR*IK*364620050911*PI*58.95*58.95*0
REF*PO*0020050912
REF*ST*03646
REF*DP*043
DTM*999*20050911
RMR*IK*364620050912*PI*10.5*10.5*0
REF*PO*0020050913
REF*ST*03646
REF*DP*043
DTM*999*20050912
RMR*IK*364620050913*PI*13.63*13.63*0
REF*PO*0020050914
REF*ST*03646
REF*DP*043
DTM*999*20050913
RMR*IK*364620050914*PI*59.75*59.75*0
REF*PO*0020050915
REF*ST*03646
REF*DP*043
DTM*999*20050914
RMR*IK*366020050909*PI*4.2*4.2*0
REF*PO*0020050910
REF*ST*03660
REF*DP*043
DTM*999*20050909
RMR*IK*366020050910*PI*27.3*27.3*0
REF*PO*0020050911
REF*ST*03660
REF*DP*043
DTM*999*20050910
RMR*IK*366020050911*PI*16.8*16.8*0
REF*PO*0020050912
REF*ST*03660
REF*DP*043
DTM*999*20050911
RMR*IK*366020050912*PI*27.3*27.3*0
REF*PO*0020050913
REF*ST*03660
REF*DP*043
DTM*999*20050912
RMR*IK*366020050913*PI*2.1*2.1*0
REF*PO*0020050914
REF*ST*03660
REF*DP*043
DTM*999*20050913
RMR*IK*366020050914*PI*6.3*6.3*0
REF*PO*0020050915
REF*ST*03660
REF*DP*043
DTM*999*20050914
RMR*IK*367220050908*PI*13.5*13.5*0
REF*PO*0020050909
REF*ST*03672
REF*DP*043
DTM*999*20050908
RMR*IK*367220050909*PI*33.6*33.6*0
REF*PO*0020050910
REF*ST*03672
REF*DP*043
DTM*999*20050909
RMR*IK*367220050910*PI*13.05*13.05*0
REF*PO*0020050911
REF*ST*03672
REF*DP*043
DTM*999*20050910
RMR*IK*367220050911*PI*10.95*10.95*0
REF*PO*0020050912
REF*ST*03672
REF*DP*043
DTM*999*20050911
RMR*IK*367220050912*PI*4.2*4.2*0
REF*PO*0020050913
REF*ST*03672
REF*DP*043
DTM*999*20050912
RMR*IK*367220050913*PI*4.2*4.2*0
REF*PO*0020050914
REF*ST*03672
REF*DP*043
DTM*999*20050913
RMR*IK*367220050914*PI*4.2*4.2*0
REF*PO*0020050915
REF*ST*03672
REF*DP*043
DTM*999*20050914
RMR*IK*368520050908*PI*14.7*14.7*0
REF*PO*0020050909
REF*ST*03685
REF*DP*043
DTM*999*20050908
RMR*IK*368520050909*PI*60.6*60.6*0
REF*PO*0020050910
REF*ST*03685
REF*DP*043
DTM*999*20050909
RMR*IK*368520050910*PI*22.35*22.35*0
REF*PO*0020050911
REF*ST*03685
REF*DP*043
DTM*999*20050910
RMR*IK*368520050911*PI*15.15*15.15*0
REF*PO*0020050912
REF*ST*03685
REF*DP*043
DTM*999*20050911
RMR*IK*368520050912*PI*6.3*6.3*0
REF*PO*0020050913
REF*ST*03685
REF*DP*043
DTM*999*20050912
RMR*IK*368520050913*PI*12.6*12.6*0
REF*PO*0020050914
REF*ST*03685
REF*DP*043
DTM*999*20050913
RMR*IK*368520050914*PI*8.4*8.4*0
REF*PO*0020050915
REF*ST*03685
REF*DP*043
DTM*999*20050914
RMR*IK*370320050908*PI*24*24*0
REF*PO*0020050909
REF*ST*03703
REF*DP*043
DTM*999*20050908
RMR*IK*370320050909*PI*37.95*37.95*0
REF*PO*0020050910
REF*ST*03703
REF*DP*043
DTM*999*20050909
RMR*IK*370320050910*PI*118.2*118.2*0
REF*PO*0020050911
REF*ST*03703
REF*DP*043
DTM*999*20050910
RMR*IK*370320050911*PI*28.2*28.2*0
REF*PO*0020050912
REF*ST*03703
REF*DP*043
DTM*999*20050911
RMR*IK*370320050912*PI*58.5*58.5*0
REF*PO*0020050913
REF*ST*03703
REF*DP*043
DTM*999*20050912
RMR*IK*370320050913*PI*41.7*41.7*0
REF*PO*0020050914
REF*ST*03703
REF*DP*043
DTM*999*20050913
RMR*IK*370320050914*PI*117.18*117.18*0
REF*PO*0020050915
REF*ST*03703
REF*DP*043
DTM*999*20050914
RMR*IK*371320050908*PI*30*30*0
REF*PO*0020050909
REF*ST*03713
REF*DP*043
DTM*999*20050908
RMR*IK*371320050909*PI*8.4*8.4*0
REF*PO*0020050910
REF*ST*03713
REF*DP*043
DTM*999*20050909
RMR*IK*371320050910*PI*23.1*23.1*0
REF*PO*0020050911
REF*ST*03713
REF*DP*043
DTM*999*20050910
RMR*IK*371320050911*PI*19.35*19.35*0
REF*PO*0020050912
REF*ST*03713
REF*DP*043
DTM*999*20050911
RMR*IK*371320050912*PI*38.25*38.25*0
REF*PO*0020050913
REF*ST*03713
REF*DP*043
DTM*999*20050912
RMR*IK*371320050913*PI*44.7*44.7*0
REF*PO*0020050914
REF*ST*03713
REF*DP*043
DTM*999*20050913
RMR*IK*371520050908*PI*17.25*17.25*0
REF*PO*0020050909
REF*ST*03715
REF*DP*043
DTM*999*20050908
RMR*IK*371520050909*PI*13.05*13.05*0
REF*PO*0020050910
REF*ST*03715
REF*DP*043
DTM*999*20050909
RMR*IK*371520050910*PI*15.15*15.15*0
REF*PO*0020050911
REF*ST*03715
REF*DP*043
DTM*999*20050910
RMR*IK*371520050911*PI*6.3*6.3*0
REF*PO*0020050912
REF*ST*03715
REF*DP*043
DTM*999*20050911
RMR*IK*371520050912*PI*15.6*15.6*0
REF*PO*0020050913
REF*ST*03715
REF*DP*043
DTM*999*20050912
RMR*IK*371520050913*PI*67.48*67.48*0
REF*PO*0020050914
REF*ST*03715
REF*DP*043
DTM*999*20050913
RMR*IK*371520050914*PI*85.92*85.92*0
REF*PO*0020050915
REF*ST*03715
REF*DP*043
DTM*999*20050914
RMR*IK*375820050909*PI*2.5*2.5*0
REF*PO*0020050910
REF*ST*03758
REF*DP*043
DTM*999*20050909
RMR*IK*375820050910*PI*2.5*2.5*0
REF*PO*0020050911
REF*ST*03758
REF*DP*043
DTM*999*20050910
RMR*IK*375820050911*PI*17.2*17.2*0
REF*PO*0020050912
REF*ST*03758
REF*DP*043
DTM*999*20050911
RMR*IK*375820050913*PI*5.85*5.85*0
REF*PO*0020050914
REF*ST*03758
REF*DP*043
DTM*999*20050913
RMR*IK*375820050914*PI*11.75*11.75*0
REF*PO*0020050915
REF*ST*03758
REF*DP*043
DTM*999*20050914
RMR*IK*375920050908*PI*3.75*3.75*0
REF*PO*0020050909
REF*ST*03759
REF*DP*043
DTM*999*20050908
RMR*IK*375920050909*PI*24.6*24.6*0
REF*PO*0020050910
REF*ST*03759
REF*DP*043
DTM*999*20050909
RMR*IK*375920050910*PI*13.8*13.8*0
REF*PO*0020050911
REF*ST*03759
REF*DP*043
DTM*999*20050910
RMR*IK*375920050912*PI*5.85*5.85*0
REF*PO*0020050913
REF*ST*03759
REF*DP*043
DTM*999*20050912
RMR*IK*375920050913*PI*8.4*8.4*0
REF*PO*0020050914
REF*ST*03759
REF*DP*043
DTM*999*20050913
RMR*IK*375920050914*PI*4.2*4.2*0
REF*PO*0020050915
REF*ST*03759
REF*DP*043
DTM*999*20050914
RMR*IK*381220050908*PI*16.25*16.25*0
REF*PO*0020050909
REF*ST*03812
REF*DP*043
DTM*999*20050908
RMR*IK*381220050910*PI*10*10*0
REF*PO*0020050911
REF*ST*03812
REF*DP*043
DTM*999*20050910
RMR*IK*381220050911*PI*5*5*0
REF*PO*0020050912
REF*ST*03812
REF*DP*043
DTM*999*20050911
RMR*IK*381220050912*PI*12.5*12.5*0
REF*PO*0020050913
REF*ST*03812
REF*DP*043
DTM*999*20050912
RMR*IK*381220050914*PI*2.5*2.5*0
REF*PO*0020050915
REF*ST*03812
REF*DP*043
DTM*999*20050914
RMR*IK*382220050909*PI*2.1*2.1*0
REF*PO*0020050910
REF*ST*03822
REF*DP*043
DTM*999*20050909
RMR*IK*382220050910*PI*10.95*10.95*0
REF*PO*0020050911
REF*ST*03822
REF*DP*043
DTM*999*20050910
RMR*IK*382220050911*PI*16.8*16.8*0
REF*PO*0020050912
REF*ST*03822
REF*DP*043
DTM*999*20050911
RMR*IK*382220050913*PI*8.24*8.24*0
REF*PO*0020050914
REF*ST*03822
REF*DP*043
DTM*999*20050913
RMR*IK*382220050914*PI*10.34*10.34*0
REF*PO*0020050915
REF*ST*03822
REF*DP*043
DTM*999*20050914
RMR*IK*383620050908*PI*18*18*0
REF*PO*0020050909
REF*ST*03836
REF*DP*043
DTM*999*20050908
RMR*IK*383620050909*PI*8.4*8.4*0
REF*PO*0020050910
REF*ST*03836
REF*DP*043
DTM*999*20050909
RMR*IK*383620050910*PI*12.6*12.6*0
REF*PO*0020050911
REF*ST*03836
REF*DP*043
DTM*999*20050910
RMR*IK*383620050912*PI*17.7*17.7*0
REF*PO*0020050913
REF*ST*03836
REF*DP*043
DTM*999*20050912
RMR*IK*383620050914*PI*4.2*4.2*0
REF*PO*0020050915
REF*ST*03836
REF*DP*043
DTM*999*20050914
RMR*IK*384820050908*PI*4.2*4.2*0
REF*PO*0020050909
REF*ST*03848
REF*DP*043
DTM*999*20050908
RMR*IK*384820050909*PI*12.6*12.6*0
REF*PO*0020050910
REF*ST*03848
REF*DP*043
DTM*999*20050909
RMR*IK*384820050910*PI*25.65*25.65*0
REF*PO*0020050911
REF*ST*03848
REF*DP*043
DTM*999*20050910
RMR*IK*384820050911*PI*19.8*19.8*0
REF*PO*0020050912
REF*ST*03848
REF*DP*043
DTM*999*20050911
RMR*IK*384820050912*PI*2.1*2.1*0
REF*PO*0020050913
REF*ST*03848
REF*DP*043
DTM*999*20050912
RMR*IK*384820050913*PI*75*75*0
REF*PO*0020050914
REF*ST*03848
REF*DP*043
DTM*999*20050913
RMR*IK*384820050914*PI*6.3*6.3*0
REF*PO*0020050915
REF*ST*03848
REF*DP*043
DTM*999*20050914
RMR*IK*387620050908*PI*6.75*6.75*0
REF*PO*0020050909
REF*ST*03876
REF*DP*043
DTM*999*20050908
RMR*IK*387620050910*PI*13.05*13.05*0
REF*PO*0020050911
REF*ST*03876
REF*DP*043
DTM*999*20050910
RMR*IK*387620050912*PI*6.3*6.3*0
REF*PO*0020050913
REF*ST*03876
REF*DP*043
DTM*999*20050912
RMR*IK*387620050914*PI*6.3*6.3*0
REF*PO*0020050915
REF*ST*03876
REF*DP*043
DTM*999*20050914
RMR*IK*392920050908*PI*8.4*8.4*0
REF*PO*0020050909
REF*ST*03929
REF*DP*043
DTM*999*20050908
RMR*IK*392920050909*PI*40.8*40.8*0
REF*PO*0020050910
REF*ST*03929
REF*DP*043
DTM*999*20050909
RMR*IK*392920050910*PI*6.3*6.3*0
REF*PO*0020050911
REF*ST*03929
REF*DP*043
DTM*999*20050910
RMR*IK*392920050911*PI*10.5*10.5*0
REF*PO*0020050912
REF*ST*03929
REF*DP*043
DTM*999*20050911
RMR*IK*392920050912*PI*4.2*4.2*0
REF*PO*0020050913
REF*ST*03929
REF*DP*043
DTM*999*20050912
RMR*IK*392920050913*PI*6.3*6.3*0
REF*PO*0020050914
REF*ST*03929
REF*DP*043
DTM*999*20050913
RMR*IK*392920050914*PI*13.5*13.5*0
REF*PO*0020050915
REF*ST*03929
REF*DP*043
DTM*999*20050914
RMR*IK*393120050908*PI*6.3*6.3*0
REF*PO*0020050909
REF*ST*03931
REF*DP*043
DTM*999*20050908
RMR*IK*393120050909*PI*40.05*40.05*0
REF*PO*0020050910
REF*ST*03931
REF*DP*043
DTM*999*20050909
RMR*IK*393120050910*PI*27.75*27.75*0
REF*PO*0020050911
REF*ST*03931
REF*DP*043
DTM*999*20050910
RMR*IK*393120050911*PI*24.45*24.45*0
REF*PO*0020050912
REF*ST*03931
REF*DP*043
DTM*999*20050911
RMR*IK*393120050912*PI*13.05*13.05*0
REF*PO*0020050913
REF*ST*03931
REF*DP*043
DTM*999*20050912
RMR*IK*393120050913*PI*18.9*18.9*0
REF*PO*0020050914
REF*ST*03931
REF*DP*043
DTM*999*20050913
RMR*IK*393120050914*PI*24*24*0
REF*PO*0020050915
REF*ST*03931
REF*DP*043
DTM*999*20050914
RMR*IK*393420050908*PI*25*25*0
REF*PO*0020050909
REF*ST*03934
REF*DP*043
DTM*999*20050908
RMR*IK*394120050909*PI*18.9*18.9*0
REF*PO*0020050910
REF*ST*03941
REF*DP*043
DTM*999*20050909
RMR*IK*394120050910*PI*35.7*35.7*0
REF*PO*0020050911
REF*ST*03941
REF*DP*043
DTM*999*20050910
RMR*IK*394120050911*PI*27.75*27.75*0
REF*PO*0020050912
REF*ST*03941
REF*DP*043
DTM*999*20050911
RMR*IK*394120050912*PI*8.4*8.4*0
REF*PO*0020050913
REF*ST*03941
REF*DP*043
DTM*999*20050912
RMR*IK*394120050913*PI*54.6*54.6*0
REF*PO*0020050914
REF*ST*03941
REF*DP*043
DTM*999*20050913
RMR*IK*394120050914*PI*83.88*83.88*0
REF*PO*0020050915
REF*ST*03941
REF*DP*043
DTM*999*20050914
RMR*IK*396620050909*PI*14.7*14.7*0
REF*PO*0020050910
REF*ST*03966
REF*DP*043
DTM*999*20050909
RMR*IK*396620050910*PI*25.2*25.2*0
REF*PO*0020050911
REF*ST*03966
REF*DP*043
DTM*999*20050910
RMR*IK*396620050911*PI*29.4*29.4*0
REF*PO*0020050912
REF*ST*03966
REF*DP*043
DTM*999*20050911
RMR*IK*396620050912*PI*2.1*2.1*0
REF*PO*0020050913
REF*ST*03966
REF*DP*043
DTM*999*20050912
RMR*IK*396620050913*PI*25.2*25.2*0
REF*PO*0020050914
REF*ST*03966
REF*DP*043
DTM*999*20050913
RMR*IK*396620050914*PI*35.7*35.7*0
REF*PO*0020050915
REF*ST*03966
REF*DP*043
DTM*999*20050914
RMR*IK*397820050909*PI*32.4*32.4*0
REF*PO*0020050910
REF*ST*03978
REF*DP*043
DTM*999*20050909
RMR*IK*397820050910*PI*117.45*117.45*0
REF*PO*0020050911
REF*ST*03978
REF*DP*043
DTM*999*20050910
RMR*IK*397820050911*PI*65.7*65.7*0
REF*PO*0020050912
REF*ST*03978
REF*DP*043
DTM*999*20050911
RMR*IK*397820050912*PI*58.05*58.05*0
REF*PO*0020050913
REF*ST*03978
REF*DP*043
DTM*999*20050912
RMR*IK*397820050913*PI*21.9*21.9*0
REF*PO*0020050914
REF*ST*03978
REF*DP*043
DTM*999*20050913
RMR*IK*397820050914*PI*50.1*50.1*0
REF*PO*0020050915
REF*ST*03978
REF*DP*043
DTM*999*20050914
RMR*IK*399620050909*PI*29.1*29.1*0
REF*PO*0020050910
REF*ST*03996
REF*DP*043
DTM*999*20050909
RMR*IK*399620050910*PI*14.7*14.7*0
REF*PO*0020050911
REF*ST*03996
REF*DP*043
DTM*999*20050910
RMR*IK*399620050911*PI*12.6*12.6*0
REF*PO*0020050912
REF*ST*03996
REF*DP*043
DTM*999*20050911
RMR*IK*399620050912*PI*4.2*4.2*0
REF*PO*0020050913
REF*ST*03996
REF*DP*043
DTM*999*20050912
RMR*IK*399620050913*PI*14.7*14.7*0
REF*PO*0020050914
REF*ST*03996
REF*DP*043
DTM*999*20050913
RMR*IK*399620050914*PI*2.1*2.1*0
REF*PO*0020050915
REF*ST*03996
REF*DP*043
DTM*999*20050914
RMR*IK*403020050909*PI*5*5*0
REF*PO*0020050910
REF*ST*04030
REF*DP*043
DTM*999*20050909
RMR*IK*404820050908*PI*8.75*8.75*0
REF*PO*0020050909
REF*ST*04048
REF*DP*043
DTM*999*20050908
RMR*IK*404820050909*PI*2.5*2.5*0
REF*PO*0020050910
REF*ST*04048
REF*DP*043
DTM*999*20050909
RMR*IK*404820050910*PI*2.5*2.5*0
REF*PO*0020050911
REF*ST*04048
REF*DP*043
DTM*999*20050910
RMR*IK*404820050912*PI*3.75*3.75*0
REF*PO*0020050913
REF*ST*04048
REF*DP*043
DTM*999*20050912
RMR*IK*407120050908*PI*55.2*55.2*0
REF*PO*0020050909
REF*ST*04071
REF*DP*043
DTM*999*20050908
RMR*IK*407120050909*PI*8.85*8.85*0
REF*PO*0020050910
REF*ST*04071
REF*DP*043
DTM*999*20050909
RMR*IK*407120050910*PI*29.85*29.85*0
REF*PO*0020050911
REF*ST*04071
REF*DP*043
DTM*999*20050910
RMR*IK*407120050911*PI*29.4*29.4*0
REF*PO*0020050912
REF*ST*04071
REF*DP*043
DTM*999*20050911
RMR*IK*407120050912*PI*12.6*12.6*0
REF*PO*0020050913
REF*ST*04071
REF*DP*043
DTM*999*20050912
RMR*IK*407120050913*PI*10.5*10.5*0
REF*PO*0020050914
REF*ST*04071
REF*DP*043
DTM*999*20050913
RMR*IK*407120050914*PI*42*42*0
REF*PO*0020050915
REF*ST*04071
REF*DP*043
DTM*999*20050914
RMR*IK*409320050908*PI*12.6*12.6*0
REF*PO*0020050909
REF*ST*04093
REF*DP*043
DTM*999*20050908
RMR*IK*409320050909*PI*44.1*44.1*0
REF*PO*0020050910
REF*ST*04093
REF*DP*043
DTM*999*20050909
RMR*IK*409320050910*PI*73.5*73.5*0
REF*PO*0020050911
REF*ST*04093
REF*DP*043
DTM*999*20050910
RMR*IK*409320050911*PI*71.55*71.55*0
REF*PO*0020050912
REF*ST*04093
REF*DP*043
DTM*999*20050911
RMR*IK*409320050912*PI*51.75*51.75*0
REF*PO*0020050913
REF*ST*04093
REF*DP*043
DTM*999*20050912
RMR*IK*409320050913*PI*42.45*42.45*0
REF*PO*0020050914
REF*ST*04093
REF*DP*043
DTM*999*20050913
RMR*IK*409320050914*PI*43.73*43.73*0
REF*PO*0020050915
REF*ST*04093
REF*DP*043
DTM*999*20050914
RMR*IK*410320050908*PI*2.1*2.1*0
REF*PO*0020050909
REF*ST*04103
REF*DP*043
DTM*999*20050908
RMR*IK*410320050909*PI*54.6*54.6*0
REF*PO*0020050910
REF*ST*04103
REF*DP*043
DTM*999*20050909
RMR*IK*410320050910*PI*25.2*25.2*0
REF*PO*0020050911
REF*ST*04103
REF*DP*043
DTM*999*20050910
RMR*IK*410320050911*PI*25.2*25.2*0
REF*PO*0020050912
REF*ST*04103
REF*DP*043
DTM*999*20050911
RMR*IK*410320050912*PI*29.4*29.4*0
REF*PO*0020050913
REF*ST*04103
REF*DP*043
DTM*999*20050912
RMR*IK*410320050913*PI*57.15*57.15*0
REF*PO*0020050914
REF*ST*04103
REF*DP*043
DTM*999*20050913
RMR*IK*410320050914*PI*13.05*13.05*0
REF*PO*0020050915
REF*ST*04103
REF*DP*043
DTM*999*20050914
RMR*IK*421320050909*PI*15.6*15.6*0
REF*PO*0020050910
REF*ST*04213
REF*DP*043
DTM*999*20050909
RMR*IK*421320050910*PI*57.15*57.15*0
REF*PO*0020050911
REF*ST*04213
REF*DP*043
DTM*999*20050910
RMR*IK*421320050911*PI*30.75*30.75*0
REF*PO*0020050912
REF*ST*04213
REF*DP*043
DTM*999*20050911
RMR*IK*421320050913*PI*13.5*13.5*0
REF*PO*0020050914
REF*ST*04213
REF*DP*043
DTM*999*20050913
RMR*IK*424420050908*PI*16.8*16.8*0
REF*PO*0020050909
REF*ST*04244
REF*DP*043
DTM*999*20050908
RMR*IK*424420050909*PI*10.5*10.5*0
REF*PO*0020050910
REF*ST*04244
REF*DP*043
DTM*999*20050909
RMR*IK*424420050910*PI*48.45*48.45*0
REF*PO*0020050911
REF*ST*04244
REF*DP*043
DTM*999*20050910
RMR*IK*424420050911*PI*33.3*33.3*0
REF*PO*0020050912
REF*ST*04244
REF*DP*043
DTM*999*20050911
RMR*IK*424420050912*PI*2.1*2.1*0
REF*PO*0020050913
REF*ST*04244
REF*DP*043
DTM*999*20050912
RMR*IK*424420050913*PI*10.95*10.95*0
REF*PO*0020050914
REF*ST*04244
REF*DP*043
DTM*999*20050913
RMR*IK*424420050914*PI*90.34*90.34*0
REF*PO*0020050915
REF*ST*04244
REF*DP*043
DTM*999*20050914
RMR*IK*429320050908*PI*3.75*3.75*0
REF*PO*0020050909
REF*ST*04293
REF*DP*043
DTM*999*20050908
RMR*IK*429320050909*PI*13.75*13.75*0
REF*PO*0020050910
REF*ST*04293
REF*DP*043
DTM*999*20050909
RMR*IK*429320050910*PI*2.5*2.5*0
REF*PO*0020050911
REF*ST*04293
REF*DP*043
DTM*999*20050910
RMR*IK*429320050911*PI*2.5*2.5*0
REF*PO*0020050912
REF*ST*04293
REF*DP*043
DTM*999*20050911
RMR*IK*429320050912*PI*3.75*3.75*0
REF*PO*0020050913
REF*ST*04293
REF*DP*043
DTM*999*20050912
RMR*IK*429320050913*PI*7.5*7.5*0
REF*PO*0020050914
REF*ST*04293
REF*DP*043
DTM*999*20050913
RMR*IK*430420050908*PI*18.8*18.8*0
REF*PO*0020050909
REF*ST*04304
REF*DP*043
DTM*999*20050908
RMR*IK*430420050909*PI*6.25*6.25*0
REF*PO*0020050910
REF*ST*04304
REF*DP*043
DTM*999*20050909
RMR*IK*430420050910*PI*14.2*14.2*0
REF*PO*0020050911
REF*ST*04304
REF*DP*043
DTM*999*20050910
RMR*IK*430420050911*PI*3.75*3.75*0
REF*PO*0020050912
REF*ST*04304
REF*DP*043
DTM*999*20050911
RMR*IK*430420050912*PI*4.2*4.2*0
REF*PO*0020050913
REF*ST*04304
REF*DP*043
DTM*999*20050912
RMR*IK*430420050914*PI*22.1*22.1*0
REF*PO*0020050915
REF*ST*04304
REF*DP*043
DTM*999*20050914
RMR*IK*430820050908*PI*23.1*23.1*0
REF*PO*0020050909
REF*ST*04308
REF*DP*043
DTM*999*20050908
RMR*IK*430820050909*PI*27.75*27.75*0
REF*PO*0020050910
REF*ST*04308
REF*DP*043
DTM*999*20050909
RMR*IK*430820050910*PI*23.1*23.1*0
REF*PO*0020050911
REF*ST*04308
REF*DP*043
DTM*999*20050910
RMR*IK*430820050911*PI*12.6*12.6*0
REF*PO*0020050912
REF*ST*04308
REF*DP*043
DTM*999*20050911
RMR*IK*430820050912*PI*19.8*19.8*0
REF*PO*0020050913
REF*ST*04308
REF*DP*043
DTM*999*20050912
RMR*IK*430820050913*PI*15.15*15.15*0
REF*PO*0020050914
REF*ST*04308
REF*DP*043
DTM*999*20050913
RMR*IK*430820050914*PI*8.4*8.4*0
REF*PO*0020050915
REF*ST*04308
REF*DP*043
DTM*999*20050914
RMR*IK*431220050909*PI*6.3*6.3*0
REF*PO*0020050910
REF*ST*04312
REF*DP*043
DTM*999*20050909
RMR*IK*431220050910*PI*14.7*14.7*0
REF*PO*0020050911
REF*ST*04312
REF*DP*043
DTM*999*20050910
RMR*IK*431220050911*PI*19.35*19.35*0
REF*PO*0020050912
REF*ST*04312
REF*DP*043
DTM*999*20050911
RMR*IK*431220050912*PI*16.8*16.8*0
REF*PO*0020050913
REF*ST*04312
REF*DP*043
DTM*999*20050912
RMR*IK*431220050913*PI*4.2*4.2*0
REF*PO*0020050914
REF*ST*04312
REF*DP*043
DTM*999*20050913
RMR*IK*431220050914*PI*8.4*8.4*0
REF*PO*0020050915
REF*ST*04312
REF*DP*043
DTM*999*20050914
RMR*IK*443320050908*PI*2.5*2.5*0
REF*PO*0020050909
REF*ST*04433
REF*DP*043
DTM*999*20050908
RMR*IK*443320050909*PI*3.75*3.75*0
REF*PO*0020050910
REF*ST*04433
REF*DP*043
DTM*999*20050909
RMR*IK*443320050910*PI*2.5*2.5*0
REF*PO*0020050911
REF*ST*04433
REF*DP*043
DTM*999*20050910
RMR*IK*447520050908*PI*12.6*12.6*0
REF*PO*0020050909
REF*ST*04475
REF*DP*043
DTM*999*20050908
RMR*IK*447520050909*PI*10.5*10.5*0
REF*PO*0020050910
REF*ST*04475
REF*DP*043
DTM*999*20050909
RMR*IK*447520050910*PI*40.8*40.8*0
REF*PO*0020050911
REF*ST*04475
REF*DP*043
DTM*999*20050910
RMR*IK*447520050911*PI*8.4*8.4*0
REF*PO*0020050912
REF*ST*04475
REF*DP*043
DTM*999*20050911
RMR*IK*447520050912*PI*4.2*4.2*0
REF*PO*0020050913
REF*ST*04475
REF*DP*043
DTM*999*20050912
RMR*IK*447520050913*PI*2.1*2.1*0
REF*PO*0020050914
REF*ST*04475
REF*DP*043
DTM*999*20050913
RMR*IK*447520050914*PI*10.5*10.5*0
REF*PO*0020050915
REF*ST*04475
REF*DP*043
DTM*999*20050914
RMR*IK*471720050909*PI*27.75*27.75*0
REF*PO*0020050910
REF*ST*04717
REF*DP*043
DTM*999*20050909
RMR*IK*471720050910*PI*8.4*8.4*0
REF*PO*0020050911
REF*ST*04717
REF*DP*043
DTM*999*20050910
RMR*IK*471720050911*PI*20.7*20.7*0
REF*PO*0020050912
REF*ST*04717
REF*DP*043
DTM*999*20050911
RMR*IK*471720050913*PI*7.25*7.25*0
REF*PO*0020050914
REF*ST*04717
REF*DP*043
DTM*999*20050913
RMR*IK*471720050914*PI*10.5*10.5*0
REF*PO*0020050915
REF*ST*04717
REF*DP*043
DTM*999*20050914
RMR*IK*471920050908*PI*25.2*25.2*0
REF*PO*0020050909
REF*ST*04719
REF*DP*043
DTM*999*20050908
RMR*IK*471920050909*PI*49.2*49.2*0
REF*PO*0020050910
REF*ST*04719
REF*DP*043
DTM*999*20050909
RMR*IK*471920050910*PI*125.25*125.25*0
REF*PO*0020050911
REF*ST*04719
REF*DP*043
DTM*999*20050910
RMR*IK*471920050911*PI*27.3*27.3*0
REF*PO*0020050912
REF*ST*04719
REF*DP*043
DTM*999*20050911
RMR*IK*471920050913*PI*32.85*32.85*0
REF*PO*0020050914
REF*ST*04719
REF*DP*043
DTM*999*20050913
RMR*IK*471920050914*PI*8.4*8.4*0
REF*PO*0020050915
REF*ST*04719
REF*DP*043
DTM*999*20050914
RMR*IK*472020050908*PI*1.25*1.25*0
REF*PO*0020050909
REF*ST*04720
REF*DP*043
DTM*999*20050908
RMR*IK*472020050909*PI*8.75*8.75*0
REF*PO*0020050910
REF*ST*04720
REF*DP*043
DTM*999*20050909
RMR*IK*472020050910*PI*6.25*6.25*0
REF*PO*0020050911
REF*ST*04720
REF*DP*043
DTM*999*20050910
RMR*IK*472020050911*PI*2.5*2.5*0
REF*PO*0020050912
REF*ST*04720
REF*DP*043
DTM*999*20050911
RMR*IK*472020050912*PI*1.25*1.25*0
REF*PO*0020050913
REF*ST*04720
REF*DP*043
DTM*999*20050912
RMR*IK*473920050909*PI*8.4*8.4*0
REF*PO*0020050910
REF*ST*04739
REF*DP*043
DTM*999*20050909
RMR*IK*473920050914*PI*10.42*10.42*0
REF*PO*0020050915
REF*ST*04739
REF*DP*043
DTM*999*20050914
RMR*IK*474320050908*PI*10.45*10.45*0
REF*PO*0020050909
REF*ST*04743
REF*DP*043
DTM*999*20050908
RMR*IK*474320050909*PI*6.25*6.25*0
REF*PO*0020050910
REF*ST*04743
REF*DP*043
DTM*999*20050909
RMR*IK*474320050910*PI*16.35*16.35*0
REF*PO*0020050911
REF*ST*04743
REF*DP*043
DTM*999*20050910
RMR*IK*474320050911*PI*15*15*0
REF*PO*0020050912
REF*ST*04743
REF*DP*043
DTM*999*20050911
RMR*IK*474320050912*PI*7.5*7.5*0
REF*PO*0020050913
REF*ST*04743
REF*DP*043
DTM*999*20050912
RMR*IK*474320050914*PI*14.25*14.25*0
REF*PO*0020050915
REF*ST*04743
REF*DP*043
DTM*999*20050914
RMR*IK*475320050908*PI*18.9*18.9*0
REF*PO*0020050909
REF*ST*04753
REF*DP*043
DTM*999*20050908
RMR*IK*475320050909*PI*8.4*8.4*0
REF*PO*0020050910
REF*ST*04753
REF*DP*043
DTM*999*20050909
RMR*IK*475320050910*PI*6.3*6.3*0
REF*PO*0020050911
REF*ST*04753
REF*DP*043
DTM*999*20050910
RMR*IK*475320050911*PI*39.6*39.6*0
REF*PO*0020050912
REF*ST*04753
REF*DP*043
DTM*999*20050911
RMR*IK*475320050912*PI*14.7*14.7*0
REF*PO*0020050913
REF*ST*04753
REF*DP*043
DTM*999*20050912
RMR*IK*475320050913*PI*14.66*14.66*0
REF*PO*0020050914
REF*ST*04753
REF*DP*043
DTM*999*20050913
RMR*IK*475320050914*PI*18.86*18.86*0
REF*PO*0020050915
REF*ST*04753
REF*DP*043
DTM*999*20050914
RMR*IK*476020050908*PI*6.3*6.3*0
REF*PO*0020050909
REF*ST*04760
REF*DP*043
DTM*999*20050908
RMR*IK*476020050909*PI*6.3*6.3*0
REF*PO*0020050910
REF*ST*04760
REF*DP*043
DTM*999*20050909
RMR*IK*476020050910*PI*24*24*0
REF*PO*0020050911
REF*ST*04760
REF*DP*043
DTM*999*20050910
RMR*IK*476020050911*PI*2.1*2.1*0
REF*PO*0020050912
REF*ST*04760
REF*DP*043
DTM*999*20050911
RMR*IK*476020050913*PI*6.3*6.3*0
REF*PO*0020050914
REF*ST*04760
REF*DP*043
DTM*999*20050913
RMR*IK*476020050914*PI*2.1*2.1*0
REF*PO*0020050915
REF*ST*04760
REF*DP*043
DTM*999*20050914
RMR*IK*476920050908*PI*14.7*14.7*0
REF*PO*0020050909
REF*ST*04769
REF*DP*043
DTM*999*20050908
RMR*IK*476920050909*PI*2.1*2.1*0
REF*PO*0020050910
REF*ST*04769
REF*DP*043
DTM*999*20050909
RMR*IK*476920050910*PI*21.45*21.45*0
REF*PO*0020050911
REF*ST*04769
REF*DP*043
DTM*999*20050910
RMR*IK*476920050911*PI*18.9*18.9*0
REF*PO*0020050912
REF*ST*04769
REF*DP*043
DTM*999*20050911
RMR*IK*476920050914*PI*2.1*2.1*0
REF*PO*0020050915
REF*ST*04769
REF*DP*043
DTM*999*20050914
RMR*IK*481720050909*PI*17.7*17.7*0
REF*PO*0020050910
REF*ST*04817
REF*DP*043
DTM*999*20050909
RMR*IK*481720050910*PI*4.2*4.2*0
REF*PO*0020050911
REF*ST*04817
REF*DP*043
DTM*999*20050910
RMR*IK*481720050911*PI*20.25*20.25*0
REF*PO*0020050912
REF*ST*04817
REF*DP*043
DTM*999*20050911
RMR*IK*481720050912*PI*6.3*6.3*0
REF*PO*0020050913
REF*ST*04817
REF*DP*043
DTM*999*20050912
RMR*IK*481720050913*PI*4.2*4.2*0
REF*PO*0020050914
REF*ST*04817
REF*DP*043
DTM*999*20050913
RMR*IK*481720050914*PI*2.1*2.1*0
REF*PO*0020050915
REF*ST*04817
REF*DP*043
DTM*999*20050914
RMR*IK*483520050908*PI*4.2*4.2*0
REF*PO*0020050909
REF*ST*04835
REF*DP*043
DTM*999*20050908
RMR*IK*483520050910*PI*2.1*2.1*0
REF*PO*0020050911
REF*ST*04835
REF*DP*043
DTM*999*20050910
RMR*IK*483520050911*PI*4.2*4.2*0
REF*PO*0020050912
REF*ST*04835
REF*DP*043
DTM*999*20050911
RMR*IK*483520050912*PI*10.5*10.5*0
REF*PO*0020050913
REF*ST*04835
REF*DP*043
DTM*999*20050912
RMR*IK*483520050914*PI*18.9*18.9*0
REF*PO*0020050915
REF*ST*04835
REF*DP*043
DTM*999*20050914
RMR*IK*488320050908*PI*10.8*10.8*0
REF*PO*0020050909
REF*ST*04883
REF*DP*043
DTM*999*20050908
RMR*IK*488320050909*PI*10.5*10.5*0
REF*PO*0020050910
REF*ST*04883
REF*DP*043
DTM*999*20050909
RMR*IK*488320050910*PI*33*33*0
REF*PO*0020050911
REF*ST*04883
REF*DP*043
DTM*999*20050910
RMR*IK*488320050911*PI*16.8*16.8*0
REF*PO*0020050912
REF*ST*04883
REF*DP*043
DTM*999*20050911
RMR*IK*488320050913*PI*13.5*13.5*0
REF*PO*0020050914
REF*ST*04883
REF*DP*043
DTM*999*20050913
RMR*IK*488320050914*PI*14.7*14.7*0
REF*PO*0020050915
REF*ST*04883
REF*DP*043
DTM*999*20050914
RMR*IK*489820050911*PI*4.2*4.2*0
REF*PO*0020050912
REF*ST*04898
REF*DP*043
DTM*999*20050911
RMR*IK*497020050908*PI*12.6*12.6*0
REF*PO*0020050909
REF*ST*04970
REF*DP*043
DTM*999*20050908
RMR*IK*497020050909*PI*6.3*6.3*0
REF*PO*0020050910
REF*ST*04970
REF*DP*043
DTM*999*20050909
RMR*IK*497020050910*PI*10.5*10.5*0
REF*PO*0020050911
REF*ST*04970
REF*DP*043
DTM*999*20050910
RMR*IK*497020050911*PI*27.3*27.3*0
REF*PO*0020050912
REF*ST*04970
REF*DP*043
DTM*999*20050911
RMR*IK*497020050912*PI*21.45*21.45*0
REF*PO*0020050913
REF*ST*04970
REF*DP*043
DTM*999*20050912
RMR*IK*497020050913*PI*4.2*4.2*0
REF*PO*0020050914
REF*ST*04970
REF*DP*043
DTM*999*20050913
RMR*IK*502320050910*PI*8.4*8.4*0
REF*PO*0020050912
REF*ST*05023
REF*DP*043
DTM*999*20050910
RMR*IK*502320050911*PI*12.6*12.6*0
REF*PO*0020050913
REF*ST*05023
REF*DP*043
DTM*999*20050911
RMR*IK*502320050913*PI*25.2*25.2*0
REF*PO*0020050915
REF*ST*05023
REF*DP*043
DTM*999*20050913
RMR*IK*701820050911*PI*1.25*1.25*0
REF*PO*0020050912
REF*ST*07018
REF*DP*043
DTM*999*20050911
RMR*IK*701820050912*PI*1.25*1.25*0
REF*PO*0020050913
REF*ST*07018
REF*DP*043
DTM*999*20050912
RMR*IK*702120050908*PI*5*5*0
REF*PO*0020050909
REF*ST*07021
REF*DP*043
DTM*999*20050908
RMR*IK*702120050909*PI*12.5*12.5*0
REF*PO*0020050910
REF*ST*07021
REF*DP*043
DTM*999*20050909
RMR*IK*702120050912*PI*1.25*1.25*0
REF*PO*0020050913
REF*ST*07021
REF*DP*043
DTM*999*20050912
RMR*IK*702120050913*PI*12.5*12.5*0
REF*PO*0020050914
REF*ST*07021
REF*DP*043
DTM*999*20050913
RMR*IK*704520050908*PI*16.8*16.8*0
REF*PO*0020050909
REF*ST*07045
REF*DP*043
DTM*999*20050908
RMR*IK*704520050909*PI*2.1*2.1*0
REF*PO*0020050910
REF*ST*07045
REF*DP*043
DTM*999*20050909
RMR*IK*704520050910*PI*21*21*0
REF*PO*0020050911
REF*ST*07045
REF*DP*043
DTM*999*20050910
RMR*IK*704520050911*PI*16.8*16.8*0
REF*PO*0020050912
REF*ST*07045
REF*DP*043
DTM*999*20050911
RMR*IK*704520050913*PI*6.3*6.3*0
REF*PO*0020050914
REF*ST*07045
REF*DP*043
DTM*999*20050913
RMR*IK*704520050914*PI*17.7*17.7*0
REF*PO*0020050915
REF*ST*07045
REF*DP*043
DTM*999*20050914
RMR*IK*705920050908*PI*6.3*6.3*0
REF*PO*0020050909
REF*ST*07059
REF*DP*043
DTM*999*20050908
RMR*IK*705920050909*PI*12.6*12.6*0
REF*PO*0020050910
REF*ST*07059
REF*DP*043
DTM*999*20050909
RMR*IK*705920050911*PI*13.05*13.05*0
REF*PO*0020050912
REF*ST*07059
REF*DP*043
DTM*999*20050911
RMR*IK*705920050912*PI*10.95*10.95*0
REF*PO*0020050913
REF*ST*07059
REF*DP*043
DTM*999*20050912
RMR*IK*705920050913*PI*14.7*14.7*0
REF*PO*0020050914
REF*ST*07059
REF*DP*043
DTM*999*20050913
RMR*IK*705920050914*PI*28.2*28.2*0
REF*PO*0020050915
REF*ST*07059
REF*DP*043
DTM*999*20050914
RMR*IK*706420050912*PI*10.5*10.5*0
REF*PO*0020050913
REF*ST*07064
REF*DP*043
DTM*999*20050912
RMR*IK*706620050908*PI*37.8*37.8*0
REF*PO*0020050909
REF*ST*07066
REF*DP*043
DTM*999*20050908
RMR*IK*706620050909*PI*50.1*50.1*0
REF*PO*0020050910
REF*ST*07066
REF*DP*043
DTM*999*20050909
RMR*IK*706620050910*PI*21*21*0
REF*PO*0020050911
REF*ST*07066
REF*DP*043
DTM*999*20050910
RMR*IK*706620050911*PI*23.1*23.1*0
REF*PO*0020050912
REF*ST*07066
REF*DP*043
DTM*999*20050911
RMR*IK*706620050912*PI*4.2*4.2*0
REF*PO*0020050913
REF*ST*07066
REF*DP*043
DTM*999*20050912
RMR*IK*706620050913*PI*14.7*14.7*0
REF*PO*0020050914
REF*ST*07066
REF*DP*043
DTM*999*20050913
RMR*IK*706620050914*PI*36.6*36.6*0
REF*PO*0020050915
REF*ST*07066
REF*DP*043
DTM*999*20050914
RMR*IK*706920050908*PI*8.4*8.4*0
REF*PO*0020050909
REF*ST*07069
REF*DP*043
DTM*999*20050908
RMR*IK*706920050909*PI*10.5*10.5*0
REF*PO*0020050910
REF*ST*07069
REF*DP*043
DTM*999*20050909
RMR*IK*706920050910*PI*24*24*0
REF*PO*0020050911
REF*ST*07069
REF*DP*043
DTM*999*20050910
RMR*IK*706920050911*PI*6.75*6.75*0
REF*PO*0020050912
REF*ST*07069
REF*DP*043
DTM*999*20050911
RMR*IK*706920050912*PI*29.85*29.85*0
REF*PO*0020050913
REF*ST*07069
REF*DP*043
DTM*999*20050912
RMR*IK*706920050913*PI*10.5*10.5*0
REF*PO*0020050914
REF*ST*07069
REF*DP*043
DTM*999*20050913
RMR*IK*706920050914*PI*5.23*5.23*0
REF*PO*0020050915
REF*ST*07069
REF*DP*043
DTM*999*20050914
RMR*IK*707620050909*PI*10.5*10.5*0
REF*PO*0020050910
REF*ST*07076
REF*DP*043
DTM*999*20050909
RMR*IK*707620050911*PI*32.85*32.85*0
REF*PO*0020050912
REF*ST*07076
REF*DP*043
DTM*999*20050911
RMR*IK*707620050912*PI*6.3*6.3*0
REF*PO*0020050913
REF*ST*07076
REF*DP*043
DTM*999*20050912
RMR*IK*707620050913*PI*8.4*8.4*0
REF*PO*0020050914
REF*ST*07076
REF*DP*043
DTM*999*20050913
RMR*IK*713220050908*PI*6.3*6.3*0
REF*PO*0020050909
REF*ST*07132
REF*DP*043
DTM*999*20050908
RMR*IK*713220050909*PI*10.5*10.5*0
REF*PO*0020050910
REF*ST*07132
REF*DP*043
DTM*999*20050909
RMR*IK*713220050910*PI*10.5*10.5*0
REF*PO*0020050911
REF*ST*07132
REF*DP*043
DTM*999*20050910
RMR*IK*713220050911*PI*15.15*15.15*0
REF*PO*0020050912
REF*ST*07132
REF*DP*043
DTM*999*20050911
RMR*IK*713220050912*PI*8.4*8.4*0
REF*PO*0020050913
REF*ST*07132
REF*DP*043
DTM*999*20050912
RMR*IK*713220050913*PI*38.83*38.83*0
REF*PO*0020050914
REF*ST*07132
REF*DP*043
DTM*999*20050913
RMR*IK*713220050914*PI*35.62*35.62*0
REF*PO*0020050915
REF*ST*07132
REF*DP*043
DTM*999*20050914
RMR*IK*714620050908*PI*2.1*2.1*0
REF*PO*0020050909
REF*ST*07146
REF*DP*043
DTM*999*20050908
RMR*IK*714620050909*PI*4.2*4.2*0
REF*PO*0020050910
REF*ST*07146
REF*DP*043
DTM*999*20050909
RMR*IK*714620050910*PI*28.65*28.65*0
REF*PO*0020050911
REF*ST*07146
REF*DP*043
DTM*999*20050910
RMR*IK*714620050911*PI*2.1*2.1*0
REF*PO*0020050912
REF*ST*07146
REF*DP*043
DTM*999*20050911
RMR*IK*714620050912*PI*8.4*8.4*0
REF*PO*0020050913
REF*ST*07146
REF*DP*043
DTM*999*20050912
RMR*IK*714620050913*PI*21*21*0
REF*PO*0020050914
REF*ST*07146
REF*DP*043
DTM*999*20050913
RMR*IK*714620050914*PI*2.1*2.1*0
REF*PO*0020050915
REF*ST*07146
REF*DP*043
DTM*999*20050914
RMR*IK*715420050908*PI*20.25*20.25*0
REF*PO*0020050909
REF*ST*07154
REF*DP*043
DTM*999*20050908
RMR*IK*715420050909*PI*8.85*8.85*0
REF*PO*0020050910
REF*ST*07154
REF*DP*043
DTM*999*20050909
RMR*IK*715420050910*PI*17.25*17.25*0
REF*PO*0020050911
REF*ST*07154
REF*DP*043
DTM*999*20050910
RMR*IK*715420050911*PI*4.2*4.2*0
REF*PO*0020050912
REF*ST*07154
REF*DP*043
DTM*999*20050911
RMR*IK*715420050912*PI*13.5*13.5*0
REF*PO*0020050913
REF*ST*07154
REF*DP*043
DTM*999*20050912
RMR*IK*715420050913*PI*10.5*10.5*0
REF*PO*0020050914
REF*ST*07154
REF*DP*043
DTM*999*20050913
RMR*IK*715420050914*PI*6.3*6.3*0
REF*PO*0020050915
REF*ST*07154
REF*DP*043
DTM*999*20050914
RMR*IK*718420050908*PI*45.45*45.45*0
REF*PO*0020050909
REF*ST*07184
REF*DP*043
DTM*999*20050908
RMR*IK*718420050909*PI*27.3*27.3*0
REF*PO*0020050910
REF*ST*07184
REF*DP*043
DTM*999*20050909
RMR*IK*718420050910*PI*44.55*44.55*0
REF*PO*0020050911
REF*ST*07184
REF*DP*043
DTM*999*20050910
RMR*IK*718420050911*PI*62.4*62.4*0
REF*PO*0020050912
REF*ST*07184
REF*DP*043
DTM*999*20050911
RMR*IK*718420050912*PI*30.3*30.3*0
REF*PO*0020050913
REF*ST*07184
REF*DP*043
DTM*999*20050912
RMR*IK*718420050913*PI*30.3*30.3*0
REF*PO*0020050914
REF*ST*07184
REF*DP*043
DTM*999*20050913
RMR*IK*718420050914*PI*80.4*80.4*0
REF*PO*0020050915
REF*ST*07184
REF*DP*043
DTM*999*20050914
RMR*IK*725520050908*PI*31.5*31.5*0
REF*PO*0020050909
REF*ST*07255
REF*DP*043
DTM*999*20050908
RMR*IK*725520050909*PI*16.8*16.8*0
REF*PO*0020050910
REF*ST*07255
REF*DP*043
DTM*999*20050909
RMR*IK*725520050910*PI*12.6*12.6*0
REF*PO*0020050911
REF*ST*07255
REF*DP*043
DTM*999*20050910
RMR*IK*725520050911*PI*10.5*10.5*0
REF*PO*0020050912
REF*ST*07255
REF*DP*043
DTM*999*20050911
RMR*IK*725520050912*PI*45*45*0
REF*PO*0020050913
REF*ST*07255
REF*DP*043
DTM*999*20050912
RMR*IK*725520050913*PI*95.45*95.45*0
REF*PO*0020050914
REF*ST*07255
REF*DP*043
DTM*999*20050913
RMR*IK*725520050914*PI*21.45*21.45*0
REF*PO*0020050915
REF*ST*07255
REF*DP*043
DTM*999*20050914
RMR*IK*730420050908*PI*1.25*1.25*0
REF*PO*0020050909
REF*ST*07304
REF*DP*043
DTM*999*20050908
RMR*IK*730420050912*PI*2.5*2.5*0
REF*PO*0020050913
REF*ST*07304
REF*DP*043
DTM*999*20050912
RMR*IK*732420050908*PI*11.7*11.7*0
REF*PO*0020050909
REF*ST*07324
REF*DP*043
DTM*999*20050908
RMR*IK*732420050910*PI*20.5*20.5*0
REF*PO*0020050911
REF*ST*07324
REF*DP*043
DTM*999*20050910
RMR*IK*732420050911*PI*14.7*14.7*0
REF*PO*0020050912
REF*ST*07324
REF*DP*043
DTM*999*20050911
RMR*IK*732420050914*PI*2.1*2.1*0
REF*PO*0020050915
REF*ST*07324
REF*DP*043
DTM*999*20050914
RMR*IK*735820050908*PI*8.4*8.4*0
REF*PO*0020050909
REF*ST*07358
REF*DP*043
DTM*999*20050908
RMR*IK*735820050909*PI*8.4*8.4*0
REF*PO*0020050910
REF*ST*07358
REF*DP*043
DTM*999*20050909
RMR*IK*735820050910*PI*26.4*26.4*0
REF*PO*0020050911
REF*ST*07358
REF*DP*043
DTM*999*20050910
RMR*IK*735820050911*PI*55.5*55.5*0
REF*PO*0020050912
REF*ST*07358
REF*DP*043
DTM*999*20050911
RMR*IK*735820050912*PI*25.65*25.65*0
REF*PO*0020050913
REF*ST*07358
REF*DP*043
DTM*999*20050912
RMR*IK*735820050913*PI*53.25*53.25*0
REF*PO*0020050914
REF*ST*07358
REF*DP*043
DTM*999*20050913
RMR*IK*735820050914*PI*117.17*117.17*0
REF*PO*0020050915
REF*ST*07358
REF*DP*043
DTM*999*20050914
RMR*IK*736220050908*PI*14.7*14.7*0
REF*PO*0020050909
REF*ST*07362
REF*DP*043
DTM*999*20050908
RMR*IK*736220050909*PI*40.35*40.35*0
REF*PO*0020050910
REF*ST*07362
REF*DP*043
DTM*999*20050909
RMR*IK*736220050910*PI*34.95*34.95*0
REF*PO*0020050911
REF*ST*07362
REF*DP*043
DTM*999*20050910
RMR*IK*736220050911*PI*23.55*23.55*0
REF*PO*0020050912
REF*ST*07362
REF*DP*043
DTM*999*20050911
RMR*IK*736220050912*PI*26.55*26.55*0
REF*PO*0020050913
REF*ST*07362
REF*DP*043
DTM*999*20050912
RMR*IK*736220050913*PI*15.6*15.6*0
REF*PO*0020050914
REF*ST*07362
REF*DP*043
DTM*999*20050913
RMR*IK*736220050914*PI*8.4*8.4*0
REF*PO*0020050915
REF*ST*07362
REF*DP*043
DTM*999*20050914
RMR*IK*743720050910*PI*4.2*4.2*0
REF*PO*0020050911
REF*ST*07437
REF*DP*043
DTM*999*20050910
RMR*IK*743720050911*PI*6.75*6.75*0
REF*PO*0020050912
REF*ST*07437
REF*DP*043
DTM*999*20050911
RMR*IK*746020050909*PI*6.3*6.3*0
REF*PO*0020050910
REF*ST*07460
REF*DP*043
DTM*999*20050909
RMR*IK*746020050910*PI*10.5*10.5*0
REF*PO*0020050911
REF*ST*07460
REF*DP*043
DTM*999*20050910
RMR*IK*746020050911*PI*12.6*12.6*0
REF*PO*0020050912
REF*ST*07460
REF*DP*043
DTM*999*20050911
RMR*IK*746020050914*PI*2.1*2.1*0
REF*PO*0020050915
REF*ST*07460
REF*DP*043
DTM*999*20050914
RMR*IK*746120050908*PI*15.15*15.15*0
REF*PO*0020050909
REF*ST*07461
REF*DP*043
DTM*999*20050908
RMR*IK*746120050909*PI*32.4*32.4*0
REF*PO*0020050910
REF*ST*07461
REF*DP*043
DTM*999*20050909
RMR*IK*746120050910*PI*6.3*6.3*0
REF*PO*0020050911
REF*ST*07461
REF*DP*043
DTM*999*20050910
RMR*IK*746120050911*PI*18.9*18.9*0
REF*PO*0020050912
REF*ST*07461
REF*DP*043
DTM*999*20050911
RMR*IK*746120050912*PI*14.7*14.7*0
REF*PO*0020050913
REF*ST*07461
REF*DP*043
DTM*999*20050912
RMR*IK*746120050913*PI*9.39*9.39*0
REF*PO*0020050914
REF*ST*07461
REF*DP*043
DTM*999*20050913
RMR*IK*746120050914*PI*69.81*69.81*0
REF*PO*0020050915
REF*ST*07461
REF*DP*043
DTM*999*20050914
RMR*IK*754320050908*PI*1.25*1.25*0
REF*PO*0020050909
REF*ST*07543
REF*DP*043
DTM*999*20050908
RMR*IK*754320050910*PI*2.5*2.5*0
REF*PO*0020050911
REF*ST*07543
REF*DP*043
DTM*999*20050910
RMR*IK*754320050913*PI*2.5*2.5*0
REF*PO*0020050914
REF*ST*07543
REF*DP*043
DTM*999*20050913
RMR*IK*760720050908*PI*6.3*6.3*0
REF*PO*0020050909
REF*ST*07607
REF*DP*043
DTM*999*20050908
RMR*IK*760720050909*PI*35.4*35.4*0
REF*PO*0020050910
REF*ST*07607
REF*DP*043
DTM*999*20050909
RMR*IK*760720050910*PI*4.2*4.2*0
REF*PO*0020050911
REF*ST*07607
REF*DP*043
DTM*999*20050910
RMR*IK*760720050911*PI*19.8*19.8*0
REF*PO*0020050912
REF*ST*07607
REF*DP*043
DTM*999*20050911
RMR*IK*760720050912*PI*10.95*10.95*0
REF*PO*0020050913
REF*ST*07607
REF*DP*043
DTM*999*20050912
RMR*IK*760720050913*PI*35.46*35.46*0
REF*PO*0020050914
REF*ST*07607
REF*DP*043
DTM*999*20050913
RMR*IK*760720050914*PI*58.39*58.39*0
REF*PO*0020050915
REF*ST*07607
REF*DP*043
DTM*999*20050914
RMR*IK*761020050908*PI*4.2*4.2*0
REF*PO*0020050909
REF*ST*07610
REF*DP*043
DTM*999*20050908
RMR*IK*761020050909*PI*14.7*14.7*0
REF*PO*0020050910
REF*ST*07610
REF*DP*043
DTM*999*20050909
RMR*IK*761020050910*PI*63.15*63.15*0
REF*PO*0020050911
REF*ST*07610
REF*DP*043
DTM*999*20050910
RMR*IK*761020050911*PI*27.75*27.75*0
REF*PO*0020050912
REF*ST*07610
REF*DP*043
DTM*999*20050911
RMR*IK*761020050912*PI*23.1*23.1*0
REF*PO*0020050913
REF*ST*07610
REF*DP*043
DTM*999*20050912
RMR*IK*761020050913*PI*4.2*4.2*0
REF*PO*0020050914
REF*ST*07610
REF*DP*043
DTM*999*20050913
RMR*IK*761020050914*PI*17.7*17.7*0
REF*PO*0020050915
REF*ST*07610
REF*DP*043
DTM*999*20050914
RMR*IK*762920050909*PI*6.75*6.75*0
REF*PO*0020050910
REF*ST*07629
REF*DP*043
DTM*999*20050909
RMR*IK*762920050913*PI*14.7*14.7*0
REF*PO*0020050914
REF*ST*07629
REF*DP*043
DTM*999*20050913
RMR*IK*763720050909*PI*12.9*12.9*0
REF*PO*0020050910
REF*ST*07637
REF*DP*043
DTM*999*20050909
RMR*IK*763720050910*PI*32.4*32.4*0
REF*PO*0020050911
REF*ST*07637
REF*DP*043
DTM*999*20050910
RMR*IK*763720050911*PI*21.9*21.9*0
REF*PO*0020050912
REF*ST*07637
REF*DP*043
DTM*999*20050911
RMR*IK*763720050912*PI*55.5*55.5*0
REF*PO*0020050913
REF*ST*07637
REF*DP*043
DTM*999*20050912
RMR*IK*763720050913*PI*47.1*47.1*0
REF*PO*0020050914
REF*ST*07637
REF*DP*043
DTM*999*20050913
RMR*IK*763720050914*PI*13.5*13.5*0
REF*PO*0020050915
REF*ST*07637
REF*DP*043
DTM*999*20050914
RMR*IK*771820050908*PI*6.3*6.3*0
REF*PO*0020050909
REF*ST*07718
REF*DP*043
DTM*999*20050908
RMR*IK*771820050909*PI*12.6*12.6*0
REF*PO*0020050910
REF*ST*07718
REF*DP*043
DTM*999*20050909
RMR*IK*771820050910*PI*18.9*18.9*0
REF*PO*0020050911
REF*ST*07718
REF*DP*043
DTM*999*20050910
RMR*IK*771820050911*PI*16.8*16.8*0
REF*PO*0020050912
REF*ST*07718
REF*DP*043
DTM*999*20050911
RMR*IK*771820050912*PI*12.6*12.6*0
REF*PO*0020050913
REF*ST*07718
REF*DP*043
DTM*999*20050912
RMR*IK*771820050913*PI*16.8*16.8*0
REF*PO*0020050914
REF*ST*07718
REF*DP*043
DTM*999*20050913
RMR*IK*771820050914*PI*18.9*18.9*0
REF*PO*0020050915
REF*ST*07718
REF*DP*043
DTM*999*20050914
RMR*IK*771920050908*PI*23.1*23.1*0
REF*PO*0020050909
REF*ST*07719
REF*DP*043
DTM*999*20050908
RMR*IK*771920050909*PI*25.2*25.2*0
REF*PO*0020050910
REF*ST*07719
REF*DP*043
DTM*999*20050909
RMR*IK*771920050910*PI*23.55*23.55*0
REF*PO*0020050911
REF*ST*07719
REF*DP*043
DTM*999*20050910
RMR*IK*933120050909*PI*12.6*12.6*0
REF*PO*0020050910
REF*ST*09331
REF*DP*043
DTM*999*20050909
RMR*IK*933120050910*PI*1.25*1.25*0
REF*PO*0020050911
REF*ST*09331
REF*DP*043
DTM*999*20050910
RMR*IK*933420050908*PI*1.25*1.25*0
REF*PO*0020050909
REF*ST*09334
REF*DP*043
DTM*999*20050908
RMR*IK*933820050908*PI*3.75*3.75*0
REF*PO*0020050909
REF*ST*09338
REF*DP*043
DTM*999*20050908
RMR*IK*933820050910*PI*16.3*16.3*0
REF*PO*0020050911
REF*ST*09338
REF*DP*043
DTM*999*20050910
RMR*IK*933820050911*PI*9.55*9.55*0
REF*PO*0020050912
REF*ST*09338
REF*DP*043
DTM*999*20050911
RMR*IK*933820050913*PI*9.6*9.6*0
REF*PO*0020050914
REF*ST*09338
REF*DP*043
DTM*999*20050913
RMR*IK*933820050914*PI*6.3*6.3*0
REF*PO*0020050915
REF*ST*09338
REF*DP*043
DTM*999*20050914
RMR*IK*935120050908*PI*2.5*2.5*0
REF*PO*0020050909
REF*ST*09351
REF*DP*043
DTM*999*20050908
RMR*IK*935120050909*PI*2.5*2.5*0
REF*PO*0020050910
REF*ST*09351
REF*DP*043
DTM*999*20050909
RMR*IK*935120050911*PI*2.5*2.5*0
REF*PO*0020050912
REF*ST*09351
REF*DP*043
DTM*999*20050911
RMR*IK*935120050913*PI*3.75*3.75*0
REF*PO*0020050914
REF*ST*09351
REF*DP*043
DTM*999*20050913
RMR*IK*935120050914*PI*1.25*1.25*0
REF*PO*0020050915
REF*ST*09351
REF*DP*043
DTM*999*20050914
RMR*IK*935320050909*PI*1.25*1.25*0
REF*PO*0020050910
REF*ST*09353
REF*DP*043
DTM*999*20050909
RMR*IK*935320050910*PI*3.75*3.75*0
REF*PO*0020050911
REF*ST*09353
REF*DP*043
DTM*999*20050910
RMR*IK*935320050911*PI*6.25*6.25*0
REF*PO*0020050912
REF*ST*09353
REF*DP*043
DTM*999*20050911
RMR*IK*935320050914*PI*1.25*1.25*0
REF*PO*0020050915
REF*ST*09353
REF*DP*043
DTM*999*20050914
RMR*IK*953220050908*PI*2.5*2.5*0
REF*PO*0020050909
REF*ST*09532
REF*DP*043
DTM*999*20050908
RMR*IK*953220050910*PI*1.25*1.25*0
REF*PO*0020050911
REF*ST*09532
REF*DP*043
DTM*999*20050910
RMR*IK*953220050911*PI*6.25*6.25*0
REF*PO*0020050912
REF*ST*09532
REF*DP*043
DTM*999*20050911
RMR*IK*953220050913*PI*6.25*6.25*0
REF*PO*0020050914
REF*ST*09532
REF*DP*043
DTM*999*20050913
RMR*IK*956020050914*PI*2.1*2.1*0
REF*PO*0020050915
REF*ST*09560
REF*DP*043
DTM*999*20050914
RMR*IK*957120050910*PI*4.2*4.2*0
REF*PO*0020050911
REF*ST*09571
REF*DP*043
DTM*999*20050910
RMR*IK*957120050912*PI*2.1*2.1*0
REF*PO*0020050913
REF*ST*09571
REF*DP*043
DTM*999*20050912
RMR*IK*962020050908*PI*27.75*27.75*0
REF*PO*0020050909
REF*ST*09620
REF*DP*043
DTM*999*20050908
RMR*IK*962020050909*PI*16.8*16.8*0
REF*PO*0020050910
REF*ST*09620
REF*DP*043
DTM*999*20050909
RMR*IK*962020050910*PI*73.2*73.2*0
REF*PO*0020050911
REF*ST*09620
REF*DP*043
DTM*999*20050910
RMR*IK*962020050911*PI*10.5*10.5*0
REF*PO*0020050912
REF*ST*09620
REF*DP*043
DTM*999*20050911
RMR*IK*962020050912*PI*33.6*33.6*0
REF*PO*0020050913
REF*ST*09620
REF*DP*043
DTM*999*20050912
RMR*IK*962020050913*PI*31.95*31.95*0
REF*PO*0020050914
REF*ST*09620
REF*DP*043
DTM*999*20050913
RMR*IK*962020050914*PI*10.5*10.5*0
REF*PO*0020050915
REF*ST*09620
REF*DP*043
DTM*999*20050914
RMR*IK*962120050908*PI*4.2*4.2*0
REF*PO*0020050909
REF*ST*09621
REF*DP*043
DTM*999*20050908
RMR*IK*962120050909*PI*27.3*27.3*0
REF*PO*0020050910
REF*ST*09621
REF*DP*043
DTM*999*20050909
RMR*IK*962120050910*PI*4.2*4.2*0
REF*PO*0020050911
REF*ST*09621
REF*DP*043
DTM*999*20050910
RMR*IK*962120050911*PI*13.5*13.5*0
REF*PO*0020050912
REF*ST*09621
REF*DP*043
DTM*999*20050911
RMR*IK*962120050912*PI*2.1*2.1*0
REF*PO*0020050913
REF*ST*09621
REF*DP*043
DTM*999*20050912
RMR*IK*962120050914*PI*4.2*4.2*0
REF*PO*0020050915
REF*ST*09621
REF*DP*043
DTM*999*20050914
RMR*IK*962220050908*PI*2.1*2.1*0
REF*PO*0020050909
REF*ST*09622
REF*DP*043
DTM*999*20050908
RMR*IK*962220050909*PI*6.3*6.3*0
REF*PO*0020050910
REF*ST*09622
REF*DP*043
DTM*999*20050909
RMR*IK*962220050910*PI*6.3*6.3*0
REF*PO*0020050911
REF*ST*09622
REF*DP*043
DTM*999*20050910
RMR*IK*962220050911*PI*17.7*17.7*0
REF*PO*0020050912
REF*ST*09622
REF*DP*043
DTM*999*20050911
RMR*IK*962220050912*PI*4.2*4.2*0
REF*PO*0020050913
REF*ST*09622
REF*DP*043
DTM*999*20050912
RMR*IK*962220050913*PI*16.8*16.8*0
REF*PO*0020050914
REF*ST*09622
REF*DP*043
DTM*999*20050913
RMR*IK*962220050914*PI*12.6*12.6*0
REF*PO*0020050915
REF*ST*09622
REF*DP*043
DTM*999*20050914
RMR*IK*962520050908*PI*12.6*12.6*0
REF*PO*0020050909
REF*ST*09625
REF*DP*043
DTM*999*20050908
RMR*IK*962520050910*PI*2.1*2.1*0
REF*PO*0020050911
REF*ST*09625
REF*DP*043
DTM*999*20050910
RMR*IK*962520050911*PI*28.65*28.65*0
REF*PO*0020050912
REF*ST*09625
REF*DP*043
DTM*999*20050911
RMR*IK*962520050912*PI*25.65*25.65*0
REF*PO*0020050913
REF*ST*09625
REF*DP*043
DTM*999*20050912
RMR*IK*962520050913*PI*8.4*8.4*0
REF*PO*0020050914
REF*ST*09625
REF*DP*043
DTM*999*20050913
RMR*IK*962520050914*PI*6.3*6.3*0
REF*PO*0020050915
REF*ST*09625
REF*DP*043
DTM*999*20050914
RMR*IK*962920050908*PI*41.25*41.25*0
REF*PO*0020050909
REF*ST*09629
REF*DP*043
DTM*999*20050908
RMR*IK*962920050909*PI*31.5*31.5*0
REF*PO*0020050910
REF*ST*09629
REF*DP*043
DTM*999*20050909
RMR*IK*962920050910*PI*52.2*52.2*0
REF*PO*0020050911
REF*ST*09629
REF*DP*043
DTM*999*20050910
RMR*IK*962920050911*PI*10.95*10.95*0
REF*PO*0020050912
REF*ST*09629
REF*DP*043
DTM*999*20050911
RMR*IK*962920050912*PI*21.9*21.9*0
REF*PO*0020050913
REF*ST*09629
REF*DP*043
DTM*999*20050912
RMR*IK*962920050913*PI*4.2*4.2*0
REF*PO*0020050914
REF*ST*09629
REF*DP*043
DTM*999*20050913
RMR*IK*963320050908*PI*4.2*4.2*0
REF*PO*0020050909
REF*ST*09633
REF*DP*043
DTM*999*20050908
RMR*IK*963320050909*PI*37.05*37.05*0
REF*PO*0020050910
REF*ST*09633
REF*DP*043
DTM*999*20050909
RMR*IK*963320050910*PI*42*42*0
REF*PO*0020050911
REF*ST*09633
REF*DP*043
DTM*999*20050910
RMR*IK*963320050911*PI*32.85*32.85*0
REF*PO*0020050912
REF*ST*09633
REF*DP*043
DTM*999*20050911
RMR*IK*963320050912*PI*18.9*18.9*0
REF*PO*0020050913
REF*ST*09633
REF*DP*043
DTM*999*20050912
RMR*IK*963320050913*PI*37.8*37.8*0
REF*PO*0020050914
REF*ST*09633
REF*DP*043
DTM*999*20050913
RMR*IK*963320050914*PI*29.4*29.4*0
REF*PO*0020050915
REF*ST*09633
REF*DP*043
DTM*999*20050914
RMR*IK*963920050908*PI*4.2*4.2*0
REF*PO*0020050909
REF*ST*09639
REF*DP*043
DTM*999*20050908
RMR*IK*963920050909*PI*4.2*4.2*0
REF*PO*0020050910
REF*ST*09639
REF*DP*043
DTM*999*20050909
RMR*IK*963920050910*PI*30.3*30.3*0
REF*PO*0020050911
REF*ST*09639
REF*DP*043
DTM*999*20050910
RMR*IK*964820050908*PI*37.8*37.8*0
REF*PO*0020050909
REF*ST*09648
REF*DP*043
DTM*999*20050908
RMR*IK*964820050909*PI*23.1*23.1*0
REF*PO*0020050910
REF*ST*09648
REF*DP*043
DTM*999*20050909
RMR*IK*964820050910*PI*23.1*23.1*0
REF*PO*0020050911
REF*ST*09648
REF*DP*043
DTM*999*20050910
RMR*IK*964820050911*PI*8.4*8.4*0
REF*PO*0020050912
REF*ST*09648
REF*DP*043
DTM*999*20050911
RMR*IK*964820050912*PI*17.7*17.7*0
REF*PO*0020050913
REF*ST*09648
REF*DP*043
DTM*999*20050912
RMR*IK*964820050913*PI*24*24*0
REF*PO*0020050914
REF*ST*09648
REF*DP*043
DTM*999*20050913
RMR*IK*964820050914*PI*26.1*26.1*0
REF*PO*0020050915
REF*ST*09648
REF*DP*043
DTM*999*20050914
RMR*IK*967420050909*PI*12.6*12.6*0
REF*PO*0020050910
REF*ST*09674
REF*DP*043
DTM*999*20050909
RMR*IK*967420050910*PI*19.8*19.8*0
REF*PO*0020050911
REF*ST*09674
REF*DP*043
DTM*999*20050910
RMR*IK*967420050913*PI*41.3*41.3*0
REF*PO*0020050914
REF*ST*09674
REF*DP*043
DTM*999*20050913
RMR*IK*967420050914*PI*11.49*11.49*0
REF*PO*0020050915
REF*ST*09674
REF*DP*043
DTM*999*20050914
RMR*IK*968020050908*PI*20*20*0
REF*PO*0020050909
REF*ST*09680
REF*DP*043
DTM*999*20050908
RMR*IK*968020050909*PI*22.65*22.65*0
REF*PO*0020050910
REF*ST*09680
REF*DP*043
DTM*999*20050909
RMR*IK*968020050910*PI*1.25*1.25*0
REF*PO*0020050911
REF*ST*09680
REF*DP*043
DTM*999*20050910
RMR*IK*968020050911*PI*2.5*2.5*0
REF*PO*0020050912
REF*ST*09680
REF*DP*043
DTM*999*20050911
RMR*IK*968020050912*PI*1.25*1.25*0
REF*PO*0020050913
REF*ST*09680
REF*DP*043
DTM*999*20050912
RMR*IK*968020050913*PI*2.5*2.5*0
REF*PO*0020050914
REF*ST*09680
REF*DP*043
DTM*999*20050913
RMR*IK*968020050914*PI*5.45*5.45*0
REF*PO*0020050915
REF*ST*09680
REF*DP*043
DTM*999*20050914
RMR*IK*972820050908*PI*21*21*0
REF*PO*0020050909
REF*ST*09728
REF*DP*043
DTM*999*20050908
RMR*IK*972820050909*PI*6.3*6.3*0
REF*PO*0020050910
REF*ST*09728
REF*DP*043
DTM*999*20050909
RMR*IK*972820050910*PI*8.4*8.4*0
REF*PO*0020050911
REF*ST*09728
REF*DP*043
DTM*999*20050910
RMR*IK*972820050911*PI*4.2*4.2*0
REF*PO*0020050912
REF*ST*09728
REF*DP*043
DTM*999*20050911
RMR*IK*972820050914*PI*13.5*13.5*0
REF*PO*0020050915
REF*ST*09728
REF*DP*043
DTM*999*20050914
RMR*IK*973520050911*PI*8.4*8.4*0
REF*PO*0020050912
REF*ST*09735
REF*DP*043
DTM*999*20050911
RMR*IK*975820050909*PI*15.6*15.6*0
REF*PO*0020050910
REF*ST*09758
REF*DP*043
DTM*999*20050909
RMR*IK*975820050911*PI*6.3*6.3*0
REF*PO*0020050912
REF*ST*09758
REF*DP*043
DTM*999*20050911
RMR*IK*975820050912*PI*2.1*2.1*0
REF*PO*0020050913
REF*ST*09758
REF*DP*043
DTM*999*20050912
RMR*IK*975820050914*PI*43.35*43.35*0
REF*PO*0020050915
REF*ST*09758
REF*DP*043
DTM*999*20050914
SE*2924*000000001
GE*1*100211
IEA*1*000100302
ISA*00*          *00*          *09*006985290AC    *12*6154525825     *051011*0447*U*00400*000000870*0*P*>
GS*PD*006985290AC*6154525825*20051011*04475156*247*X*004010
ST*852*000000001
XQ*H*20051011
N9*AD*T00000040
LIN**CB*970657110*ZZ*43*UP*831664000842*****DG*1*VS*00000
ZA*QS***006*20051010
CTP**UCP*5.5
SDQ*EA*ZZ*3084*1*3966*4*4244*2*7184*1*9633*2
CTT*1
SE*9*000000001
ST*852*000000002
XQ*H*20051011
N9*AD*T00000040
LIN**CB*970956116*ZZ*43*UP*831664000019*****DG*1*VS*00000
ZA*QS***006*20051009
CTP**UCP*1.03
SDQ*EA*ZZ*5023*4
ZA*QS***006*20051010
CTP**UCP*1.03
SDQ*EA*ZZ*3063*6*3083*29*3084*13*3143*20*3194*6*3348*36*3359*14*3408*3*3602*61*3644*27
SDQ*EA*ZZ*3646*5*3660*21*3672*12*3703*88*3713*22*3715*1*3822*16*3836*19*3848*14*3876*4
SDQ*EA*ZZ*3929*44*3931*1*3941*15*3966*19*3978*14*4071*4*4093*46*4103*9*4213*2*4244*24
SDQ*EA*ZZ*4308*33*4312*7*4475*5*4717*1*4719*11*4739*3*4753*11*4760*1*4835*10*4883*9
SDQ*EA*ZZ*4898*4*4970*5*7045*16*7059*6*7066*25*7069*40*7076*3*7132*32*7146*5*7154*4
SDQ*EA*ZZ*7184*14*7255*19*7358*14*7362*5*7460*7*7461*21*7607*19*7610*4*7629*4*7637*4
SDQ*EA*ZZ*7718*9*9620*4*9621*2*9625*12*9629*14*9633*28*9648*28*9674*2*9728*2*9758*8
CTT*1
SE*18*000000002
ST*852*000000003
XQ*H*20051011
N9*AD*T00000040
LIN**CB*970957114*ZZ*43*UP*831664000255*****DG*1*VS*00000
ZA*QS***006*20051010
CTP**UCP*.75
SDQ*EA*ZZ*3703*1*3966*5
CTT*1
SE*9*000000003
ST*852*000000004
XQ*H*20051011
N9*AD*T00000040
LIN**CB*970959110*ZZ*43*UP*831664000675*****DG*1*VS*00000
ZA*QS***006*20051010
CTP**UCP*1.85
SDQ*EA*ZZ*7607*2*9633*39
LIN**CB*970959110*ZZ*43*UP*831664000675*****DG*8*VS*00000
ZA*QS***006*20051010
CTP**UCP*1.85
SDQ*EA*ZZ*9633*4
CTT*2
SE*13*000000004
ST*852*000000005
XQ*H*20051011
N9*AD*T00000040
LIN**CB*970960118*ZZ*43*UP*831664000682*****DG*1*VS*00000
ZA*QS***006*20051010
CTP**UCP*.75
SDQ*EA*ZZ*9620*1
CTT*1
SE*9*000000005
ST*852*000000006
XQ*H*20051011
N9*AD*T00000040
LIN**CB*970961116*ZZ*43*UP*831664000330*****DG*1*VS*00000
ZA*QS***006*20051010
CTP**UCP*1.85
SDQ*EA*ZZ*4093*6*4244*2*7132*3
LIN**CB*970961116*ZZ*43*UP*831664000330*****DG*5*VS*00000
ZA*QS***006*20051010
CTP**UCP*1.85
SDQ*EA*ZZ*4093*2
LIN**CB*970961116*ZZ*43*UP*831664000330*****DG*8*VS*00000
ZA*QS***006*20051010
CTP**UCP*1.85
SDQ*EA*ZZ*3084*6
CTT*3
SE*17*000000006
ST*852*000000007
XQ*H*20051011
N9*AD*T00000040
LIN**CB*970970117*ZZ*43*UP*831664000859*****DG*4*VS*00000
ZA*QS***006*20051010
CTP**UCP*2.4
SDQ*EA*ZZ*7358*10
CTT*1
SE*9*000000007
ST*852*000000008
XQ*H*20051011
N9*AD*T00000040
LIN**CB*970975116*ZZ*43*UP*831664000910*****DG*1*VS*00000
ZA*QS***006*20051010
CTP**UCP*4.5
SDQ*EA*ZZ*7358*4
CTT*1
SE*9*000000008
ST*852*000000009
XQ*H*20051011
N9*AD*T00000040
LIN**CB*970976114*ZZ*43*UP*831664000514*****DG*1*VS*00000
ZA*QS***006*20051010
CTP**UCP*.75
SDQ*EA*ZZ*3063*7*3083*25*3084*5*3143*298*3359*40*3644*81*3646*1*3672*11*3703*4*3713*85
SDQ*EA*ZZ*3715*12*3822*3*3836*35*3848*12*3929*10*3931*6*3941*5*3966*54*3996*12*4071*4
SDQ*EA*ZZ*4093*43*4103*66*4244*33*4308*6*4312*39*4717*15*4719*62*4739*31*4753*38*4769*4
SDQ*EA*ZZ*4817*3*4835*24*4883*1*4898*13*4970*5*7045*10*7059*4*7069*33*7076*13*7132*12
SDQ*EA*ZZ*7154*17*7184*12*7255*64*7358*14*7362*5*7460*9*7461*12*7607*12*7610*18*7629*11
SDQ*EA*ZZ*7637*7*7718*11*7719*21*9620*53*9621*147*9629*21*9633*66*9648*33*9674*9*9758*5
ZA*QS***006*20051010
CTP**UCP*1.25
SDQ*EA*ZZ*3241*7*3422*1*7304*2*7543*2*9680*12
LIN**CB*970976114*ZZ*43*UP*831664000514*****DG*2*VS*00000
ZA*QS***006*20051010
CTP**UCP*.75
SDQ*EA*ZZ*7066*22
LIN**CB*970976114*ZZ*43*UP*831664000514*****DG*3*VS*00000
ZA*QS***006*20051010
CTP**UCP*.75
SDQ*EA*ZZ*4475*69
ZA*QS***006*20051010
CTP**UCP*1.25
SDQ*EA*ZZ*3137*2*9334*3
LIN**CB*970976114*ZZ*43*UP*831664000514*****DG*6*VS*00000
ZA*QS***006*20051010
CTP**UCP*1.25
SDQ*EA*ZZ*4433*2*9331*14
LIN**CB*970976114*ZZ*43*UP*831664000514*****DG*9*VS*00000
ZA*QS***006*20051010
CTP**UCP*1.25
SDQ*EA*ZZ*4293*13
CTT*5
SE*36*000000009
ST*852*000000010
XQ*H*20051011
N9*AD*T00000040
LIN**CB*970977112*ZZ*43*UP*831664000521*****DG*1*VS*00000
ZA*QS***006*20051009
CTP**UCP*1.75
SDQ*EA*ZZ*5023*7
ZA*QS***006*20051010
CTP**UCP*1.75
SDQ*EA*ZZ*3063*11*3083*23*3084*20*3143*94*3359*11*3408*5*3602*9*3644*26*3646*13*3660*5
SDQ*EA*ZZ*3672*5*3685*4*3703*48*3713*11*3715*30*3836*3*3876*7*3929*24*3931*2*3941*35
SDQ*EA*ZZ*3966*16*3978*17*3996*4*4071*11*4213*1*4244*29*4308*19*4312*12*4717*16*4719*28
SDQ*EA*ZZ*4753*26*4769*11*4817*9*4835*5*4883*3*4898*2*4970*2*7045*6*7059*15*7069*19
SDQ*EA*ZZ*7076*35*7132*37*7154*16*7184*15*7255*34*7358*22*7362*19*7460*4*7461*4*7607*16
SDQ*EA*ZZ*7629*6*7637*15*7718*7*7719*19*9620*16*9621*17*9625*8*9629*38*9633*5*9648*47
SDQ*EA*ZZ*9674*21*9735*6*9758*9
ZA*QS***006*20051010
CTP**UCP*2.1
SDQ*EA*ZZ*4304*1
LIN**CB*970977112*ZZ*43*UP*831664000521*****DG*2*VS*00000
ZA*QS***006*20051010
CTP**UCP*1.75
SDQ*EA*ZZ*7066*58
LIN**CB*970977112*ZZ*43*UP*831664000521*****DG*3*VS*00000
ZA*QS***006*20051010
CTP**UCP*1.75
SDQ*EA*ZZ*4093*42*4103*34*4475*66*4739*25*7610*20*9633*5
LIN**CB*970977112*ZZ*43*UP*831664000521*****DG*4*VS*00000
ZA*QS***006*20051010
CTP**UCP*1.75
SDQ*EA*ZZ*3848*4
LIN**CB*970977112*ZZ*43*UP*831664000521*****DG*5*VS*00000
ZA*QS***006*20051010
CTP**UCP*1.75
SDQ*EA*ZZ*3644*-1*9633*4
LIN**CB*970977112*ZZ*43*UP*831664000521*****DG*8*VS*00000
ZA*QS***006*20051010
CTP**UCP*1.75
SDQ*EA*ZZ*9633*4
LIN**CB*970977112*ZZ*43*UP*831664000521*****DG*9*VS*00000
ZA*QS***006*20051010
CTP**UCP*1.75
SDQ*EA*ZZ*3822*20*3848*12
CTT*7
SE*45*000000010
ST*852*000000011
XQ*H*20051011
N9*AD*T00000040
LIN**CB*970978110*ZZ*43*UP*831664000538*****DG*1*VS*00000
ZA*QS***006*20051010
CTP**UCP*6.75
SDQ*EA*ZZ*3063*3*3084*2*3143*2*3194*3*3359*3*3644*2*3672*2*3703*17*3713*4*3715*3
SDQ*EA*ZZ*3941*2*3966*6*3978*5*4093*2*4103*11*4213*1*4244*10*4308*4*4717*3*4719*2
SDQ*EA*ZZ*4769*4*7059*1*7066*1*7069*2*7132*2*7154*6*7184*3*7255*5*7461*9*7607*2
SDQ*EA*ZZ*7629*4*7718*4*9571*6*9620*1*9758*2
LIN**CB*970978110*ZZ*43*UP*831664000538*****DG*3*VS*00000
ZA*QS***006*20051010
CTP**UCP*6.75
SDQ*EA*ZZ*7610*1
CTT*2
SE*16*000000011
ST*852*000000012
XQ*H*20051011
N9*AD*T00000040
LIN**CB*970979118*ZZ*43*UP*831664000583*****DG*1*VS*00000
ZA*QS***006*20051010
CTP**UCP*6.75
SDQ*EA*ZZ*3646*1*4244*2*7045*2
CTT*1
SE*9*000000012
GE*12*247
IEA*1*000000870
*** SUPERTRACS READY FOR INPUT
