ISA*00*          *00*          *09*006985290EFT   *12*6154525825     *070817*2301*U*00400*001000082*0*P*>
GS*RA*006985290EFT*6154525825*20070817*2301*1000082*X*004010
ST*820*0001
BPR*I*21376.15*C*ACH*CCP*01*021000018*DA*0300955622*9008965873**01*064102601*DA*3000289*20070821*VEN
TRN*3*770237133*9008965873
DTM*097*20070817
N1*PR*KMART CORPORATION*1*008965873
N1*PE*YOUNGS FARMS*92*00069099588
N1*SE*YOUNGS FARMS*92*00069099588
ENT*1
RMR*IK*306320070719*PI*25.65*25.65*0
REF*PO*0020070720
REF*ST*03063
REF*DP*043
DTM*999*20070719
RMR*IK*306320070720*PI*13.15*13.15*0
REF*PO*0020070721
REF*ST*03063
REF*DP*043
DTM*999*20070720
RMR*IK*306320070721*PI*50.85*50.85*0
REF*PO*0020070722
REF*ST*03063
REF*DP*043
DTM*999*20070721
RMR*IK*306320070722*PI*16.25*16.25*0
REF*PO*0020070723
REF*ST*03063
REF*DP*043
DTM*999*20070722
RMR*IK*306320070723*PI*26.15*26.15*0
REF*PO*0020070724
REF*ST*03063
REF*DP*043
DTM*999*20070723
RMR*IK*306320070724*PI*38.9*38.9*0
REF*PO*0020070725
REF*ST*03063
REF*DP*043
DTM*999*20070724
RMR*IK*306320070725*PI*9.45*9.45*0
REF*PO*0020070726
REF*ST*03063
REF*DP*043
DTM*999*20070725
RMR*IK*308220070725*PI*.7*.7*0
REF*PO*0020070726
REF*ST*03082
REF*DP*043
DTM*999*20070725
RMR*IK*308320070719*PI*74.65*74.65*0
REF*PO*0020070720
REF*ST*03083
REF*DP*043
DTM*999*20070719
RMR*IK*308320070720*PI*63.3*63.3*0
REF*PO*0020070721
REF*ST*03083
REF*DP*043
DTM*999*20070720
RMR*IK*308320070721*PI*185.85*185.85*0
REF*PO*0020070722
REF*ST*03083
REF*DP*043
DTM*999*20070721
RMR*IK*308320070722*PI*45.75*45.75*0
REF*PO*0020070723
REF*ST*03083
REF*DP*043
DTM*999*20070722
RMR*IK*308320070723*PI*28.75*28.75*0
REF*PO*0020070724
REF*ST*03083
REF*DP*043
DTM*999*20070723
RMR*IK*308320070724*PI*4.25*4.25*0
REF*PO*0020070725
REF*ST*03083
REF*DP*043
DTM*999*20070724
RMR*IK*308420070719*PI*72.65*72.65*0
REF*PO*0020070720
REF*ST*03084
REF*DP*043
DTM*999*20070719
RMR*IK*308420070720*PI*74.6*74.6*0
REF*PO*0020070721
REF*ST*03084
REF*DP*043
DTM*999*20070720
RMR*IK*308420070721*PI*123.3*123.3*0
REF*PO*0020070722
REF*ST*03084
REF*DP*043
DTM*999*20070721
RMR*IK*308420070722*PI*107.8*107.8*0
REF*PO*0020070723
REF*ST*03084
REF*DP*043
DTM*999*20070722
RMR*IK*308420070723*PI*62.95*62.95*0
REF*PO*0020070724
REF*ST*03084
REF*DP*043
DTM*999*20070723
RMR*IK*308420070724*PI*15.75*15.75*0
REF*PO*0020070725
REF*ST*03084
REF*DP*043
DTM*999*20070724
RMR*IK*308420070725*PI*36.1*36.1*0
REF*PO*0020070726
REF*ST*03084
REF*DP*043
DTM*999*20070725
RMR*IK*310320070719*PI*.7*.7*0
REF*PO*0020070720
REF*ST*03103
REF*DP*043
DTM*999*20070719
RMR*IK*310320070720*PI*6*6*0
REF*PO*0020070721
REF*ST*03103
REF*DP*043
DTM*999*20070720
RMR*IK*310320070721*PI*.35*.35*0
REF*PO*0020070722
REF*ST*03103
REF*DP*043
DTM*999*20070721
RMR*IK*310320070722*PI*12.3*12.3*0
REF*PO*0020070723
REF*ST*03103
REF*DP*043
DTM*999*20070722
RMR*IK*310320070723*PI*18.75*18.75*0
REF*PO*0020070724
REF*ST*03103
REF*DP*043
DTM*999*20070723
RMR*IK*310320070724*PI*6.5*6.5*0
REF*PO*0020070725
REF*ST*03103
REF*DP*043
DTM*999*20070724
RMR*IK*310320070725*PI*5.1*5.1*0
REF*PO*0020070726
REF*ST*03103
REF*DP*043
DTM*999*20070725
RMR*IK*314320070719*PI*161.95*161.95*0
REF*PO*0020070720
REF*ST*03143
REF*DP*043
DTM*999*20070719
RMR*IK*314320070720*PI*123.95*123.95*0
REF*PO*0020070721
REF*ST*03143
REF*DP*043
DTM*999*20070720
RMR*IK*314320070721*PI*29.65*29.65*0
REF*PO*0020070722
REF*ST*03143
REF*DP*043
DTM*999*20070721
RMR*IK*314320070722*PI*52*52*0
REF*PO*0020070723
REF*ST*03143
REF*DP*043
DTM*999*20070722
RMR*IK*314320070723*PI*9.5*9.5*0
REF*PO*0020070724
REF*ST*03143
REF*DP*043
DTM*999*20070723
RMR*IK*319420070719*PI*47*47*0
REF*PO*0020070720
REF*ST*03194
REF*DP*043
DTM*999*20070719
RMR*IK*319420070720*PI*25.25*25.25*0
REF*PO*0020070721
REF*ST*03194
REF*DP*043
DTM*999*20070720
RMR*IK*319420070721*PI*27.75*27.75*0
REF*PO*0020070722
REF*ST*03194
REF*DP*043
DTM*999*20070721
RMR*IK*319420070722*PI*2.1*2.1*0
REF*PO*0020070723
REF*ST*03194
REF*DP*043
DTM*999*20070722
RMR*IK*319420070723*PI*19.3*19.3*0
REF*PO*0020070724
REF*ST*03194
REF*DP*043
DTM*999*20070723
RMR*IK*319420070724*PI*9.7*9.7*0
REF*PO*0020070725
REF*ST*03194
REF*DP*043
DTM*999*20070724
RMR*IK*319420070725*PI*6.5*6.5*0
REF*PO*0020070726
REF*ST*03194
REF*DP*043
DTM*999*20070725
RMR*IK*321920070720*PI*.7*.7*0
REF*PO*0020070721
REF*ST*03219
REF*DP*043
DTM*999*20070720
RMR*IK*322020070720*PI*5.25*5.25*0
REF*PO*0020070721
REF*ST*03220
REF*DP*043
DTM*999*20070720
RMR*IK*322320070725*PI*.7*.7*0
REF*PO*0020070726
REF*ST*03223
REF*DP*043
DTM*999*20070725
RMR*IK*328920070721*PI*21*21*0
REF*PO*0020070722
REF*ST*03289
REF*DP*043
DTM*999*20070721
RMR*IK*328920070722*PI*68.25*68.25*0
REF*PO*0020070723
REF*ST*03289
REF*DP*043
DTM*999*20070722
RMR*IK*334820070719*PI*3.25*3.25*0
REF*PO*0020070720
REF*ST*03348
REF*DP*043
DTM*999*20070719
RMR*IK*334820070722*PI*17.85*17.85*0
REF*PO*0020070723
REF*ST*03348
REF*DP*043
DTM*999*20070722
RMR*IK*335920070719*PI*3.75*3.75*0
REF*PO*0020070720
REF*ST*03359
REF*DP*043
DTM*999*20070719
RMR*IK*335920070720*PI*5.4*5.4*0
REF*PO*0020070721
REF*ST*03359
REF*DP*043
DTM*999*20070720
RMR*IK*335920070721*PI*.35*.35*0
REF*PO*0020070722
REF*ST*03359
REF*DP*043
DTM*999*20070721
RMR*IK*335920070722*PI*.7*.7*0
REF*PO*0020070723
REF*ST*03359
REF*DP*043
DTM*999*20070722
RMR*IK*335920070723*PI*1.4*1.4*0
REF*PO*0020070724
REF*ST*03359
REF*DP*043
DTM*999*20070723
RMR*IK*335920070724*PI*1.4*1.4*0
REF*PO*0020070725
REF*ST*03359
REF*DP*043
DTM*999*20070724
RMR*IK*335920070725*PI*.7*.7*0
REF*PO*0020070726
REF*ST*03359
REF*DP*043
DTM*999*20070725
RMR*IK*340820070719*PI*15.4*15.4*0
REF*PO*0020070720
REF*ST*03408
REF*DP*043
DTM*999*20070719
RMR*IK*340820070720*PI*12.75*12.75*0
REF*PO*0020070721
REF*ST*03408
REF*DP*043
DTM*999*20070720
RMR*IK*340820070721*PI*81.45*81.45*0
REF*PO*0020070722
REF*ST*03408
REF*DP*043
DTM*999*20070721
RMR*IK*340820070722*PI*14.75*14.75*0
REF*PO*0020070723
REF*ST*03408
REF*DP*043
DTM*999*20070722
RMR*IK*340820070723*PI*17.45*17.45*0
REF*PO*0020070724
REF*ST*03408
REF*DP*043
DTM*999*20070723
RMR*IK*340820070724*PI*42.9*42.9*0
REF*PO*0020070725
REF*ST*03408
REF*DP*043
DTM*999*20070724
RMR*IK*340820070816*PI*-1.95*-1.95*0
REF*PO*0020070817
REF*ST*03408
REF*DP*043
DTM*999*20070816
RMR*IK*341020070719*PI*15.75*15.75*0
REF*PO*0020070720
REF*ST*03410
REF*DP*043
DTM*999*20070719
RMR*IK*341020070722*PI*10.5*10.5*0
REF*PO*0020070723
REF*ST*03410
REF*DP*043
DTM*999*20070722
RMR*IK*360220070719*PI*8.05*8.05*0
REF*PO*0020070720
REF*ST*03602
REF*DP*043
DTM*999*20070719
RMR*IK*360220070720*PI*1.05*1.05*0
REF*PO*0020070721
REF*ST*03602
REF*DP*043
DTM*999*20070720
RMR*IK*360220070721*PI*8.5*8.5*0
REF*PO*0020070722
REF*ST*03602
REF*DP*043
DTM*999*20070721
RMR*IK*360220070722*PI*2.45*2.45*0
REF*PO*0020070723
REF*ST*03602
REF*DP*043
DTM*999*20070722
RMR*IK*360220070724*PI*9.7*9.7*0
REF*PO*0020070725
REF*ST*03602
REF*DP*043
DTM*999*20070724
RMR*IK*364420070719*PI*98.65*98.65*0
REF*PO*0020070720
REF*ST*03644
REF*DP*043
DTM*999*20070719
RMR*IK*364420070720*PI*32.45*32.45*0
REF*PO*0020070721
REF*ST*03644
REF*DP*043
DTM*999*20070720
RMR*IK*364420070721*PI*272.75*272.75*0
REF*PO*0020070722
REF*ST*03644
REF*DP*043
DTM*999*20070721
RMR*IK*364420070722*PI*64.75*64.75*0
REF*PO*0020070723
REF*ST*03644
REF*DP*043
DTM*999*20070722
RMR*IK*364420070723*PI*115.7*115.7*0
REF*PO*0020070724
REF*ST*03644
REF*DP*043
DTM*999*20070723
RMR*IK*364420070724*PI*100.2*100.2*0
REF*PO*0020070725
REF*ST*03644
REF*DP*043
DTM*999*20070724
RMR*IK*364420070725*PI*44.35*44.35*0
REF*PO*0020070726
REF*ST*03644
REF*DP*043
DTM*999*20070725
RMR*IK*364620070719*PI*217.6*217.6*0
REF*PO*0020070720
REF*ST*03646
REF*DP*043
DTM*999*20070719
RMR*IK*364620070720*PI*142.1*142.1*0
REF*PO*0020070721
REF*ST*03646
REF*DP*043
DTM*999*20070720
RMR*IK*364620070721*PI*178.75*178.75*0
REF*PO*0020070722
REF*ST*03646
REF*DP*043
DTM*999*20070721
RMR*IK*364620070722*PI*148.5*148.5*0
REF*PO*0020070723
REF*ST*03646
REF*DP*043
DTM*999*20070722
RMR*IK*364620070723*PI*139.65*139.65*0
REF*PO*0020070724
REF*ST*03646
REF*DP*043
DTM*999*20070723
RMR*IK*364620070724*PI*117.5*117.5*0
REF*PO*0020070725
REF*ST*03646
REF*DP*043
DTM*999*20070724
RMR*IK*364620070725*PI*121.95*121.95*0
REF*PO*0020070726
REF*ST*03646
REF*DP*043
DTM*999*20070725
RMR*IK*366020070721*PI*2.8*2.8*0
REF*PO*0020070722
REF*ST*03660
REF*DP*043
DTM*999*20070721
RMR*IK*366020070722*PI*.35*.35*0
REF*PO*0020070723
REF*ST*03660
REF*DP*043
DTM*999*20070722
RMR*IK*366020070724*PI*12*12*0
REF*PO*0020070725
REF*ST*03660
REF*DP*043
DTM*999*20070724
RMR*IK*366120070719*PI*4.4*4.4*0
REF*PO*0020070720
REF*ST*03661
REF*DP*043
DTM*999*20070719
RMR*IK*366120070720*PI*5.25*5.25*0
REF*PO*0020070721
REF*ST*03661
REF*DP*043
DTM*999*20070720
RMR*IK*366120070721*PI*11.9*11.9*0
REF*PO*0020070722
REF*ST*03661
REF*DP*043
DTM*999*20070721
RMR*IK*366120070722*PI*3*3*0
REF*PO*0020070723
REF*ST*03661
REF*DP*043
DTM*999*20070722
RMR*IK*366120070723*PI*3*3*0
REF*PO*0020070724
REF*ST*03661
REF*DP*043
DTM*999*20070723
RMR*IK*367220070719*PI*11.25*11.25*0
REF*PO*0020070720
REF*ST*03672
REF*DP*043
DTM*999*20070719
RMR*IK*367220070720*PI*7.35*7.35*0
REF*PO*0020070721
REF*ST*03672
REF*DP*043
DTM*999*20070720
RMR*IK*367220070721*PI*5.8*5.8*0
REF*PO*0020070722
REF*ST*03672
REF*DP*043
DTM*999*20070721
RMR*IK*367220070722*PI*.7*.7*0
REF*PO*0020070723
REF*ST*03672
REF*DP*043
DTM*999*20070722
RMR*IK*367220070723*PI*1.75*1.75*0
REF*PO*0020070724
REF*ST*03672
REF*DP*043
DTM*999*20070723
RMR*IK*367220070724*PI*6.7*6.7*0
REF*PO*0020070725
REF*ST*03672
REF*DP*043
DTM*999*20070724
RMR*IK*367220070725*PI*.35*.35*0
REF*PO*0020070726
REF*ST*03672
REF*DP*043
DTM*999*20070725
RMR*IK*367520070722*PI*4.2*4.2*0
REF*PO*0020070723
REF*ST*03675
REF*DP*043
DTM*999*20070722
RMR*IK*368520070719*PI*6.65*6.65*0
REF*PO*0020070720
REF*ST*03685
REF*DP*043
DTM*999*20070719
RMR*IK*368520070720*PI*16.5*16.5*0
REF*PO*0020070721
REF*ST*03685
REF*DP*043
DTM*999*20070720
RMR*IK*368520070721*PI*7.7*7.7*0
REF*PO*0020070722
REF*ST*03685
REF*DP*043
DTM*999*20070721
RMR*IK*368520070722*PI*13.35*13.35*0
REF*PO*0020070723
REF*ST*03685
REF*DP*043
DTM*999*20070722
RMR*IK*368520070723*PI*66.35*66.35*0
REF*PO*0020070724
REF*ST*03685
REF*DP*043
DTM*999*20070723
RMR*IK*368520070724*PI*8.85*8.85*0
REF*PO*0020070725
REF*ST*03685
REF*DP*043
DTM*999*20070724
RMR*IK*368520070725*PI*3.25*3.25*0
REF*PO*0020070726
REF*ST*03685
REF*DP*043
DTM*999*20070725
RMR*IK*370120070722*PI*2.1*2.1*0
REF*PO*0020070723
REF*ST*03701
REF*DP*043
DTM*999*20070722
RMR*IK*370120070723*PI*10.5*10.5*0
REF*PO*0020070724
REF*ST*03701
REF*DP*043
DTM*999*20070723
RMR*IK*370320070719*PI*118.4*118.4*0
REF*PO*0020070720
REF*ST*03703
REF*DP*043
DTM*999*20070719
RMR*IK*370320070720*PI*108.25*108.25*0
REF*PO*0020070721
REF*ST*03703
REF*DP*043
DTM*999*20070720
RMR*IK*370320070721*PI*166.95*166.95*0
REF*PO*0020070722
REF*ST*03703
REF*DP*043
DTM*999*20070721
RMR*IK*370320070722*PI*140.7*140.7*0
REF*PO*0020070723
REF*ST*03703
REF*DP*043
DTM*999*20070722
RMR*IK*370320070723*PI*115.8*115.8*0
REF*PO*0020070724
REF*ST*03703
REF*DP*043
DTM*999*20070723
RMR*IK*370320070724*PI*112.35*112.35*0
REF*PO*0020070725
REF*ST*03703
REF*DP*043
DTM*999*20070724
RMR*IK*370320070725*PI*140.45*140.45*0
REF*PO*0020070726
REF*ST*03703
REF*DP*043
DTM*999*20070725
RMR*IK*370320070812*PI*-16*-16*0
REF*PO*0020070814
REF*ST*03703
REF*DP*043
DTM*999*20070812
RMR*IK*371320070719*PI*23.05*23.05*0
REF*PO*0020070720
REF*ST*03713
REF*DP*043
DTM*999*20070719
RMR*IK*371320070720*PI*.7*.7*0
REF*PO*0020070721
REF*ST*03713
REF*DP*043
DTM*999*20070720
RMR*IK*371320070721*PI*4.75*4.75*0
REF*PO*0020070722
REF*ST*03713
REF*DP*043
DTM*999*20070721
RMR*IK*371320070722*PI*.7*.7*0
REF*PO*0020070723
REF*ST*03713
REF*DP*043
DTM*999*20070722
RMR*IK*371320070723*PI*14.7*14.7*0
REF*PO*0020070724
REF*ST*03713
REF*DP*043
DTM*999*20070723
RMR*IK*371320070725*PI*4.4*4.4*0
REF*PO*0020070726
REF*ST*03713
REF*DP*043
DTM*999*20070725
RMR*IK*371520070719*PI*52.95*52.95*0
REF*PO*0020070720
REF*ST*03715
REF*DP*043
DTM*999*20070719
RMR*IK*371520070720*PI*83.65*83.65*0
REF*PO*0020070721
REF*ST*03715
REF*DP*043
DTM*999*20070720
RMR*IK*371520070721*PI*125.85*125.85*0
REF*PO*0020070722
REF*ST*03715
REF*DP*043
DTM*999*20070721
RMR*IK*371520070722*PI*41.15*41.15*0
REF*PO*0020070723
REF*ST*03715
REF*DP*043
DTM*999*20070722
RMR*IK*371520070723*PI*63.2*63.2*0
REF*PO*0020070724
REF*ST*03715
REF*DP*043
DTM*999*20070723
RMR*IK*371520070724*PI*10.05*10.05*0
REF*PO*0020070725
REF*ST*03715
REF*DP*043
DTM*999*20070724
RMR*IK*371520070725*PI*11.1*11.1*0
REF*PO*0020070726
REF*ST*03715
REF*DP*043
DTM*999*20070725
RMR*IK*382220070719*PI*31.65*31.65*0
REF*PO*0020070720
REF*ST*03822
REF*DP*043
DTM*999*20070719
RMR*IK*382220070720*PI*44.65*44.65*0
REF*PO*0020070721
REF*ST*03822
REF*DP*043
DTM*999*20070720
RMR*IK*382220070721*PI*64*64*0
REF*PO*0020070722
REF*ST*03822
REF*DP*043
DTM*999*20070721
RMR*IK*382220070722*PI*19.5*19.5*0
REF*PO*0020070723
REF*ST*03822
REF*DP*043
DTM*999*20070722
RMR*IK*382220070723*PI*4.05*4.05*0
REF*PO*0020070724
REF*ST*03822
REF*DP*043
DTM*999*20070723
RMR*IK*382220070724*PI*8.5*8.5*0
REF*PO*0020070725
REF*ST*03822
REF*DP*043
DTM*999*20070724
RMR*IK*382220070725*PI*3.25*3.25*0
REF*PO*0020070726
REF*ST*03822
REF*DP*043
DTM*999*20070725
RMR*IK*383620070720*PI*4.2*4.2*0
REF*PO*0020070721
REF*ST*03836
REF*DP*043
DTM*999*20070720
RMR*IK*383620070722*PI*16.45*16.45*0
REF*PO*0020070723
REF*ST*03836
REF*DP*043
DTM*999*20070722
RMR*IK*383620070723*PI*5.65*5.65*0
REF*PO*0020070724
REF*ST*03836
REF*DP*043
DTM*999*20070723
RMR*IK*383620070724*PI*3.5*3.5*0
REF*PO*0020070725
REF*ST*03836
REF*DP*043
DTM*999*20070724
RMR*IK*383620070725*PI*11.6*11.6*0
REF*PO*0020070726
REF*ST*03836
REF*DP*043
DTM*999*20070725
RMR*IK*384820070719*PI*12.6*12.6*0
REF*PO*0020070720
REF*ST*03848
REF*DP*043
DTM*999*20070719
RMR*IK*384820070720*PI*5.9*5.9*0
REF*PO*0020070721
REF*ST*03848
REF*DP*043
DTM*999*20070720
RMR*IK*384820070721*PI*32.3*32.3*0
REF*PO*0020070722
REF*ST*03848
REF*DP*043
DTM*999*20070721
RMR*IK*384820070722*PI*15.05*15.05*0
REF*PO*0020070723
REF*ST*03848
REF*DP*043
DTM*999*20070722
RMR*IK*384820070723*PI*14.2*14.2*0
REF*PO*0020070724
REF*ST*03848
REF*DP*043
DTM*999*20070723
RMR*IK*384820070724*PI*39.25*39.25*0
REF*PO*0020070725
REF*ST*03848
REF*DP*043
DTM*999*20070724
RMR*IK*384820070725*PI*10.65*10.65*0
REF*PO*0020070726
REF*ST*03848
REF*DP*043
DTM*999*20070725
RMR*IK*387620070719*PI*15.15*15.15*0
REF*PO*0020070720
REF*ST*03876
REF*DP*043
DTM*999*20070719
RMR*IK*387620070721*PI*38.15*38.15*0
REF*PO*0020070722
REF*ST*03876
REF*DP*043
DTM*999*20070721
RMR*IK*387620070724*PI*6.75*6.75*0
REF*PO*0020070725
REF*ST*03876
REF*DP*043
DTM*999*20070724
RMR*IK*390520070722*PI*3.25*3.25*0
REF*PO*0020070723
REF*ST*03905
REF*DP*043
DTM*999*20070722
RMR*IK*390520070724*PI*1.05*1.05*0
REF*PO*0020070725
REF*ST*03905
REF*DP*043
DTM*999*20070724
RMR*IK*392920070719*PI*.7*.7*0
REF*PO*0020070720
REF*ST*03929
REF*DP*043
DTM*999*20070719
RMR*IK*392920070721*PI*.35*.35*0
REF*PO*0020070722
REF*ST*03929
REF*DP*043
DTM*999*20070721
RMR*IK*392920070723*PI*3.5*3.5*0
REF*PO*0020070724
REF*ST*03929
REF*DP*043
DTM*999*20070723
RMR*IK*392920070725*PI*5.95*5.95*0
REF*PO*0020070726
REF*ST*03929
REF*DP*043
DTM*999*20070725
RMR*IK*393920070720*PI*18.75*18.75*0
REF*PO*0020070721
REF*ST*03939
REF*DP*043
DTM*999*20070720
RMR*IK*393920070722*PI*.7*.7*0
REF*PO*0020070723
REF*ST*03939
REF*DP*043
DTM*999*20070722
RMR*IK*393920070723*PI*1.4*1.4*0
REF*PO*0020070724
REF*ST*03939
REF*DP*043
DTM*999*20070723
RMR*IK*394120070719*PI*72.3*72.3*0
REF*PO*0020070720
REF*ST*03941
REF*DP*043
DTM*999*20070719
RMR*IK*394120070720*PI*135.85*135.85*0
REF*PO*0020070721
REF*ST*03941
REF*DP*043
DTM*999*20070720
RMR*IK*394120070721*PI*104.9*104.9*0
REF*PO*0020070722
REF*ST*03941
REF*DP*043
DTM*999*20070721
RMR*IK*394120070722*PI*58.6*58.6*0
REF*PO*0020070723
REF*ST*03941
REF*DP*043
DTM*999*20070722
RMR*IK*394120070723*PI*41.45*41.45*0
REF*PO*0020070724
REF*ST*03941
REF*DP*043
DTM*999*20070723
RMR*IK*394120070724*PI*45.8*45.8*0
REF*PO*0020070725
REF*ST*03941
REF*DP*043
DTM*999*20070724
RMR*IK*394120070725*PI*63.35*63.35*0
REF*PO*0020070726
REF*ST*03941
REF*DP*043
DTM*999*20070725
RMR*IK*396620070719*PI*15.15*15.15*0
REF*PO*0020070720
REF*ST*03966
REF*DP*043
DTM*999*20070719
RMR*IK*396620070721*PI*10.75*10.75*0
REF*PO*0020070722
REF*ST*03966
REF*DP*043
DTM*999*20070721
RMR*IK*396620070722*PI*11.85*11.85*0
REF*PO*0020070723
REF*ST*03966
REF*DP*043
DTM*999*20070722
RMR*IK*396620070723*PI*37.8*37.8*0
REF*PO*0020070724
REF*ST*03966
REF*DP*043
DTM*999*20070723
RMR*IK*396620070724*PI*5.6*5.6*0
REF*PO*0020070725
REF*ST*03966
REF*DP*043
DTM*999*20070724
RMR*IK*396620070725*PI*10.45*10.45*0
REF*PO*0020070726
REF*ST*03966
REF*DP*043
DTM*999*20070725
RMR*IK*396720070721*PI*35.75*35.75*0
REF*PO*0020070722
REF*ST*03967
REF*DP*043
DTM*999*20070721
RMR*IK*397820070719*PI*4.4*4.4*0
REF*PO*0020070720
REF*ST*03978
REF*DP*043
DTM*999*20070719
RMR*IK*397820070720*PI*3.7*3.7*0
REF*PO*0020070721
REF*ST*03978
REF*DP*043
DTM*999*20070720
RMR*IK*397820070721*PI*15.05*15.05*0
REF*PO*0020070722
REF*ST*03978
REF*DP*043
DTM*999*20070721
RMR*IK*397820070722*PI*12*12*0
REF*PO*0020070723
REF*ST*03978
REF*DP*043
DTM*999*20070722
RMR*IK*397820070723*PI*.7*.7*0
REF*PO*0020070724
REF*ST*03978
REF*DP*043
DTM*999*20070723
RMR*IK*397820070724*PI*.7*.7*0
REF*PO*0020070725
REF*ST*03978
REF*DP*043
DTM*999*20070724
RMR*IK*399120070719*PI*4.2*4.2*0
REF*PO*0020070720
REF*ST*03991
REF*DP*043
DTM*999*20070719
RMR*IK*399120070720*PI*.7*.7*0
REF*PO*0020070721
REF*ST*03991
REF*DP*043
DTM*999*20070720
RMR*IK*399420070720*PI*3.5*3.5*0
REF*PO*0020070721
REF*ST*03994
REF*DP*043
DTM*999*20070720
RMR*IK*399420070722*PI*2.8*2.8*0
REF*PO*0020070723
REF*ST*03994
REF*DP*043
DTM*999*20070722
RMR*IK*399420070723*PI*17.4*17.4*0
REF*PO*0020070724
REF*ST*03994
REF*DP*043
DTM*999*20070723
RMR*IK*399420070725*PI*1.4*1.4*0
REF*PO*0020070726
REF*ST*03994
REF*DP*043
DTM*999*20070725
RMR*IK*399620070719*PI*7.9*7.9*0
REF*PO*0020070720
REF*ST*03996
REF*DP*043
DTM*999*20070719
RMR*IK*399620070720*PI*8.4*8.4*0
REF*PO*0020070721
REF*ST*03996
REF*DP*043
DTM*999*20070720
RMR*IK*399620070721*PI*16.55*16.55*0
REF*PO*0020070722
REF*ST*03996
REF*DP*043
DTM*999*20070721
RMR*IK*399620070722*PI*30.35*30.35*0
REF*PO*0020070723
REF*ST*03996
REF*DP*043
DTM*999*20070722
RMR*IK*399620070723*PI*20.35*20.35*0
REF*PO*0020070724
REF*ST*03996
REF*DP*043
DTM*999*20070723
RMR*IK*399620070724*PI*7.1*7.1*0
REF*PO*0020070725
REF*ST*03996
REF*DP*043
DTM*999*20070724
RMR*IK*399620070725*PI*52.45*52.45*0
REF*PO*0020070726
REF*ST*03996
REF*DP*043
DTM*999*20070725
RMR*IK*399620070812*PI*-9*-9*0
REF*PO*0020070813
REF*ST*03996
REF*DP*043
DTM*999*20070812
RMR*IK*403320070723*PI*.7*.7*0
REF*PO*0020070724
REF*ST*04033
REF*DP*043
DTM*999*20070723
RMR*IK*403320070724*PI*2.1*2.1*0
REF*PO*0020070725
REF*ST*04033
REF*DP*043
DTM*999*20070724
RMR*IK*403320070725*PI*2.1*2.1*0
REF*PO*0020070726
REF*ST*04033
REF*DP*043
DTM*999*20070725
RMR*IK*407120070719*PI*10.7*10.7*0
REF*PO*0020070720
REF*ST*04071
REF*DP*043
DTM*999*20070719
RMR*IK*407120070720*PI*10.7*10.7*0
REF*PO*0020070721
REF*ST*04071
REF*DP*043
DTM*999*20070720
RMR*IK*407120070721*PI*11.45*11.45*0
REF*PO*0020070722
REF*ST*04071
REF*DP*043
DTM*999*20070721
RMR*IK*407120070722*PI*14.7*14.7*0
REF*PO*0020070723
REF*ST*04071
REF*DP*043
DTM*999*20070722
RMR*IK*407120070723*PI*4.9*4.9*0
REF*PO*0020070724
REF*ST*04071
REF*DP*043
DTM*999*20070723
RMR*IK*407120070724*PI*.35*.35*0
REF*PO*0020070725
REF*ST*04071
REF*DP*043
DTM*999*20070724
RMR*IK*407120070725*PI*3*3*0
REF*PO*0020070726
REF*ST*04071
REF*DP*043
DTM*999*20070725
RMR*IK*409320070719*PI*60.25*60.25*0
REF*PO*0020070720
REF*ST*04093
REF*DP*043
DTM*999*20070719
RMR*IK*409320070720*PI*188.35*188.35*0
REF*PO*0020070721
REF*ST*04093
REF*DP*043
DTM*999*20070720
RMR*IK*409320070721*PI*347.25*347.25*0
REF*PO*0020070722
REF*ST*04093
REF*DP*043
DTM*999*20070721
RMR*IK*409320070722*PI*271*271*0
REF*PO*0020070723
REF*ST*04093
REF*DP*043
DTM*999*20070722
RMR*IK*409320070723*PI*203.75*203.75*0
REF*PO*0020070724
REF*ST*04093
REF*DP*043
DTM*999*20070723
RMR*IK*409320070724*PI*63.25*63.25*0
REF*PO*0020070725
REF*ST*04093
REF*DP*043
DTM*999*20070724
RMR*IK*409320070725*PI*82.8*82.8*0
REF*PO*0020070726
REF*ST*04093
REF*DP*043
DTM*999*20070725
RMR*IK*409320070816*PI*-8.5*-8.5*0
REF*PO*0020070817
REF*ST*04093
REF*DP*043
DTM*999*20070816
RMR*IK*410320070719*PI*85.05*85.05*0
REF*PO*0020070720
REF*ST*04103
REF*DP*043
DTM*999*20070719
RMR*IK*410320070720*PI*149.6*149.6*0
REF*PO*0020070721
REF*ST*04103
REF*DP*043
DTM*999*20070720
RMR*IK*410320070721*PI*288.25*288.25*0
REF*PO*0020070722
REF*ST*04103
REF*DP*043
DTM*999*20070721
RMR*IK*410320070722*PI*117.75*117.75*0
REF*PO*0020070723
REF*ST*04103
REF*DP*043
DTM*999*20070722
RMR*IK*410320070723*PI*148.35*148.35*0
REF*PO*0020070724
REF*ST*04103
REF*DP*043
DTM*999*20070723
RMR*IK*410320070724*PI*116.25*116.25*0
REF*PO*0020070725
REF*ST*04103
REF*DP*043
DTM*999*20070724
RMR*IK*410320070725*PI*97.3*97.3*0
REF*PO*0020070726
REF*ST*04103
REF*DP*043
DTM*999*20070725
RMR*IK*412220070719*PI*4.9*4.9*0
REF*PO*0020070720
REF*ST*04122
REF*DP*043
DTM*999*20070719
RMR*IK*412220070720*PI*8.4*8.4*0
REF*PO*0020070721
REF*ST*04122
REF*DP*043
DTM*999*20070720
RMR*IK*412220070721*PI*1.4*1.4*0
REF*PO*0020070722
REF*ST*04122
REF*DP*043
DTM*999*20070721
RMR*IK*412220070722*PI*3.85*3.85*0
REF*PO*0020070723
REF*ST*04122
REF*DP*043
DTM*999*20070722
RMR*IK*412220070723*PI*2.1*2.1*0
REF*PO*0020070724
REF*ST*04122
REF*DP*043
DTM*999*20070723
RMR*IK*418920070719*PI*5.25*5.25*0
REF*PO*0020070720
REF*ST*04189
REF*DP*043
DTM*999*20070719
RMR*IK*418920070720*PI*10.5*10.5*0
REF*PO*0020070721
REF*ST*04189
REF*DP*043
DTM*999*20070720
RMR*IK*418920070722*PI*5.25*5.25*0
REF*PO*0020070723
REF*ST*04189
REF*DP*043
DTM*999*20070722
RMR*IK*418920070723*PI*11.2*11.2*0
REF*PO*0020070724
REF*ST*04189
REF*DP*043
DTM*999*20070723
RMR*IK*419820070719*PI*4.2*4.2*0
REF*PO*0020070720
REF*ST*04198
REF*DP*043
DTM*999*20070719
RMR*IK*419820070720*PI*42.05*42.05*0
REF*PO*0020070721
REF*ST*04198
REF*DP*043
DTM*999*20070720
RMR*IK*419820070721*PI*10.15*10.15*0
REF*PO*0020070722
REF*ST*04198
REF*DP*043
DTM*999*20070721
RMR*IK*419820070722*PI*3.35*3.35*0
REF*PO*0020070723
REF*ST*04198
REF*DP*043
DTM*999*20070722
RMR*IK*419820070724*PI*7*7*0
REF*PO*0020070725
REF*ST*04198
REF*DP*043
DTM*999*20070724
RMR*IK*419820070725*PI*2.8*2.8*0
REF*PO*0020070726
REF*ST*04198
REF*DP*043
DTM*999*20070725
RMR*IK*424420070719*PI*245.55*245.55*0
REF*PO*0020070720
REF*ST*04244
REF*DP*043
DTM*999*20070719
RMR*IK*424420070720*PI*220.8*220.8*0
REF*PO*0020070721
REF*ST*04244
REF*DP*043
DTM*999*20070720
RMR*IK*424420070721*PI*220.85*220.85*0
REF*PO*0020070722
REF*ST*04244
REF*DP*043
DTM*999*20070721
RMR*IK*424420070722*PI*86.35*86.35*0
REF*PO*0020070723
REF*ST*04244
REF*DP*043
DTM*999*20070722
RMR*IK*424420070723*PI*99.75*99.75*0
REF*PO*0020070724
REF*ST*04244
REF*DP*043
DTM*999*20070723
RMR*IK*424420070724*PI*55.9*55.9*0
REF*PO*0020070725
REF*ST*04244
REF*DP*043
DTM*999*20070724
RMR*IK*424420070725*PI*60.05*60.05*0
REF*PO*0020070726
REF*ST*04244
REF*DP*043
DTM*999*20070725
RMR*IK*430820070719*PI*65.65*65.65*0
REF*PO*0020070720
REF*ST*04308
REF*DP*043
DTM*999*20070719
RMR*IK*430820070720*PI*18.8*18.8*0
REF*PO*0020070721
REF*ST*04308
REF*DP*043
DTM*999*20070720
RMR*IK*430820070721*PI*13.75*13.75*0
REF*PO*0020070722
REF*ST*04308
REF*DP*043
DTM*999*20070721
RMR*IK*430820070722*PI*30.35*30.35*0
REF*PO*0020070723
REF*ST*04308
REF*DP*043
DTM*999*20070722
RMR*IK*430820070723*PI*39*39*0
REF*PO*0020070724
REF*ST*04308
REF*DP*043
DTM*999*20070723
RMR*IK*430820070724*PI*21.8*21.8*0
REF*PO*0020070725
REF*ST*04308
REF*DP*043
DTM*999*20070724
RMR*IK*430820070725*PI*35.9*35.9*0
REF*PO*0020070726
REF*ST*04308
REF*DP*043
DTM*999*20070725
RMR*IK*431220070723*PI*.35*.35*0
REF*PO*0020070724
REF*ST*04312
REF*DP*043
DTM*999*20070723
RMR*IK*442220070721*PI*5.25*5.25*0
REF*PO*0020070722
REF*ST*04422
REF*DP*043
DTM*999*20070721
RMR*IK*447520070719*PI*52.8*52.8*0
REF*PO*0020070720
REF*ST*04475
REF*DP*043
DTM*999*20070719
RMR*IK*447520070720*PI*10.15*10.15*0
REF*PO*0020070721
REF*ST*04475
REF*DP*043
DTM*999*20070720
RMR*IK*447520070721*PI*24*24*0
REF*PO*0020070722
REF*ST*04475
REF*DP*043
DTM*999*20070721
RMR*IK*447520070722*PI*7.8*7.8*0
REF*PO*0020070723
REF*ST*04475
REF*DP*043
DTM*999*20070722
RMR*IK*447520070723*PI*17.2*17.2*0
REF*PO*0020070724
REF*ST*04475
REF*DP*043
DTM*999*20070723
RMR*IK*447520070724*PI*8.1*8.1*0
REF*PO*0020070725
REF*ST*04475
REF*DP*043
DTM*999*20070724
RMR*IK*447520070725*PI*28.95*28.95*0
REF*PO*0020070726
REF*ST*04475
REF*DP*043
DTM*999*20070725
RMR*IK*448920070721*PI*.35*.35*0
REF*PO*0020070722
REF*ST*04489
REF*DP*043
DTM*999*20070721
RMR*IK*448920070722*PI*3.5*3.5*0
REF*PO*0020070723
REF*ST*04489
REF*DP*043
DTM*999*20070722
RMR*IK*448920070723*PI*.35*.35*0
REF*PO*0020070724
REF*ST*04489
REF*DP*043
DTM*999*20070723
RMR*IK*448920070725*PI*.7*.7*0
REF*PO*0020070726
REF*ST*04489
REF*DP*043
DTM*999*20070725
RMR*IK*471720070719*PI*47.85*47.85*0
REF*PO*0020070720
REF*ST*04717
REF*DP*043
DTM*999*20070719
RMR*IK*471720070720*PI*111.75*111.75*0
REF*PO*0020070721
REF*ST*04717
REF*DP*043
DTM*999*20070720
RMR*IK*471720070721*PI*56*56*0
REF*PO*0020070722
REF*ST*04717
REF*DP*043
DTM*999*20070721
RMR*IK*471720070722*PI*52.35*52.35*0
REF*PO*0020070723
REF*ST*04717
REF*DP*043
DTM*999*20070722
RMR*IK*471720070723*PI*14.9*14.9*0
REF*PO*0020070724
REF*ST*04717
REF*DP*043
DTM*999*20070723
RMR*IK*471720070724*PI*26.1*26.1*0
REF*PO*0020070725
REF*ST*04717
REF*DP*043
DTM*999*20070724
RMR*IK*471720070725*PI*12.25*12.25*0
REF*PO*0020070726
REF*ST*04717
REF*DP*043
DTM*999*20070725
RMR*IK*471920070719*PI*161.15*161.15*0
REF*PO*0020070720
REF*ST*04719
REF*DP*043
DTM*999*20070719
RMR*IK*471920070720*PI*72*72*0
REF*PO*0020070721
REF*ST*04719
REF*DP*043
DTM*999*20070720
RMR*IK*471920070721*PI*125.6*125.6*0
REF*PO*0020070722
REF*ST*04719
REF*DP*043
DTM*999*20070721
RMR*IK*471920070722*PI*186.3*186.3*0
REF*PO*0020070723
REF*ST*04719
REF*DP*043
DTM*999*20070722
RMR*IK*471920070723*PI*90.5*90.5*0
REF*PO*0020070724
REF*ST*04719
REF*DP*043
DTM*999*20070723
RMR*IK*471920070724*PI*116.05*116.05*0
REF*PO*0020070725
REF*ST*04719
REF*DP*043
DTM*999*20070724
RMR*IK*471920070725*PI*44.85*44.85*0
REF*PO*0020070726
REF*ST*04719
REF*DP*043
DTM*999*20070725
RMR*IK*471920070816*PI*-3*-3*0
REF*PO*0020070817
REF*ST*04719
REF*DP*043
DTM*999*20070816
RMR*IK*472320070719*PI*1.4*1.4*0
REF*PO*0020070720
REF*ST*04723
REF*DP*043
DTM*999*20070719
RMR*IK*472320070720*PI*.7*.7*0
REF*PO*0020070721
REF*ST*04723
REF*DP*043
DTM*999*20070720
RMR*IK*472320070722*PI*.7*.7*0
REF*PO*0020070723
REF*ST*04723
REF*DP*043
DTM*999*20070722
RMR*IK*472320070724*PI*5.25*5.25*0
REF*PO*0020070725
REF*ST*04723
REF*DP*043
DTM*999*20070724
RMR*IK*472320070725*PI*10.5*10.5*0
REF*PO*0020070726
REF*ST*04723
REF*DP*043
DTM*999*20070725
RMR*IK*473920070719*PI*14.8*14.8*0
REF*PO*0020070720
REF*ST*04739
REF*DP*043
DTM*999*20070719
RMR*IK*473920070720*PI*11.75*11.75*0
REF*PO*0020070721
REF*ST*04739
REF*DP*043
DTM*999*20070720
RMR*IK*473920070721*PI*28.2*28.2*0
REF*PO*0020070722
REF*ST*04739
REF*DP*043
DTM*999*20070721
RMR*IK*473920070722*PI*20.65*20.65*0
REF*PO*0020070723
REF*ST*04739
REF*DP*043
DTM*999*20070722
RMR*IK*473920070723*PI*8.9*8.9*0
REF*PO*0020070724
REF*ST*04739
REF*DP*043
DTM*999*20070723
RMR*IK*473920070724*PI*.7*.7*0
REF*PO*0020070725
REF*ST*04739
REF*DP*043
DTM*999*20070724
RMR*IK*473920070725*PI*5.8*5.8*0
REF*PO*0020070726
REF*ST*04739
REF*DP*043
DTM*999*20070725
RMR*IK*473920070811*PI*-6.5*-6.5*0
REF*PO*0020070812
REF*ST*04739
REF*DP*043
DTM*999*20070811
RMR*IK*475320070719*PI*3.6*3.6*0
REF*PO*0020070720
REF*ST*04753
REF*DP*043
DTM*999*20070719
RMR*IK*475320070723*PI*3*3*0
REF*PO*0020070724
REF*ST*04753
REF*DP*043
DTM*999*20070723
RMR*IK*475320070724*PI*9.25*9.25*0
REF*PO*0020070725
REF*ST*04753
REF*DP*043
DTM*999*20070724
RMR*IK*475320070725*PI*12.75*12.75*0
REF*PO*0020070726
REF*ST*04753
REF*DP*043
DTM*999*20070725
RMR*IK*476920070719*PI*1.4*1.4*0
REF*PO*0020070720
REF*ST*04769
REF*DP*043
DTM*999*20070719
RMR*IK*476920070720*PI*2.1*2.1*0
REF*PO*0020070721
REF*ST*04769
REF*DP*043
DTM*999*20070720
RMR*IK*476920070721*PI*17.15*17.15*0
REF*PO*0020070722
REF*ST*04769
REF*DP*043
DTM*999*20070721
RMR*IK*476920070722*PI*12.65*12.65*0
REF*PO*0020070723
REF*ST*04769
REF*DP*043
DTM*999*20070722
RMR*IK*476920070723*PI*38.25*38.25*0
REF*PO*0020070724
REF*ST*04769
REF*DP*043
DTM*999*20070723
RMR*IK*476920070724*PI*62.45*62.45*0
REF*PO*0020070725
REF*ST*04769
REF*DP*043
DTM*999*20070724
RMR*IK*476920070725*PI*.7*.7*0
REF*PO*0020070726
REF*ST*04769
REF*DP*043
DTM*999*20070725
RMR*IK*481720070719*PI*26.2*26.2*0
REF*PO*0020070720
REF*ST*04817
REF*DP*043
DTM*999*20070719
RMR*IK*481720070720*PI*8.6*8.6*0
REF*PO*0020070721
REF*ST*04817
REF*DP*043
DTM*999*20070720
RMR*IK*481720070721*PI*5.3*5.3*0
REF*PO*0020070722
REF*ST*04817
REF*DP*043
DTM*999*20070721
RMR*IK*481720070722*PI*7*7*0
REF*PO*0020070723
REF*ST*04817
REF*DP*043
DTM*999*20070722
RMR*IK*481720070723*PI*14.6*14.6*0
REF*PO*0020070724
REF*ST*04817
REF*DP*043
DTM*999*20070723
RMR*IK*481720070725*PI*21.35*21.35*0
REF*PO*0020070726
REF*ST*04817
REF*DP*043
DTM*999*20070725
RMR*IK*483520070720*PI*.7*.7*0
REF*PO*0020070721
REF*ST*04835
REF*DP*043
DTM*999*20070720
RMR*IK*483520070721*PI*27.9*27.9*0
REF*PO*0020070722
REF*ST*04835
REF*DP*043
DTM*999*20070721
RMR*IK*483520070722*PI*.7*.7*0
REF*PO*0020070723
REF*ST*04835
REF*DP*043
DTM*999*20070722
RMR*IK*483520070723*PI*2.1*2.1*0
REF*PO*0020070724
REF*ST*04835
REF*DP*043
DTM*999*20070723
RMR*IK*483520070724*PI*3*3*0
REF*PO*0020070725
REF*ST*04835
REF*DP*043
DTM*999*20070724
RMR*IK*483520070725*PI*.7*.7*0
REF*PO*0020070726
REF*ST*04835
REF*DP*043
DTM*999*20070725
RMR*IK*488320070719*PI*7.45*7.45*0
REF*PO*0020070720
REF*ST*04883
REF*DP*043
DTM*999*20070719
RMR*IK*488320070720*PI*7.9*7.9*0
REF*PO*0020070721
REF*ST*04883
REF*DP*043
DTM*999*20070720
RMR*IK*488320070721*PI*10.5*10.5*0
REF*PO*0020070722
REF*ST*04883
REF*DP*043
DTM*999*20070721
RMR*IK*488320070723*PI*.7*.7*0
REF*PO*0020070724
REF*ST*04883
REF*DP*043
DTM*999*20070723
RMR*IK*488320070724*PI*46.35*46.35*0
REF*PO*0020070725
REF*ST*04883
REF*DP*043
DTM*999*20070724
RMR*IK*488320070725*PI*6.7*6.7*0
REF*PO*0020070726
REF*ST*04883
REF*DP*043
DTM*999*20070725
RMR*IK*489820070720*PI*3*3*0
REF*PO*0020070721
REF*ST*04898
REF*DP*043
DTM*999*20070720
RMR*IK*489820070723*PI*17*17*0
REF*PO*0020070724
REF*ST*04898
REF*DP*043
DTM*999*20070723
RMR*IK*489820070724*PI*.35*.35*0
REF*PO*0020070725
REF*ST*04898
REF*DP*043
DTM*999*20070724
RMR*IK*497020070719*PI*38*38*0
REF*PO*0020070720
REF*ST*04970
REF*DP*043
DTM*999*20070719
RMR*IK*497020070720*PI*22.05*22.05*0
REF*PO*0020070721
REF*ST*04970
REF*DP*043
DTM*999*20070720
RMR*IK*497020070721*PI*13.25*13.25*0
REF*PO*0020070722
REF*ST*04970
REF*DP*043
DTM*999*20070721
RMR*IK*497020070722*PI*31.6*31.6*0
REF*PO*0020070723
REF*ST*04970
REF*DP*043
DTM*999*20070722
RMR*IK*497020070723*PI*16.25*16.25*0
REF*PO*0020070724
REF*ST*04970
REF*DP*043
DTM*999*20070723
RMR*IK*497020070724*PI*22.2*22.2*0
REF*PO*0020070725
REF*ST*04970
REF*DP*043
DTM*999*20070724
RMR*IK*497020070725*PI*23.8*23.8*0
REF*PO*0020070726
REF*ST*04970
REF*DP*043
DTM*999*20070725
RMR*IK*502320070721*PI*4.2*4.2*0
REF*PO*0020070723
REF*ST*05023
REF*DP*043
DTM*999*20070721
RMR*IK*506620070720*PI*3*3*0
REF*PO*0020070722
REF*ST*05066
REF*DP*043
DTM*999*20070720
RMR*IK*506620070721*PI*1.75*1.75*0
REF*PO*0020070723
REF*ST*05066
REF*DP*043
DTM*999*20070721
RMR*IK*506620070723*PI*3*3*0
REF*PO*0020070725
REF*ST*05066
REF*DP*043
DTM*999*20070723
RMR*IK*507020070719*PI*6.35*6.35*0
REF*PO*0020070721
REF*ST*05070
REF*DP*043
DTM*999*20070719
RMR*IK*507020070720*PI*10.2*10.2*0
REF*PO*0020070722
REF*ST*05070
REF*DP*043
DTM*999*20070720
RMR*IK*507020070723*PI*3*3*0
REF*PO*0020070725
REF*ST*05070
REF*DP*043
DTM*999*20070723
RMR*IK*702820070721*PI*1.4*1.4*0
REF*PO*0020070722
REF*ST*07028
REF*DP*043
DTM*999*20070721
RMR*IK*704520070719*PI*87.85*87.85*0
REF*PO*0020070720
REF*ST*07045
REF*DP*043
DTM*999*20070719
RMR*IK*704520070720*PI*26.95*26.95*0
REF*PO*0020070721
REF*ST*07045
REF*DP*043
DTM*999*20070720
RMR*IK*704520070721*PI*28.45*28.45*0
REF*PO*0020070722
REF*ST*07045
REF*DP*043
DTM*999*20070721
RMR*IK*704520070722*PI*15.8*15.8*0
REF*PO*0020070723
REF*ST*07045
REF*DP*043
DTM*999*20070722
RMR*IK*704520070723*PI*.35*.35*0
REF*PO*0020070724
REF*ST*07045
REF*DP*043
DTM*999*20070723
RMR*IK*704520070724*PI*14.05*14.05*0
REF*PO*0020070725
REF*ST*07045
REF*DP*043
DTM*999*20070724
RMR*IK*704520070725*PI*9.75*9.75*0
REF*PO*0020070726
REF*ST*07045
REF*DP*043
DTM*999*20070725
RMR*IK*705920070719*PI*.7*.7*0
REF*PO*0020070720
REF*ST*07059
REF*DP*043
DTM*999*20070719
RMR*IK*705920070724*PI*.35*.35*0
REF*PO*0020070725
REF*ST*07059
REF*DP*043
DTM*999*20070724
RMR*IK*706320070719*PI*66.5*66.5*0
REF*PO*0020070720
REF*ST*07063
REF*DP*043
DTM*999*20070719
RMR*IK*706320070720*PI*47*47*0
REF*PO*0020070721
REF*ST*07063
REF*DP*043
DTM*999*20070720
RMR*IK*706320070721*PI*43.5*43.5*0
REF*PO*0020070722
REF*ST*07063
REF*DP*043
DTM*999*20070721
RMR*IK*706320070722*PI*15*15*0
REF*PO*0020070723
REF*ST*07063
REF*DP*043
DTM*999*20070722
RMR*IK*706320070723*PI*13.25*13.25*0
REF*PO*0020070724
REF*ST*07063
REF*DP*043
DTM*999*20070723
RMR*IK*706320070724*PI*22.25*22.25*0
REF*PO*0020070725
REF*ST*07063
REF*DP*043
DTM*999*20070724
RMR*IK*706320070725*PI*4.25*4.25*0
REF*PO*0020070726
REF*ST*07063
REF*DP*043
DTM*999*20070725
RMR*IK*706420070719*PI*1.4*1.4*0
REF*PO*0020070720
REF*ST*07064
REF*DP*043
DTM*999*20070719
RMR*IK*706420070720*PI*21.2*21.2*0
REF*PO*0020070721
REF*ST*07064
REF*DP*043
DTM*999*20070720
RMR*IK*706420070721*PI*19.85*19.85*0
REF*PO*0020070722
REF*ST*07064
REF*DP*043
DTM*999*20070721
RMR*IK*706420070722*PI*2.8*2.8*0
REF*PO*0020070723
REF*ST*07064
REF*DP*043
DTM*999*20070722
RMR*IK*706420070723*PI*17.4*17.4*0
REF*PO*0020070724
REF*ST*07064
REF*DP*043
DTM*999*20070723
RMR*IK*706420070724*PI*6.5*6.5*0
REF*PO*0020070725
REF*ST*07064
REF*DP*043
DTM*999*20070724
RMR*IK*706420070725*PI*6.7*6.7*0
REF*PO*0020070726
REF*ST*07064
REF*DP*043
DTM*999*20070725
RMR*IK*706620070719*PI*51.25*51.25*0
REF*PO*0020070720
REF*ST*07066
REF*DP*043
DTM*999*20070719
RMR*IK*706620070720*PI*19.95*19.95*0
REF*PO*0020070721
REF*ST*07066
REF*DP*043
DTM*999*20070720
RMR*IK*706620070721*PI*25.2*25.2*0
REF*PO*0020070722
REF*ST*07066
REF*DP*043
DTM*999*20070721
RMR*IK*706620070722*PI*23.1*23.1*0
REF*PO*0020070723
REF*ST*07066
REF*DP*043
DTM*999*20070722
RMR*IK*706620070723*PI*57.4*57.4*0
REF*PO*0020070724
REF*ST*07066
REF*DP*043
DTM*999*20070723
RMR*IK*706620070724*PI*15.8*15.8*0
REF*PO*0020070725
REF*ST*07066
REF*DP*043
DTM*999*20070724
RMR*IK*706620070725*PI*3*3*0
REF*PO*0020070726
REF*ST*07066
REF*DP*043
DTM*999*20070725
RMR*IK*706920070719*PI*15.4*15.4*0
REF*PO*0020070720
REF*ST*07069
REF*DP*043
DTM*999*20070719
RMR*IK*706920070720*PI*32.5*32.5*0
REF*PO*0020070721
REF*ST*07069
REF*DP*043
DTM*999*20070720
RMR*IK*706920070721*PI*23.15*23.15*0
REF*PO*0020070722
REF*ST*07069
REF*DP*043
DTM*999*20070721
RMR*IK*706920070722*PI*19.2*19.2*0
REF*PO*0020070723
REF*ST*07069
REF*DP*043
DTM*999*20070722
RMR*IK*706920070723*PI*19.8*19.8*0
REF*PO*0020070724
REF*ST*07069
REF*DP*043
DTM*999*20070723
RMR*IK*706920070724*PI*4.25*4.25*0
REF*PO*0020070725
REF*ST*07069
REF*DP*043
DTM*999*20070724
RMR*IK*706920070725*PI*6*6*0
REF*PO*0020070726
REF*ST*07069
REF*DP*043
DTM*999*20070725
RMR*IK*707620070719*PI*102.75*102.75*0
REF*PO*0020070720
REF*ST*07076
REF*DP*043
DTM*999*20070719
RMR*IK*707620070720*PI*135.45*135.45*0
REF*PO*0020070721
REF*ST*07076
REF*DP*043
DTM*999*20070720
RMR*IK*707620070721*PI*188.7*188.7*0
REF*PO*0020070722
REF*ST*07076
REF*DP*043
DTM*999*20070721
RMR*IK*707620070722*PI*132.05*132.05*0
REF*PO*0020070723
REF*ST*07076
REF*DP*043
DTM*999*20070722
RMR*IK*707620070723*PI*79.2*79.2*0
REF*PO*0020070724
REF*ST*07076
REF*DP*043
DTM*999*20070723
RMR*IK*707620070724*PI*68.45*68.45*0
REF*PO*0020070725
REF*ST*07076
REF*DP*043
DTM*999*20070724
RMR*IK*707620070725*PI*46.45*46.45*0
REF*PO*0020070726
REF*ST*07076
REF*DP*043
DTM*999*20070725
RMR*IK*713220070719*PI*28.75*28.75*0
REF*PO*0020070720
REF*ST*07132
REF*DP*043
DTM*999*20070719
RMR*IK*713220070720*PI*79.9*79.9*0
REF*PO*0020070721
REF*ST*07132
REF*DP*043
DTM*999*20070720
RMR*IK*713220070721*PI*107.75*107.75*0
REF*PO*0020070722
REF*ST*07132
REF*DP*043
DTM*999*20070721
RMR*IK*713220070722*PI*20.5*20.5*0
REF*PO*0020070723
REF*ST*07132
REF*DP*043
DTM*999*20070722
RMR*IK*713220070723*PI*41.65*41.65*0
REF*PO*0020070724
REF*ST*07132
REF*DP*043
DTM*999*20070723
RMR*IK*713220070724*PI*3.5*3.5*0
REF*PO*0020070725
REF*ST*07132
REF*DP*043
DTM*999*20070724
RMR*IK*713220070725*PI*21.05*21.05*0
REF*PO*0020070726
REF*ST*07132
REF*DP*043
DTM*999*20070725
RMR*IK*714620070719*PI*1.75*1.75*0
REF*PO*0020070720
REF*ST*07146
REF*DP*043
DTM*999*20070719
RMR*IK*714620070720*PI*8.15*8.15*0
REF*PO*0020070721
REF*ST*07146
REF*DP*043
DTM*999*20070720
RMR*IK*714620070721*PI*5.25*5.25*0
REF*PO*0020070722
REF*ST*07146
REF*DP*043
DTM*999*20070721
RMR*IK*714620070722*PI*15.4*15.4*0
REF*PO*0020070723
REF*ST*07146
REF*DP*043
DTM*999*20070722
RMR*IK*714620070723*PI*17.65*17.65*0
REF*PO*0020070724
REF*ST*07146
REF*DP*043
DTM*999*20070723
RMR*IK*714620070725*PI*2.45*2.45*0
REF*PO*0020070726
REF*ST*07146
REF*DP*043
DTM*999*20070725
RMR*IK*715420070719*PI*4.2*4.2*0
REF*PO*0020070720
REF*ST*07154
REF*DP*043
DTM*999*20070719
RMR*IK*715420070721*PI*5.25*5.25*0
REF*PO*0020070722
REF*ST*07154
REF*DP*043
DTM*999*20070721
RMR*IK*715420070725*PI*2.1*2.1*0
REF*PO*0020070726
REF*ST*07154
REF*DP*043
DTM*999*20070725
RMR*IK*718420070719*PI*69.65*69.65*0
REF*PO*0020070720
REF*ST*07184
REF*DP*043
DTM*999*20070719
RMR*IK*718420070720*PI*93.55*93.55*0
REF*PO*0020070721
REF*ST*07184
REF*DP*043
DTM*999*20070720
RMR*IK*718420070721*PI*112.65*112.65*0
REF*PO*0020070722
REF*ST*07184
REF*DP*043
DTM*999*20070721
RMR*IK*718420070722*PI*63.6*63.6*0
REF*PO*0020070723
REF*ST*07184
REF*DP*043
DTM*999*20070722
RMR*IK*718420070723*PI*89.2*89.2*0
REF*PO*0020070724
REF*ST*07184
REF*DP*043
DTM*999*20070723
RMR*IK*718420070724*PI*73.75*73.75*0
REF*PO*0020070725
REF*ST*07184
REF*DP*043
DTM*999*20070724
RMR*IK*718420070725*PI*19.35*19.35*0
REF*PO*0020070726
REF*ST*07184
REF*DP*043
DTM*999*20070725
RMR*IK*725520070719*PI*223.75*223.75*0
REF*PO*0020070720
REF*ST*07255
REF*DP*043
DTM*999*20070719
RMR*IK*725520070720*PI*146.05*146.05*0
REF*PO*0020070721
REF*ST*07255
REF*DP*043
DTM*999*20070720
RMR*IK*725520070721*PI*268.35*268.35*0
REF*PO*0020070722
REF*ST*07255
REF*DP*043
DTM*999*20070721
RMR*IK*725520070722*PI*143.2*143.2*0
REF*PO*0020070723
REF*ST*07255
REF*DP*043
DTM*999*20070722
RMR*IK*725520070723*PI*167.35*167.35*0
REF*PO*0020070724
REF*ST*07255
REF*DP*043
DTM*999*20070723
RMR*IK*725520070724*PI*90.5*90.5*0
REF*PO*0020070725
REF*ST*07255
REF*DP*043
DTM*999*20070724
RMR*IK*725520070725*PI*86.15*86.15*0
REF*PO*0020070726
REF*ST*07255
REF*DP*043
DTM*999*20070725
RMR*IK*735420070719*PI*31*31*0
REF*PO*0020070720
REF*ST*07354
REF*DP*043
DTM*999*20070719
RMR*IK*735420070720*PI*10*10*0
REF*PO*0020070721
REF*ST*07354
REF*DP*043
DTM*999*20070720
RMR*IK*735420070721*PI*1.75*1.75*0
REF*PO*0020070722
REF*ST*07354
REF*DP*043
DTM*999*20070721
RMR*IK*735420070722*PI*9.35*9.35*0
REF*PO*0020070723
REF*ST*07354
REF*DP*043
DTM*999*20070722
RMR*IK*735420070723*PI*3.5*3.5*0
REF*PO*0020070724
REF*ST*07354
REF*DP*043
DTM*999*20070723
RMR*IK*735420070724*PI*1.4*1.4*0
REF*PO*0020070725
REF*ST*07354
REF*DP*043
DTM*999*20070724
RMR*IK*735820070719*PI*171.5*171.5*0
REF*PO*0020070720
REF*ST*07358
REF*DP*043
DTM*999*20070719
RMR*IK*735820070720*PI*192.9*192.9*0
REF*PO*0020070721
REF*ST*07358
REF*DP*043
DTM*999*20070720
RMR*IK*735820070721*PI*393.2*393.2*0
REF*PO*0020070722
REF*ST*07358
REF*DP*043
DTM*999*20070721
RMR*IK*735820070722*PI*188.25*188.25*0
REF*PO*0020070723
REF*ST*07358
REF*DP*043
DTM*999*20070722
RMR*IK*735820070723*PI*155.75*155.75*0
REF*PO*0020070724
REF*ST*07358
REF*DP*043
DTM*999*20070723
RMR*IK*735820070724*PI*140.7*140.7*0
REF*PO*0020070725
REF*ST*07358
REF*DP*043
DTM*999*20070724
RMR*IK*735820070725*PI*47.5*47.5*0
REF*PO*0020070726
REF*ST*07358
REF*DP*043
DTM*999*20070725
RMR*IK*736020070722*PI*.7*.7*0
REF*PO*0020070723
REF*ST*07360
REF*DP*043
DTM*999*20070722
RMR*IK*736020070723*PI*.7*.7*0
REF*PO*0020070724
REF*ST*07360
REF*DP*043
DTM*999*20070723
RMR*IK*736020070724*PI*.35*.35*0
REF*PO*0020070725
REF*ST*07360
REF*DP*043
DTM*999*20070724
RMR*IK*736220070719*PI*28.35*28.35*0
REF*PO*0020070720
REF*ST*07362
REF*DP*043
DTM*999*20070719
RMR*IK*736220070721*PI*3.5*3.5*0
REF*PO*0020070722
REF*ST*07362
REF*DP*043
DTM*999*20070721
RMR*IK*736220070722*PI*9.1*9.1*0
REF*PO*0020070723
REF*ST*07362
REF*DP*043
DTM*999*20070722
RMR*IK*736220070724*PI*14.05*14.05*0
REF*PO*0020070725
REF*ST*07362
REF*DP*043
DTM*999*20070724
RMR*IK*738820070723*PI*3.5*3.5*0
REF*PO*0020070724
REF*ST*07388
REF*DP*043
DTM*999*20070723
RMR*IK*743720070719*PI*2.8*2.8*0
REF*PO*0020070720
REF*ST*07437
REF*DP*043
DTM*999*20070719
RMR*IK*743720070720*PI*7.7*7.7*0
REF*PO*0020070721
REF*ST*07437
REF*DP*043
DTM*999*20070720
RMR*IK*743720070721*PI*26.9*26.9*0
REF*PO*0020070722
REF*ST*07437
REF*DP*043
DTM*999*20070721
RMR*IK*743720070722*PI*2.1*2.1*0
REF*PO*0020070723
REF*ST*07437
REF*DP*043
DTM*999*20070722
RMR*IK*743720070723*PI*3.7*3.7*0
REF*PO*0020070724
REF*ST*07437
REF*DP*043
DTM*999*20070723
RMR*IK*743720070725*PI*3*3*0
REF*PO*0020070726
REF*ST*07437
REF*DP*043
DTM*999*20070725
RMR*IK*746020070719*PI*14.05*14.05*0
REF*PO*0020070720
REF*ST*07460
REF*DP*043
DTM*999*20070719
RMR*IK*746020070720*PI*13.15*13.15*0
REF*PO*0020070721
REF*ST*07460
REF*DP*043
DTM*999*20070720
RMR*IK*746020070721*PI*8.6*8.6*0
REF*PO*0020070722
REF*ST*07460
REF*DP*043
DTM*999*20070721
RMR*IK*746020070723*PI*22.7*22.7*0
REF*PO*0020070724
REF*ST*07460
REF*DP*043
DTM*999*20070723
RMR*IK*746020070724*PI*2.1*2.1*0
REF*PO*0020070725
REF*ST*07460
REF*DP*043
DTM*999*20070724
RMR*IK*746020070725*PI*4.2*4.2*0
REF*PO*0020070726
REF*ST*07460
REF*DP*043
DTM*999*20070725
RMR*IK*746120070719*PI*19.25*19.25*0
REF*PO*0020070720
REF*ST*07461
REF*DP*043
DTM*999*20070719
RMR*IK*746120070720*PI*3.6*3.6*0
REF*PO*0020070721
REF*ST*07461
REF*DP*043
DTM*999*20070720
RMR*IK*746120070721*PI*7.5*7.5*0
REF*PO*0020070722
REF*ST*07461
REF*DP*043
DTM*999*20070721
RMR*IK*746120070722*PI*22.3*22.3*0
REF*PO*0020070723
REF*ST*07461
REF*DP*043
DTM*999*20070722
RMR*IK*746120070723*PI*37.55*37.55*0
REF*PO*0020070724
REF*ST*07461
REF*DP*043
DTM*999*20070723
RMR*IK*746120070724*PI*41.1*41.1*0
REF*PO*0020070725
REF*ST*07461
REF*DP*043
DTM*999*20070724
RMR*IK*746120070725*PI*6.3*6.3*0
REF*PO*0020070726
REF*ST*07461
REF*DP*043
DTM*999*20070725
RMR*IK*747720070721*PI*4.25*4.25*0
REF*PO*0020070722
REF*ST*07477
REF*DP*043
DTM*999*20070721
RMR*IK*747720070725*PI*8.5*8.5*0
REF*PO*0020070726
REF*ST*07477
REF*DP*043
DTM*999*20070725
RMR*IK*755820070719*PI*4.9*4.9*0
REF*PO*0020070720
REF*ST*07558
REF*DP*043
DTM*999*20070719
RMR*IK*755820070720*PI*6*6*0
REF*PO*0020070721
REF*ST*07558
REF*DP*043
DTM*999*20070720
RMR*IK*755820070721*PI*4.05*4.05*0
REF*PO*0020070722
REF*ST*07558
REF*DP*043
DTM*999*20070721
RMR*IK*755820070722*PI*1.4*1.4*0
REF*PO*0020070723
REF*ST*07558
REF*DP*043
DTM*999*20070722
RMR*IK*760720070719*PI*119.65*119.65*0
REF*PO*0020070720
REF*ST*07607
REF*DP*043
DTM*999*20070719
RMR*IK*760720070720*PI*93.35*93.35*0
REF*PO*0020070721
REF*ST*07607
REF*DP*043
DTM*999*20070720
RMR*IK*760720070721*PI*157*157*0
REF*PO*0020070722
REF*ST*07607
REF*DP*043
DTM*999*20070721
RMR*IK*760720070722*PI*101.9*101.9*0
REF*PO*0020070723
REF*ST*07607
REF*DP*043
DTM*999*20070722
RMR*IK*760720070723*PI*74.95*74.95*0
REF*PO*0020070724
REF*ST*07607
REF*DP*043
DTM*999*20070723
RMR*IK*760720070724*PI*121.65*121.65*0
REF*PO*0020070725
REF*ST*07607
REF*DP*043
DTM*999*20070724
RMR*IK*760720070725*PI*81.05*81.05*0
REF*PO*0020070726
REF*ST*07607
REF*DP*043
DTM*999*20070725
RMR*IK*761020070719*PI*64.7*64.7*0
REF*PO*0020070720
REF*ST*07610
REF*DP*043
DTM*999*20070719
RMR*IK*761020070720*PI*111.95*111.95*0
REF*PO*0020070721
REF*ST*07610
REF*DP*043
DTM*999*20070720
RMR*IK*761020070721*PI*42.55*42.55*0
REF*PO*0020070722
REF*ST*07610
REF*DP*043
DTM*999*20070721
RMR*IK*761020070722*PI*26.25*26.25*0
REF*PO*0020070723
REF*ST*07610
REF*DP*043
DTM*999*20070722
RMR*IK*761020070723*PI*32.9*32.9*0
REF*PO*0020070724
REF*ST*07610
REF*DP*043
DTM*999*20070723
RMR*IK*761020070724*PI*64.6*64.6*0
REF*PO*0020070725
REF*ST*07610
REF*DP*043
DTM*999*20070724
RMR*IK*761020070725*PI*17.8*17.8*0
REF*PO*0020070726
REF*ST*07610
REF*DP*043
DTM*999*20070725
RMR*IK*762920070719*PI*6*6*0
REF*PO*0020070720
REF*ST*07629
REF*DP*043
DTM*999*20070719
RMR*IK*762920070721*PI*6*6*0
REF*PO*0020070722
REF*ST*07629
REF*DP*043
DTM*999*20070721
RMR*IK*762920070723*PI*3*3*0
REF*PO*0020070724
REF*ST*07629
REF*DP*043
DTM*999*20070723
RMR*IK*762920070724*PI*6*6*0
REF*PO*0020070725
REF*ST*07629
REF*DP*043
DTM*999*20070724
RMR*IK*763720070720*PI*1.4*1.4*0
REF*PO*0020070721
REF*ST*07637
REF*DP*043
DTM*999*20070720
RMR*IK*763720070721*PI*6.5*6.5*0
REF*PO*0020070722
REF*ST*07637
REF*DP*043
DTM*999*20070721
RMR*IK*763720070722*PI*12.45*12.45*0
REF*PO*0020070723
REF*ST*07637
REF*DP*043
DTM*999*20070722
RMR*IK*763720070724*PI*2.8*2.8*0
REF*PO*0020070725
REF*ST*07637
REF*DP*043
DTM*999*20070724
RMR*IK*763720070725*PI*3.85*3.85*0
REF*PO*0020070726
REF*ST*07637
REF*DP*043
DTM*999*20070725
RMR*IK*771820070719*PI*20.65*20.65*0
REF*PO*0020070720
REF*ST*07718
REF*DP*043
DTM*999*20070719
RMR*IK*771820070720*PI*9.5*9.5*0
REF*PO*0020070721
REF*ST*07718
REF*DP*043
DTM*999*20070720
RMR*IK*771820070721*PI*49.25*49.25*0
REF*PO*0020070722
REF*ST*07718
REF*DP*043
DTM*999*20070721
RMR*IK*771820070722*PI*13.25*13.25*0
REF*PO*0020070723
REF*ST*07718
REF*DP*043
DTM*999*20070722
RMR*IK*771820070723*PI*11.2*11.2*0
REF*PO*0020070724
REF*ST*07718
REF*DP*043
DTM*999*20070723
RMR*IK*771820070724*PI*6.7*6.7*0
REF*PO*0020070725
REF*ST*07718
REF*DP*043
DTM*999*20070724
RMR*IK*771820070725*PI*9*9*0
REF*PO*0020070726
REF*ST*07718
REF*DP*043
DTM*999*20070725
RMR*IK*771920070720*PI*3.15*3.15*0
REF*PO*0020070721
REF*ST*07719
REF*DP*043
DTM*999*20070720
RMR*IK*771920070721*PI*2.1*2.1*0
REF*PO*0020070722
REF*ST*07719
REF*DP*043
DTM*999*20070721
RMR*IK*771920070722*PI*.7*.7*0
REF*PO*0020070723
REF*ST*07719
REF*DP*043
DTM*999*20070722
RMR*IK*771920070723*PI*.35*.35*0
REF*PO*0020070724
REF*ST*07719
REF*DP*043
DTM*999*20070723
RMR*IK*771920070724*PI*6.35*6.35*0
REF*PO*0020070725
REF*ST*07719
REF*DP*043
DTM*999*20070724
RMR*IK*771920070725*PI*15.4*15.4*0
REF*PO*0020070726
REF*ST*07719
REF*DP*043
DTM*999*20070725
RMR*IK*921720070721*PI*1.4*1.4*0
REF*PO*0020070722
REF*ST*09217
REF*DP*043
DTM*999*20070721
RMR*IK*921720070722*PI*8.85*8.85*0
REF*PO*0020070723
REF*ST*09217
REF*DP*043
DTM*999*20070722
RMR*IK*921720070723*PI*6*6*0
REF*PO*0020070724
REF*ST*09217
REF*DP*043
DTM*999*20070723
RMR*IK*921720070724*PI*15.7*15.7*0
REF*PO*0020070725
REF*ST*09217
REF*DP*043
DTM*999*20070724
RMR*IK*951320070719*PI*59.95*59.95*0
REF*PO*0020070720
REF*ST*09513
REF*DP*043
DTM*999*20070719
RMR*IK*951320070720*PI*58.45*58.45*0
REF*PO*0020070721
REF*ST*09513
REF*DP*043
DTM*999*20070720
RMR*IK*951320070721*PI*21*21*0
REF*PO*0020070722
REF*ST*09513
REF*DP*043
DTM*999*20070721
RMR*IK*951320070722*PI*40.95*40.95*0
REF*PO*0020070723
REF*ST*09513
REF*DP*043
DTM*999*20070722
RMR*IK*951320070723*PI*.7*.7*0
REF*PO*0020070724
REF*ST*09513
REF*DP*043
DTM*999*20070723
RMR*IK*951320070724*PI*16*16*0
REF*PO*0020070725
REF*ST*09513
REF*DP*043
DTM*999*20070724
RMR*IK*951320070725*PI*2.1*2.1*0
REF*PO*0020070726
REF*ST*09513
REF*DP*043
DTM*999*20070725
RMR*IK*956020070720*PI*33.05*33.05*0
REF*PO*0020070721
REF*ST*09560
REF*DP*043
DTM*999*20070720
RMR*IK*956020070721*PI*16.2*16.2*0
REF*PO*0020070722
REF*ST*09560
REF*DP*043
DTM*999*20070721
RMR*IK*956020070723*PI*3.25*3.25*0
REF*PO*0020070724
REF*ST*09560
REF*DP*043
DTM*999*20070723
RMR*IK*957120070719*PI*3.5*3.5*0
REF*PO*0020070720
REF*ST*09571
REF*DP*043
DTM*999*20070719
RMR*IK*957120070720*PI*3.5*3.5*0
REF*PO*0020070721
REF*ST*09571
REF*DP*043
DTM*999*20070720
RMR*IK*957120070723*PI*.7*.7*0
REF*PO*0020070724
REF*ST*09571
REF*DP*043
DTM*999*20070723
RMR*IK*962020070719*PI*21.8*21.8*0
REF*PO*0020070720
REF*ST*09620
REF*DP*043
DTM*999*20070719
RMR*IK*962020070720*PI*12.65*12.65*0
REF*PO*0020070721
REF*ST*09620
REF*DP*043
DTM*999*20070720
RMR*IK*962020070721*PI*29.45*29.45*0
REF*PO*0020070722
REF*ST*09620
REF*DP*043
DTM*999*20070721
RMR*IK*962020070722*PI*34.7*34.7*0
REF*PO*0020070723
REF*ST*09620
REF*DP*043
DTM*999*20070722
RMR*IK*962020070724*PI*8.6*8.6*0
REF*PO*0020070725
REF*ST*09620
REF*DP*043
DTM*999*20070724
RMR*IK*962120070719*PI*28.5*28.5*0
REF*PO*0020070720
REF*ST*09621
REF*DP*043
DTM*999*20070719
RMR*IK*962120070720*PI*58.7*58.7*0
REF*PO*0020070721
REF*ST*09621
REF*DP*043
DTM*999*20070720
RMR*IK*962120070721*PI*183.3*183.3*0
REF*PO*0020070722
REF*ST*09621
REF*DP*043
DTM*999*20070721
RMR*IK*962120070722*PI*34.75*34.75*0
REF*PO*0020070723
REF*ST*09621
REF*DP*043
DTM*999*20070722
RMR*IK*962120070723*PI*31.3*31.3*0
REF*PO*0020070724
REF*ST*09621
REF*DP*043
DTM*999*20070723
RMR*IK*962120070724*PI*30.15*30.15*0
REF*PO*0020070725
REF*ST*09621
REF*DP*043
DTM*999*20070724
RMR*IK*962120070725*PI*16.3*16.3*0
REF*PO*0020070726
REF*ST*09621
REF*DP*043
DTM*999*20070725
RMR*IK*962220070719*PI*.7*.7*0
REF*PO*0020070720
REF*ST*09622
REF*DP*043
DTM*999*20070719
RMR*IK*962220070723*PI*4.4*4.4*0
REF*PO*0020070724
REF*ST*09622
REF*DP*043
DTM*999*20070723
RMR*IK*962520070719*PI*7.7*7.7*0
REF*PO*0020070720
REF*ST*09625
REF*DP*043
DTM*999*20070719
RMR*IK*962520070720*PI*.7*.7*0
REF*PO*0020070721
REF*ST*09625
REF*DP*043
DTM*999*20070720
RMR*IK*962520070721*PI*3.85*3.85*0
REF*PO*0020070722
REF*ST*09625
REF*DP*043
DTM*999*20070721
RMR*IK*962520070722*PI*1.05*1.05*0
REF*PO*0020070723
REF*ST*09625
REF*DP*043
DTM*999*20070722
RMR*IK*962520070724*PI*1.75*1.75*0
REF*PO*0020070725
REF*ST*09625
REF*DP*043
DTM*999*20070724
RMR*IK*962920070719*PI*13.25*13.25*0
REF*PO*0020070720
REF*ST*09629
REF*DP*043
DTM*999*20070719
RMR*IK*962920070720*PI*38.8*38.8*0
REF*PO*0020070721
REF*ST*09629
REF*DP*043
DTM*999*20070720
RMR*IK*962920070721*PI*4.25*4.25*0
REF*PO*0020070722
REF*ST*09629
REF*DP*043
DTM*999*20070721
RMR*IK*962920070722*PI*6.75*6.75*0
REF*PO*0020070723
REF*ST*09629
REF*DP*043
DTM*999*20070722
RMR*IK*962920070723*PI*13.9*13.9*0
REF*PO*0020070724
REF*ST*09629
REF*DP*043
DTM*999*20070723
RMR*IK*962920070724*PI*3.25*3.25*0
REF*PO*0020070725
REF*ST*09629
REF*DP*043
DTM*999*20070724
RMR*IK*962920070725*PI*5.6*5.6*0
REF*PO*0020070726
REF*ST*09629
REF*DP*043
DTM*999*20070725
RMR*IK*963320070719*PI*68*68*0
REF*PO*0020070720
REF*ST*09633
REF*DP*043
DTM*999*20070719
RMR*IK*963320070720*PI*76.9*76.9*0
REF*PO*0020070721
REF*ST*09633
REF*DP*043
DTM*999*20070720
RMR*IK*963320070721*PI*136.6*136.6*0
REF*PO*0020070722
REF*ST*09633
REF*DP*043
DTM*999*20070721
RMR*IK*963320070722*PI*117.3*117.3*0
REF*PO*0020070723
REF*ST*09633
REF*DP*043
DTM*999*20070722
RMR*IK*963320070723*PI*73*73*0
REF*PO*0020070724
REF*ST*09633
REF*DP*043
DTM*999*20070723
RMR*IK*963320070724*PI*42.95*42.95*0
REF*PO*0020070725
REF*ST*09633
REF*DP*043
DTM*999*20070724
RMR*IK*963320070725*PI*17.25*17.25*0
REF*PO*0020070726
REF*ST*09633
REF*DP*043
DTM*999*20070725
RMR*IK*963920070719*PI*1.05*1.05*0
REF*PO*0020070720
REF*ST*09639
REF*DP*043
DTM*999*20070719
RMR*IK*963920070720*PI*1.05*1.05*0
REF*PO*0020070721
REF*ST*09639
REF*DP*043
DTM*999*20070720
RMR*IK*963920070721*PI*9.1*9.1*0
REF*PO*0020070722
REF*ST*09639
REF*DP*043
DTM*999*20070721
RMR*IK*963920070722*PI*11.2*11.2*0
REF*PO*0020070723
REF*ST*09639
REF*DP*043
DTM*999*20070722
RMR*IK*963920070725*PI*7.4*7.4*0
REF*PO*0020070726
REF*ST*09639
REF*DP*043
DTM*999*20070725
RMR*IK*964820070719*PI*36.75*36.75*0
REF*PO*0020070720
REF*ST*09648
REF*DP*043
DTM*999*20070719
RMR*IK*964820070720*PI*10.3*10.3*0
REF*PO*0020070721
REF*ST*09648
REF*DP*043
DTM*999*20070720
RMR*IK*964820070721*PI*68.25*68.25*0
REF*PO*0020070722
REF*ST*09648
REF*DP*043
DTM*999*20070721
RMR*IK*964820070722*PI*5.8*5.8*0
REF*PO*0020070723
REF*ST*09648
REF*DP*043
DTM*999*20070722
RMR*IK*964820070723*PI*8.8*8.8*0
REF*PO*0020070724
REF*ST*09648
REF*DP*043
DTM*999*20070723
RMR*IK*964820070724*PI*43.1*43.1*0
REF*PO*0020070725
REF*ST*09648
REF*DP*043
DTM*999*20070724
RMR*IK*964820070725*PI*9.8*9.8*0
REF*PO*0020070726
REF*ST*09648
REF*DP*043
DTM*999*20070725
RMR*IK*967420070719*PI*54.55*54.55*0
REF*PO*0020070720
REF*ST*09674
REF*DP*043
DTM*999*20070719
RMR*IK*967420070720*PI*57.6*57.6*0
REF*PO*0020070721
REF*ST*09674
REF*DP*043
DTM*999*20070720
RMR*IK*967420070721*PI*39.2*39.2*0
REF*PO*0020070722
REF*ST*09674
REF*DP*043
DTM*999*20070721
RMR*IK*967420070722*PI*67.55*67.55*0
REF*PO*0020070723
REF*ST*09674
REF*DP*043
DTM*999*20070722
RMR*IK*967420070723*PI*29.85*29.85*0
REF*PO*0020070724
REF*ST*09674
REF*DP*043
DTM*999*20070723
RMR*IK*967420070724*PI*48*48*0
REF*PO*0020070725
REF*ST*09674
REF*DP*043
DTM*999*20070724
RMR*IK*967420070725*PI*8.5*8.5*0
REF*PO*0020070726
REF*ST*09674
REF*DP*043
DTM*999*20070725
RMR*IK*972820070720*PI*2.8*2.8*0
REF*PO*0020070721
REF*ST*09728
REF*DP*043
DTM*999*20070720
RMR*IK*972820070721*PI*13.7*13.7*0
REF*PO*0020070722
REF*ST*09728
REF*DP*043
DTM*999*20070721
RMR*IK*972820070722*PI*2.1*2.1*0
REF*PO*0020070723
REF*ST*09728
REF*DP*043
DTM*999*20070722
RMR*IK*973520070719*PI*3.5*3.5*0
REF*PO*0020070720
REF*ST*09735
REF*DP*043
DTM*999*20070719
RMR*IK*973520070720*PI*.35*.35*0
REF*PO*0020070721
REF*ST*09735
REF*DP*043
DTM*999*20070720
RMR*IK*973520070721*PI*4.65*4.65*0
REF*PO*0020070722
REF*ST*09735
REF*DP*043
DTM*999*20070721
RMR*IK*973520070723*PI*3.25*3.25*0
REF*PO*0020070724
REF*ST*09735
REF*DP*043
DTM*999*20070723
RMR*IK*973520070724*PI*6.1*6.1*0
REF*PO*0020070725
REF*ST*09735
REF*DP*043
DTM*999*20070724
RMR*IK*975820070719*PI*87.45*87.45*0
REF*PO*0020070720
REF*ST*09758
REF*DP*043
DTM*999*20070719
RMR*IK*975820070720*PI*115.55*115.55*0
REF*PO*0020070721
REF*ST*09758
REF*DP*043
DTM*999*20070720
RMR*IK*975820070721*PI*148.85*148.85*0
REF*PO*0020070722
REF*ST*09758
REF*DP*043
DTM*999*20070721
RMR*IK*975820070722*PI*117.9*117.9*0
REF*PO*0020070723
REF*ST*09758
REF*DP*043
DTM*999*20070722
RMR*IK*975820070723*PI*115.3*115.3*0
REF*PO*0020070724
REF*ST*09758
REF*DP*043
DTM*999*20070723
RMR*IK*975820070724*PI*56.05*56.05*0
REF*PO*0020070725
REF*ST*09758
REF*DP*043
DTM*999*20070724
RMR*IK*975820070725*PI*13*13*0
REF*PO*0020070726
REF*ST*09758
REF*DP*043
DTM*999*20070725
SE*2884*0001
GE*1*1000082
IEA*1*001000082
ISA*00*          *00*          *08*9254291001     *12*6154525825     *070821*0420*U*00400*000000115*0*P*>
GS*PD*9254291001*6154525825*20070821*0420*115*X*004010
ST*852*0001
XQ*H*20070821
N9*AD*T00000040
LIN**IN*025397611*ZZ*43*UP*831664001245*****DG*1*VS*00000
ZA*QS***006*20070820
CTP**UCP*3
SDQ*EA*ZZ*4719*1*7610*2
CTT*1
SE*9*0001
ST*852*0002
XQ*H*20070821
N9*AD*T00000040
LIN**IN*096901811*ZZ*43*UP*831664001122*****DG*1*VS*00000
ZA*QS***006*20070820
CTP**UCP*3
SDQ*EA*ZZ*3703*3
CTT*1
SE*9*0002
ST*852*0003
XQ*H*20070821
N9*AD*T00000040
LIN**IN*097065711*ZZ*43*UP*831664000842*****DG*1*VS*00000
ZA*QS***006*20070820
CTP**UCP*5.25
SDQ*EA*ZZ*3410*2*3672*1*3991*2
CTT*1
SE*9*0003
ST*852*0004
XQ*H*20070821
N9*AD*T00000040
LIN**IN*097095711*ZZ*43*UP*831664000255*****DG*4*VS*00000
ZA*QS***006*20070820
CTP**UCP*.85
SDQ*EA*ZZ*9217*7
CTT*1
SE*9*0004
ST*852*0005
XQ*H*20070821
N9*AD*T00000040
LIN**IN*097096111*ZZ*43*UP*831664000330*****DG*1*VS*00000
ZA*QS***006*20070820
CTP**UCP*1.95
SDQ*EA*ZZ*3713*9*4717*2*4719*2*7718*1
LIN**IN*097096111*ZZ*43*UP*831664000330*****DG*4*VS*00000
ZA*QS***006*20070820
CTP**UCP*1.95
SDQ*EA*ZZ*7637*3
CTT*2
SE*13*0005
ST*852*0006
XQ*H*20070821
N9*AD*T00000040
LIN**IN*097096411*ZZ*43*UP*831664000453*****DG*5*VS*00000
ZA*QS***006*20070820
CTP**UCP*3
SDQ*EA*ZZ*3084*-1
CTT*1
SE*9*0006
ST*852*0007
XQ*H*20070821
N9*AD*T00000040
LIN**IN*097096511*ZZ*43*UP*831664000460*****DG*1*VS*00000
ZA*QS***006*20070820
CTP**UCP*3
SDQ*EA*ZZ*3996*2
LIN**IN*097096511*ZZ*43*UP*831664000460*****DG*5*VS*00000
ZA*QS***006*20070820
CTP**UCP*3
SDQ*EA*ZZ*3084*-1
CTT*2
SE*13*0007
ST*852*0008
XQ*H*20070821
N9*AD*T00000040
LIN**IN*097096711*ZZ*43*UP*831664000484*****DG*1*VS*00000
ZA*QS***006*20070820
CTP**UCP*3.25
SDQ*EA*ZZ*4071*1
LIN**IN*097096711*ZZ*43*UP*831664000484*****DG*9*VS*00000
ZA*QS***006*20070820
CTP**UCP*3.25
SDQ*EA*ZZ*3713*2
CTT*2
SE*13*0008
ST*852*0009
XQ*H*20070821
N9*AD*T00000040
LIN**IN*097097011*ZZ*43*UP*831664000859*****DG*1*VS*00000
ZA*QS***006*20070820
CTP**UCP*2.55
SDQ*EA*ZZ*4717*1
CTT*1
SE*9*0009
ST*852*0010
XQ*H*20070821
N9*AD*T00000040
LIN**IN*097097611*ZZ*43*UP*831664000514*****DG*1*VS*00000
ZA*QS***006*20070820
CTP**UCP*1.4
SDQ*EA*ZZ*4717*5
CTT*1
SE*9*0010
GE*10*115
IEA*1*000000115
*** SUPERTRACS READY FOR INPUT
