ISA*00*          *00*          *09*006985290EFT   *12*6154525825     *070216*2203*U*00400*001000061*0*P*>
GS*RA*006985290EFT*6154525825*20070216*2203*1000061*X*004010
ST*820*0001
BPR*I*7.6*C*ACH*CCP*01*021000018*DA*0300955622*9008965873**01*064102601*DA*3000289*20070220*VEN
TRN*3*770212559*9008965873
DTM*097*20070216
N1*PR*KMART CORPORATION*1*008965873
N1*PE*YOUNGS FARMS*92*00069099588
N1*SE*YOUNGS FARMS*92*00069099588
ENT*1
RMR*IK*964820070121*PI*2*2*0
REF*PO*0020070122
REF*ST*09648
REF*DP*043
DTM*999*20070121
RMR*IK*972820070121*PI*5.6*5.6*0
REF*PO*0020070122
REF*ST*09728
REF*DP*043
DTM*999*20070121
SE*19*0001
GE*1*1000061
IEA*1*001000061
*** SUPERTRACS READY FOR INPUT
