ISA*00*          *00*          *09*006985290EFT   *12*6154525825     *060728*2301*U*00400*001000032*0*P*>
GS*RA*006985290EFT*6154525825*20060728*2301*1000032*X*004010
ST*820*0001
BPR*I*38999.55*C*ACH*CCP*01*021000018*DA*0300955622*9008965873**01*064102601*DA*3000289*20060801*VEN
TRN*3*770184961*9008965873
DTM*097*20060728
N1*PR*KMART CORPORATION*1*008965873
N1*PE*YOUNGS FARMS*92*00069099588
N1*SE*YOUNGS FARMS*92*00069099588
ENT*1
RMR*IK*306320060629*PI*5.85*5.85*0
REF*PO*0020060630
REF*ST*03063
REF*DP*043
DTM*999*20060629
RMR*IK*306320060630*PI*9.1*9.1*0
REF*PO*0020060701
REF*ST*03063
REF*DP*043
DTM*999*20060630
RMR*IK*306320060701*PI*10*10*0
REF*PO*0020060702
REF*ST*03063
REF*DP*043
DTM*999*20060701
RMR*IK*306320060702*PI*2.25*2.25*0
REF*PO*0020060703
REF*ST*03063
REF*DP*043
DTM*999*20060702
RMR*IK*306320060703*PI*6.15*6.15*0
REF*PO*0020060704
REF*ST*03063
REF*DP*043
DTM*999*20060703
RMR*IK*306320060704*PI*.35*.35*0
REF*PO*0020060705
REF*ST*03063
REF*DP*043
DTM*999*20060704
RMR*IK*306320060705*PI*18.7*18.7*0
REF*PO*0020060706
REF*ST*03063
REF*DP*043
DTM*999*20060705
RMR*IK*308220060630*PI*28.25*28.25*0
REF*PO*0020060701
REF*ST*03082
REF*DP*043
DTM*999*20060630
RMR*IK*308220060701*PI*4.5*4.5*0
REF*PO*0020060702
REF*ST*03082
REF*DP*043
DTM*999*20060701
RMR*IK*308220060702*PI*1.05*1.05*0
REF*PO*0020060703
REF*ST*03082
REF*DP*043
DTM*999*20060702
RMR*IK*308220060703*PI*9.1*9.1*0
REF*PO*0020060704
REF*ST*03082
REF*DP*043
DTM*999*20060703
RMR*IK*308220060704*PI*8.55*8.55*0
REF*PO*0020060705
REF*ST*03082
REF*DP*043
DTM*999*20060704
RMR*IK*308220060705*PI*6.5*6.5*0
REF*PO*0020060706
REF*ST*03082
REF*DP*043
DTM*999*20060705
RMR*IK*308320060629*PI*35.35*35.35*0
REF*PO*0020060630
REF*ST*03083
REF*DP*043
DTM*999*20060629
RMR*IK*308320060630*PI*2*2*0
REF*PO*0020060701
REF*ST*03083
REF*DP*043
DTM*999*20060630
RMR*IK*308320060701*PI*2.85*2.85*0
REF*PO*0020060702
REF*ST*03083
REF*DP*043
DTM*999*20060701
RMR*IK*308320060704*PI*.95*.95*0
REF*PO*0020060705
REF*ST*03083
REF*DP*043
DTM*999*20060704
RMR*IK*308420060629*PI*41.05*41.05*0
REF*PO*0020060630
REF*ST*03084
REF*DP*043
DTM*999*20060629
RMR*IK*308420060630*PI*66.65*66.65*0
REF*PO*0020060701
REF*ST*03084
REF*DP*043
DTM*999*20060630
RMR*IK*308420060701*PI*26.25*26.25*0
REF*PO*0020060702
REF*ST*03084
REF*DP*043
DTM*999*20060701
RMR*IK*308420060702*PI*15.55*15.55*0
REF*PO*0020060703
REF*ST*03084
REF*DP*043
DTM*999*20060702
RMR*IK*308420060703*PI*28.6*28.6*0
REF*PO*0020060704
REF*ST*03084
REF*DP*043
DTM*999*20060703
RMR*IK*308420060704*PI*15.6*15.6*0
REF*PO*0020060705
REF*ST*03084
REF*DP*043
DTM*999*20060704
RMR*IK*308420060705*PI*4.75*4.75*0
REF*PO*0020060706
REF*ST*03084
REF*DP*043
DTM*999*20060705
RMR*IK*310320060629*PI*75.5*75.5*0
REF*PO*0020060630
REF*ST*03103
REF*DP*043
DTM*999*20060629
RMR*IK*310320060630*PI*43.05*43.05*0
REF*PO*0020060701
REF*ST*03103
REF*DP*043
DTM*999*20060630
RMR*IK*310320060701*PI*37.35*37.35*0
REF*PO*0020060702
REF*ST*03103
REF*DP*043
DTM*999*20060701
RMR*IK*310320060702*PI*56.05*56.05*0
REF*PO*0020060703
REF*ST*03103
REF*DP*043
DTM*999*20060702
RMR*IK*310320060703*PI*60.95*60.95*0
REF*PO*0020060704
REF*ST*03103
REF*DP*043
DTM*999*20060703
RMR*IK*310320060704*PI*10.8*10.8*0
REF*PO*0020060705
REF*ST*03103
REF*DP*043
DTM*999*20060704
RMR*IK*310320060705*PI*16.95*16.95*0
REF*PO*0020060706
REF*ST*03103
REF*DP*043
DTM*999*20060705
RMR*IK*314320060629*PI*42.8*42.8*0
REF*PO*0020060630
REF*ST*03143
REF*DP*043
DTM*999*20060629
RMR*IK*314320060630*PI*40.8*40.8*0
REF*PO*0020060701
REF*ST*03143
REF*DP*043
DTM*999*20060630
RMR*IK*314320060701*PI*29.45*29.45*0
REF*PO*0020060702
REF*ST*03143
REF*DP*043
DTM*999*20060701
RMR*IK*314320060702*PI*15.8*15.8*0
REF*PO*0020060703
REF*ST*03143
REF*DP*043
DTM*999*20060702
RMR*IK*314320060703*PI*11.4*11.4*0
REF*PO*0020060704
REF*ST*03143
REF*DP*043
DTM*999*20060703
RMR*IK*314320060704*PI*1.05*1.05*0
REF*PO*0020060705
REF*ST*03143
REF*DP*043
DTM*999*20060704
RMR*IK*314320060705*PI*21.05*21.05*0
REF*PO*0020060706
REF*ST*03143
REF*DP*043
DTM*999*20060705
RMR*IK*319420060629*PI*11.95*11.95*0
REF*PO*0020060630
REF*ST*03194
REF*DP*043
DTM*999*20060629
RMR*IK*319420060630*PI*.35*.35*0
REF*PO*0020060701
REF*ST*03194
REF*DP*043
DTM*999*20060630
RMR*IK*319420060701*PI*13.2*13.2*0
REF*PO*0020060702
REF*ST*03194
REF*DP*043
DTM*999*20060701
RMR*IK*321920060701*PI*4.75*4.75*0
REF*PO*0020060702
REF*ST*03219
REF*DP*043
DTM*999*20060701
RMR*IK*321920060705*PI*11.4*11.4*0
REF*PO*0020060706
REF*ST*03219
REF*DP*043
DTM*999*20060705
RMR*IK*322320060630*PI*18.8*18.8*0
REF*PO*0020060701
REF*ST*03223
REF*DP*043
DTM*999*20060630
RMR*IK*322320060702*PI*25*25*0
REF*PO*0020060703
REF*ST*03223
REF*DP*043
DTM*999*20060702
RMR*IK*322320060704*PI*20*20*0
REF*PO*0020060705
REF*ST*03223
REF*DP*043
DTM*999*20060704
RMR*IK*322320060705*PI*36.9*36.9*0
REF*PO*0020060706
REF*ST*03223
REF*DP*043
DTM*999*20060705
RMR*IK*328920060630*PI*9.8*9.8*0
REF*PO*0020060701
REF*ST*03289
REF*DP*043
DTM*999*20060630
RMR*IK*328920060701*PI*11.55*11.55*0
REF*PO*0020060702
REF*ST*03289
REF*DP*043
DTM*999*20060701
RMR*IK*328920060702*PI*5*5*0
REF*PO*0020060703
REF*ST*03289
REF*DP*043
DTM*999*20060702
RMR*IK*328920060704*PI*18.2*18.2*0
REF*PO*0020060705
REF*ST*03289
REF*DP*043
DTM*999*20060704
RMR*IK*328920060705*PI*2.25*2.25*0
REF*PO*0020060706
REF*ST*03289
REF*DP*043
DTM*999*20060705
RMR*IK*334820060629*PI*31.2*31.2*0
REF*PO*0020060630
REF*ST*03348
REF*DP*043
DTM*999*20060629
RMR*IK*334820060630*PI*27.8*27.8*0
REF*PO*0020060701
REF*ST*03348
REF*DP*043
DTM*999*20060630
RMR*IK*334820060701*PI*53.6*53.6*0
REF*PO*0020060702
REF*ST*03348
REF*DP*043
DTM*999*20060701
RMR*IK*334820060702*PI*26.1*26.1*0
REF*PO*0020060703
REF*ST*03348
REF*DP*043
DTM*999*20060702
RMR*IK*334820060703*PI*29.6*29.6*0
REF*PO*0020060704
REF*ST*03348
REF*DP*043
DTM*999*20060703
RMR*IK*334820060704*PI*.95*.95*0
REF*PO*0020060705
REF*ST*03348
REF*DP*043
DTM*999*20060704
RMR*IK*334820060705*PI*5.1*5.1*0
REF*PO*0020060706
REF*ST*03348
REF*DP*043
DTM*999*20060705
RMR*IK*335520060701*PI*3*3*0
REF*PO*0020060702
REF*ST*03355
REF*DP*043
DTM*999*20060701
RMR*IK*335520060726*PI*-3.5*-3.5*0
REF*PO*0020060727
REF*ST*03355
REF*DP*043
DTM*999*20060726
RMR*IK*335920060629*PI*1.05*1.05*0
REF*PO*0020060630
REF*ST*03359
REF*DP*043
DTM*999*20060629
RMR*IK*335920060630*PI*9.9*9.9*0
REF*PO*0020060701
REF*ST*03359
REF*DP*043
DTM*999*20060630
RMR*IK*335920060701*PI*20.45*20.45*0
REF*PO*0020060702
REF*ST*03359
REF*DP*043
DTM*999*20060701
RMR*IK*335920060702*PI*3.5*3.5*0
REF*PO*0020060703
REF*ST*03359
REF*DP*043
DTM*999*20060702
RMR*IK*335920060704*PI*16*16*0
REF*PO*0020060705
REF*ST*03359
REF*DP*043
DTM*999*20060704
RMR*IK*335920060705*PI*4.25*4.25*0
REF*PO*0020060706
REF*ST*03359
REF*DP*043
DTM*999*20060705
RMR*IK*340820060629*PI*14.35*14.35*0
REF*PO*0020060630
REF*ST*03408
REF*DP*043
DTM*999*20060629
RMR*IK*340820060630*PI*21.65*21.65*0
REF*PO*0020060701
REF*ST*03408
REF*DP*043
DTM*999*20060630
RMR*IK*340820060701*PI*24.95*24.95*0
REF*PO*0020060702
REF*ST*03408
REF*DP*043
DTM*999*20060701
RMR*IK*340820060702*PI*31.75*31.75*0
REF*PO*0020060703
REF*ST*03408
REF*DP*043
DTM*999*20060702
RMR*IK*340820060703*PI*35.05*35.05*0
REF*PO*0020060704
REF*ST*03408
REF*DP*043
DTM*999*20060703
RMR*IK*340820060704*PI*14.55*14.55*0
REF*PO*0020060705
REF*ST*03408
REF*DP*043
DTM*999*20060704
RMR*IK*340820060705*PI*4.75*4.75*0
REF*PO*0020060706
REF*ST*03408
REF*DP*043
DTM*999*20060705
RMR*IK*360220060629*PI*6.95*6.95*0
REF*PO*0020060630
REF*ST*03602
REF*DP*043
DTM*999*20060629
RMR*IK*360220060630*PI*1.75*1.75*0
REF*PO*0020060701
REF*ST*03602
REF*DP*043
DTM*999*20060630
RMR*IK*360220060703*PI*3*3*0
REF*PO*0020060704
REF*ST*03602
REF*DP*043
DTM*999*20060703
RMR*IK*364420060629*PI*238.45*238.45*0
REF*PO*0020060630
REF*ST*03644
REF*DP*043
DTM*999*20060629
RMR*IK*364420060630*PI*258.85*258.85*0
REF*PO*0020060701
REF*ST*03644
REF*DP*043
DTM*999*20060630
RMR*IK*364420060701*PI*307.6*307.6*0
REF*PO*0020060702
REF*ST*03644
REF*DP*043
DTM*999*20060701
RMR*IK*364420060702*PI*217.85*217.85*0
REF*PO*0020060703
REF*ST*03644
REF*DP*043
DTM*999*20060702
RMR*IK*364420060703*PI*217.5*217.5*0
REF*PO*0020060704
REF*ST*03644
REF*DP*043
DTM*999*20060703
RMR*IK*364420060704*PI*192.15*192.15*0
REF*PO*0020060705
REF*ST*03644
REF*DP*043
DTM*999*20060704
RMR*IK*364420060705*PI*99.7*99.7*0
REF*PO*0020060706
REF*ST*03644
REF*DP*043
DTM*999*20060705
RMR*IK*364620060629*PI*113.35*113.35*0
REF*PO*0020060630
REF*ST*03646
REF*DP*043
DTM*999*20060629
RMR*IK*364620060630*PI*151.25*151.25*0
REF*PO*0020060701
REF*ST*03646
REF*DP*043
DTM*999*20060630
RMR*IK*364620060701*PI*282.3*282.3*0
REF*PO*0020060702
REF*ST*03646
REF*DP*043
DTM*999*20060701
RMR*IK*364620060702*PI*153.4*153.4*0
REF*PO*0020060703
REF*ST*03646
REF*DP*043
DTM*999*20060702
RMR*IK*364620060703*PI*112.15*112.15*0
REF*PO*0020060704
REF*ST*03646
REF*DP*043
DTM*999*20060703
RMR*IK*364620060704*PI*523.8*523.8*0
REF*PO*0020060705
REF*ST*03646
REF*DP*043
DTM*999*20060704
RMR*IK*364620060705*PI*447.05*447.05*0
REF*PO*0020060706
REF*ST*03646
REF*DP*043
DTM*999*20060705
RMR*IK*366020060629*PI*2.1*2.1*0
REF*PO*0020060630
REF*ST*03660
REF*DP*043
DTM*999*20060629
RMR*IK*366020060630*PI*12.05*12.05*0
REF*PO*0020060701
REF*ST*03660
REF*DP*043
DTM*999*20060630
RMR*IK*366020060701*PI*21.5*21.5*0
REF*PO*0020060702
REF*ST*03660
REF*DP*043
DTM*999*20060701
RMR*IK*366020060702*PI*7.85*7.85*0
REF*PO*0020060703
REF*ST*03660
REF*DP*043
DTM*999*20060702
RMR*IK*366020060703*PI*6.9*6.9*0
REF*PO*0020060704
REF*ST*03660
REF*DP*043
DTM*999*20060703
RMR*IK*366020060704*PI*12.7*12.7*0
REF*PO*0020060705
REF*ST*03660
REF*DP*043
DTM*999*20060704
RMR*IK*366020060705*PI*10.75*10.75*0
REF*PO*0020060706
REF*ST*03660
REF*DP*043
DTM*999*20060705
RMR*IK*366120060629*PI*17.95*17.95*0
REF*PO*0020060630
REF*ST*03661
REF*DP*043
DTM*999*20060629
RMR*IK*366120060630*PI*6.95*6.95*0
REF*PO*0020060701
REF*ST*03661
REF*DP*043
DTM*999*20060630
RMR*IK*366120060701*PI*6.4*6.4*0
REF*PO*0020060702
REF*ST*03661
REF*DP*043
DTM*999*20060701
RMR*IK*366120060702*PI*9.2*9.2*0
REF*PO*0020060703
REF*ST*03661
REF*DP*043
DTM*999*20060702
RMR*IK*366120060703*PI*2.6*2.6*0
REF*PO*0020060704
REF*ST*03661
REF*DP*043
DTM*999*20060703
RMR*IK*366120060704*PI*2.85*2.85*0
REF*PO*0020060705
REF*ST*03661
REF*DP*043
DTM*999*20060704
RMR*IK*367220060629*PI*13.4*13.4*0
REF*PO*0020060630
REF*ST*03672
REF*DP*043
DTM*999*20060629
RMR*IK*367220060630*PI*10.55*10.55*0
REF*PO*0020060701
REF*ST*03672
REF*DP*043
DTM*999*20060630
RMR*IK*367220060701*PI*10.2*10.2*0
REF*PO*0020060702
REF*ST*03672
REF*DP*043
DTM*999*20060701
RMR*IK*367220060702*PI*14.7*14.7*0
REF*PO*0020060703
REF*ST*03672
REF*DP*043
DTM*999*20060702
RMR*IK*367220060703*PI*6.65*6.65*0
REF*PO*0020060704
REF*ST*03672
REF*DP*043
DTM*999*20060703
RMR*IK*367220060704*PI*1.4*1.4*0
REF*PO*0020060705
REF*ST*03672
REF*DP*043
DTM*999*20060704
RMR*IK*367220060705*PI*7.85*7.85*0
REF*PO*0020060706
REF*ST*03672
REF*DP*043
DTM*999*20060705
RMR*IK*367520060629*PI*6*6*0
REF*PO*0020060630
REF*ST*03675
REF*DP*043
DTM*999*20060629
RMR*IK*367520060630*PI*33*33*0
REF*PO*0020060701
REF*ST*03675
REF*DP*043
DTM*999*20060630
RMR*IK*367520060701*PI*5*5*0
REF*PO*0020060702
REF*ST*03675
REF*DP*043
DTM*999*20060701
RMR*IK*367520060702*PI*15*15*0
REF*PO*0020060703
REF*ST*03675
REF*DP*043
DTM*999*20060702
RMR*IK*367520060704*PI*10.95*10.95*0
REF*PO*0020060705
REF*ST*03675
REF*DP*043
DTM*999*20060704
RMR*IK*367520060705*PI*9.9*9.9*0
REF*PO*0020060706
REF*ST*03675
REF*DP*043
DTM*999*20060705
RMR*IK*368520060629*PI*26.1*26.1*0
REF*PO*0020060630
REF*ST*03685
REF*DP*043
DTM*999*20060629
RMR*IK*368520060630*PI*24.5*24.5*0
REF*PO*0020060701
REF*ST*03685
REF*DP*043
DTM*999*20060630
RMR*IK*368520060701*PI*65.25*65.25*0
REF*PO*0020060702
REF*ST*03685
REF*DP*043
DTM*999*20060701
RMR*IK*368520060702*PI*45.6*45.6*0
REF*PO*0020060703
REF*ST*03685
REF*DP*043
DTM*999*20060702
RMR*IK*368520060703*PI*8.8*8.8*0
REF*PO*0020060705
REF*ST*03685
REF*DP*043
DTM*999*20060703
RMR*IK*368520060703*PI*8.25*8.25*0
REF*PO*0020060704
REF*ST*03685
REF*DP*043
DTM*999*20060703
RMR*IK*368520060704*PI*7.7*7.7*0
REF*PO*0020060705
REF*ST*03685
REF*DP*043
DTM*999*20060704
RMR*IK*368520060705*PI*10.9*10.9*0
REF*PO*0020060706
REF*ST*03685
REF*DP*043
DTM*999*20060705
RMR*IK*370120060629*PI*.35*.35*0
REF*PO*0020060630
REF*ST*03701
REF*DP*043
DTM*999*20060629
RMR*IK*370120060630*PI*.95*.95*0
REF*PO*0020060701
REF*ST*03701
REF*DP*043
DTM*999*20060630
RMR*IK*370120060701*PI*6.15*6.15*0
REF*PO*0020060702
REF*ST*03701
REF*DP*043
DTM*999*20060701
RMR*IK*370120060702*PI*7*7*0
REF*PO*0020060703
REF*ST*03701
REF*DP*043
DTM*999*20060702
RMR*IK*370120060703*PI*1.4*1.4*0
REF*PO*0020060704
REF*ST*03701
REF*DP*043
DTM*999*20060703
RMR*IK*370120060704*PI*.35*.35*0
REF*PO*0020060705
REF*ST*03701
REF*DP*043
DTM*999*20060704
RMR*IK*370320060629*PI*95.65*95.65*0
REF*PO*0020060630
REF*ST*03703
REF*DP*043
DTM*999*20060629
RMR*IK*370320060630*PI*87.5*87.5*0
REF*PO*0020060701
REF*ST*03703
REF*DP*043
DTM*999*20060630
RMR*IK*370320060701*PI*104.05*104.05*0
REF*PO*0020060702
REF*ST*03703
REF*DP*043
DTM*999*20060701
RMR*IK*370320060702*PI*36.55*36.55*0
REF*PO*0020060703
REF*ST*03703
REF*DP*043
DTM*999*20060702
RMR*IK*370320060703*PI*41.9*41.9*0
REF*PO*0020060704
REF*ST*03703
REF*DP*043
DTM*999*20060703
RMR*IK*370320060704*PI*60.6*60.6*0
REF*PO*0020060705
REF*ST*03703
REF*DP*043
DTM*999*20060704
RMR*IK*370320060705*PI*18.5*18.5*0
REF*PO*0020060706
REF*ST*03703
REF*DP*043
DTM*999*20060705
RMR*IK*371320060629*PI*6.95*6.95*0
REF*PO*0020060630
REF*ST*03713
REF*DP*043
DTM*999*20060629
RMR*IK*371320060630*PI*3*3*0
REF*PO*0020060701
REF*ST*03713
REF*DP*043
DTM*999*20060630
RMR*IK*371320060703*PI*6.85*6.85*0
REF*PO*0020060704
REF*ST*03713
REF*DP*043
DTM*999*20060703
RMR*IK*371320060704*PI*22*22*0
REF*PO*0020060705
REF*ST*03713
REF*DP*043
DTM*999*20060704
RMR*IK*371320060705*PI*3.7*3.7*0
REF*PO*0020060706
REF*ST*03713
REF*DP*043
DTM*999*20060705
RMR*IK*371520060629*PI*160*160*0
REF*PO*0020060630
REF*ST*03715
REF*DP*043
DTM*999*20060629
RMR*IK*371520060630*PI*198.85*198.85*0
REF*PO*0020060701
REF*ST*03715
REF*DP*043
DTM*999*20060630
RMR*IK*371520060701*PI*143.35*143.35*0
REF*PO*0020060702
REF*ST*03715
REF*DP*043
DTM*999*20060701
RMR*IK*371520060702*PI*119.6*119.6*0
REF*PO*0020060703
REF*ST*03715
REF*DP*043
DTM*999*20060702
RMR*IK*371520060703*PI*54.8*54.8*0
REF*PO*0020060704
REF*ST*03715
REF*DP*043
DTM*999*20060703
RMR*IK*371520060704*PI*91.25*91.25*0
REF*PO*0020060705
REF*ST*03715
REF*DP*043
DTM*999*20060704
RMR*IK*371520060705*PI*60.15*60.15*0
REF*PO*0020060706
REF*ST*03715
REF*DP*043
DTM*999*20060705
RMR*IK*382220060629*PI*62.6*62.6*0
REF*PO*0020060630
REF*ST*03822
REF*DP*043
DTM*999*20060629
RMR*IK*382220060630*PI*190.8*190.8*0
REF*PO*0020060701
REF*ST*03822
REF*DP*043
DTM*999*20060630
RMR*IK*382220060701*PI*95.95*95.95*0
REF*PO*0020060702
REF*ST*03822
REF*DP*043
DTM*999*20060701
RMR*IK*382220060702*PI*72.2*72.2*0
REF*PO*0020060703
REF*ST*03822
REF*DP*043
DTM*999*20060702
RMR*IK*382220060703*PI*110.15*110.15*0
REF*PO*0020060704
REF*ST*03822
REF*DP*043
DTM*999*20060703
RMR*IK*382220060704*PI*35.5*35.5*0
REF*PO*0020060705
REF*ST*03822
REF*DP*043
DTM*999*20060704
RMR*IK*382220060705*PI*40.3*40.3*0
REF*PO*0020060706
REF*ST*03822
REF*DP*043
DTM*999*20060705
RMR*IK*383620060629*PI*60.85*60.85*0
REF*PO*0020060630
REF*ST*03836
REF*DP*043
DTM*999*20060629
RMR*IK*383620060630*PI*35.2*35.2*0
REF*PO*0020060701
REF*ST*03836
REF*DP*043
DTM*999*20060630
RMR*IK*383620060701*PI*66.05*66.05*0
REF*PO*0020060702
REF*ST*03836
REF*DP*043
DTM*999*20060701
RMR*IK*383620060702*PI*22.55*22.55*0
REF*PO*0020060703
REF*ST*03836
REF*DP*043
DTM*999*20060702
RMR*IK*383620060703*PI*104.55*104.55*0
REF*PO*0020060704
REF*ST*03836
REF*DP*043
DTM*999*20060703
RMR*IK*383620060704*PI*58.8*58.8*0
REF*PO*0020060705
REF*ST*03836
REF*DP*043
DTM*999*20060704
RMR*IK*383620060705*PI*26.3*26.3*0
REF*PO*0020060706
REF*ST*03836
REF*DP*043
DTM*999*20060705
RMR*IK*384820060629*PI*16.55*16.55*0
REF*PO*0020060630
REF*ST*03848
REF*DP*043
DTM*999*20060629
RMR*IK*384820060630*PI*13.25*13.25*0
REF*PO*0020060701
REF*ST*03848
REF*DP*043
DTM*999*20060630
RMR*IK*384820060701*PI*35.1*35.1*0
REF*PO*0020060702
REF*ST*03848
REF*DP*043
DTM*999*20060701
RMR*IK*384820060702*PI*1.9*1.9*0
REF*PO*0020060703
REF*ST*03848
REF*DP*043
DTM*999*20060702
RMR*IK*384820060703*PI*2.1*2.1*0
REF*PO*0020060704
REF*ST*03848
REF*DP*043
DTM*999*20060703
RMR*IK*384820060704*PI*2*2*0
REF*PO*0020060705
REF*ST*03848
REF*DP*043
DTM*999*20060704
RMR*IK*384820060705*PI*3*3*0
REF*PO*0020060706
REF*ST*03848
REF*DP*043
DTM*999*20060705
RMR*IK*387620060629*PI*3.55*3.55*0
REF*PO*0020060630
REF*ST*03876
REF*DP*043
DTM*999*20060629
RMR*IK*387620060630*PI*13.8*13.8*0
REF*PO*0020060701
REF*ST*03876
REF*DP*043
DTM*999*20060630
RMR*IK*387620060701*PI*6.2*6.2*0
REF*PO*0020060702
REF*ST*03876
REF*DP*043
DTM*999*20060701
RMR*IK*387620060702*PI*5.85*5.85*0
REF*PO*0020060703
REF*ST*03876
REF*DP*043
DTM*999*20060702
RMR*IK*387620060703*PI*.7*.7*0
REF*PO*0020060704
REF*ST*03876
REF*DP*043
DTM*999*20060703
RMR*IK*387620060704*PI*.95*.95*0
REF*PO*0020060705
REF*ST*03876
REF*DP*043
DTM*999*20060704
RMR*IK*390520060629*PI*12.7*12.7*0
REF*PO*0020060630
REF*ST*03905
REF*DP*043
DTM*999*20060629
RMR*IK*390520060630*PI*14*14*0
REF*PO*0020060701
REF*ST*03905
REF*DP*043
DTM*999*20060630
RMR*IK*390520060701*PI*10.95*10.95*0
REF*PO*0020060702
REF*ST*03905
REF*DP*043
DTM*999*20060701
RMR*IK*390520060703*PI*15.8*15.8*0
REF*PO*0020060704
REF*ST*03905
REF*DP*043
DTM*999*20060703
RMR*IK*390520060704*PI*3.8*3.8*0
REF*PO*0020060705
REF*ST*03905
REF*DP*043
DTM*999*20060704
RMR*IK*390520060705*PI*15.7*15.7*0
REF*PO*0020060706
REF*ST*03905
REF*DP*043
DTM*999*20060705
RMR*IK*392920060629*PI*5.8*5.8*0
REF*PO*0020060630
REF*ST*03929
REF*DP*043
DTM*999*20060629
RMR*IK*392920060630*PI*2.1*2.1*0
REF*PO*0020060701
REF*ST*03929
REF*DP*043
DTM*999*20060630
RMR*IK*392920060701*PI*3*3*0
REF*PO*0020060702
REF*ST*03929
REF*DP*043
DTM*999*20060701
RMR*IK*392920060702*PI*6.8*6.8*0
REF*PO*0020060703
REF*ST*03929
REF*DP*043
DTM*999*20060702
RMR*IK*392920060703*PI*6*6*0
REF*PO*0020060704
REF*ST*03929
REF*DP*043
DTM*999*20060703
RMR*IK*392920060704*PI*3*3*0
REF*PO*0020060705
REF*ST*03929
REF*DP*043
DTM*999*20060704
RMR*IK*392920060705*PI*.35*.35*0
REF*PO*0020060706
REF*ST*03929
REF*DP*043
DTM*999*20060705
RMR*IK*393120060629*PI*4*4*0
REF*PO*0020060630
REF*ST*03931
REF*DP*043
DTM*999*20060629
RMR*IK*393120060630*PI*3*3*0
REF*PO*0020060701
REF*ST*03931
REF*DP*043
DTM*999*20060630
RMR*IK*393120060703*PI*3.8*3.8*0
REF*PO*0020060704
REF*ST*03931
REF*DP*043
DTM*999*20060703
RMR*IK*393120060704*PI*.95*.95*0
REF*PO*0020060705
REF*ST*03931
REF*DP*043
DTM*999*20060704
RMR*IK*393920060630*PI*3.8*3.8*0
REF*PO*0020060701
REF*ST*03939
REF*DP*043
DTM*999*20060630
RMR*IK*393920060701*PI*10*10*0
REF*PO*0020060702
REF*ST*03939
REF*DP*043
DTM*999*20060701
RMR*IK*393920060705*PI*19*19*0
REF*PO*0020060706
REF*ST*03939
REF*DP*043
DTM*999*20060705
RMR*IK*394120060629*PI*78.9*78.9*0
REF*PO*0020060630
REF*ST*03941
REF*DP*043
DTM*999*20060629
RMR*IK*394120060630*PI*182.6*182.6*0
REF*PO*0020060701
REF*ST*03941
REF*DP*043
DTM*999*20060630
RMR*IK*394120060701*PI*128.15*128.15*0
REF*PO*0020060702
REF*ST*03941
REF*DP*043
DTM*999*20060701
RMR*IK*394120060702*PI*77.45*77.45*0
REF*PO*0020060703
REF*ST*03941
REF*DP*043
DTM*999*20060702
RMR*IK*394120060703*PI*106.7*106.7*0
REF*PO*0020060704
REF*ST*03941
REF*DP*043
DTM*999*20060703
RMR*IK*394120060704*PI*117.55*117.55*0
REF*PO*0020060705
REF*ST*03941
REF*DP*043
DTM*999*20060704
RMR*IK*394120060705*PI*41.5*41.5*0
REF*PO*0020060706
REF*ST*03941
REF*DP*043
DTM*999*20060705
RMR*IK*394620060629*PI*4.2*4.2*0
REF*PO*0020060630
REF*ST*03946
REF*DP*043
DTM*999*20060629
RMR*IK*394620060701*PI*4.3*4.3*0
REF*PO*0020060702
REF*ST*03946
REF*DP*043
DTM*999*20060701
RMR*IK*395720060630*PI*9*9*0
REF*PO*0020060701
REF*ST*03957
REF*DP*043
DTM*999*20060630
RMR*IK*395720060701*PI*13.85*13.85*0
REF*PO*0020060702
REF*ST*03957
REF*DP*043
DTM*999*20060701
RMR*IK*395720060704*PI*3.8*3.8*0
REF*PO*0020060705
REF*ST*03957
REF*DP*043
DTM*999*20060704
RMR*IK*395720060705*PI*4.05*4.05*0
REF*PO*0020060706
REF*ST*03957
REF*DP*043
DTM*999*20060705
RMR*IK*396620060629*PI*.95*.95*0
REF*PO*0020060630
REF*ST*03966
REF*DP*043
DTM*999*20060629
RMR*IK*396620060630*PI*26*26*0
REF*PO*0020060701
REF*ST*03966
REF*DP*043
DTM*999*20060630
RMR*IK*396620060701*PI*18.2*18.2*0
REF*PO*0020060702
REF*ST*03966
REF*DP*043
DTM*999*20060701
RMR*IK*396620060702*PI*20.3*20.3*0
REF*PO*0020060703
REF*ST*03966
REF*DP*043
DTM*999*20060702
RMR*IK*396620060703*PI*3.8*3.8*0
REF*PO*0020060704
REF*ST*03966
REF*DP*043
DTM*999*20060703
RMR*IK*396620060704*PI*8*8*0
REF*PO*0020060705
REF*ST*03966
REF*DP*043
DTM*999*20060704
RMR*IK*396620060705*PI*17.45*17.45*0
REF*PO*0020060706
REF*ST*03966
REF*DP*043
DTM*999*20060705
RMR*IK*396720060629*PI*2.85*2.85*0
REF*PO*0020060630
REF*ST*03967
REF*DP*043
DTM*999*20060629
RMR*IK*396720060701*PI*11.1*11.1*0
REF*PO*0020060702
REF*ST*03967
REF*DP*043
DTM*999*20060701
RMR*IK*397520060629*PI*6.65*6.65*0
REF*PO*0020060630
REF*ST*03975
REF*DP*043
DTM*999*20060629
RMR*IK*397520060630*PI*3*3*0
REF*PO*0020060701
REF*ST*03975
REF*DP*043
DTM*999*20060630
RMR*IK*397520060701*PI*5.85*5.85*0
REF*PO*0020060702
REF*ST*03975
REF*DP*043
DTM*999*20060701
RMR*IK*397520060703*PI*18.75*18.75*0
REF*PO*0020060704
REF*ST*03975
REF*DP*043
DTM*999*20060703
RMR*IK*397820060629*PI*8.6*8.6*0
REF*PO*0020060630
REF*ST*03978
REF*DP*043
DTM*999*20060629
RMR*IK*397820060630*PI*67.1*67.1*0
REF*PO*0020060701
REF*ST*03978
REF*DP*043
DTM*999*20060630
RMR*IK*397820060701*PI*25.2*25.2*0
REF*PO*0020060702
REF*ST*03978
REF*DP*043
DTM*999*20060701
RMR*IK*397820060702*PI*8.95*8.95*0
REF*PO*0020060703
REF*ST*03978
REF*DP*043
DTM*999*20060702
RMR*IK*397820060703*PI*22.35*22.35*0
REF*PO*0020060704
REF*ST*03978
REF*DP*043
DTM*999*20060703
RMR*IK*397820060704*PI*4.95*4.95*0
REF*PO*0020060705
REF*ST*03978
REF*DP*043
DTM*999*20060704
RMR*IK*397820060705*PI*8.6*8.6*0
REF*PO*0020060706
REF*ST*03978
REF*DP*043
DTM*999*20060705
RMR*IK*399420060629*PI*21.05*21.05*0
REF*PO*0020060630
REF*ST*03994
REF*DP*043
DTM*999*20060629
RMR*IK*399420060630*PI*12.65*12.65*0
REF*PO*0020060701
REF*ST*03994
REF*DP*043
DTM*999*20060630
RMR*IK*399420060701*PI*29.1*29.1*0
REF*PO*0020060702
REF*ST*03994
REF*DP*043
DTM*999*20060701
RMR*IK*399420060702*PI*4.75*4.75*0
REF*PO*0020060703
REF*ST*03994
REF*DP*043
DTM*999*20060702
RMR*IK*399420060703*PI*5*5*0
REF*PO*0020060704
REF*ST*03994
REF*DP*043
DTM*999*20060703
RMR*IK*399420060705*PI*1.05*1.05*0
REF*PO*0020060706
REF*ST*03994
REF*DP*043
DTM*999*20060705
RMR*IK*399620060629*PI*13.75*13.75*0
REF*PO*0020060630
REF*ST*03996
REF*DP*043
DTM*999*20060629
RMR*IK*399620060630*PI*25.15*25.15*0
REF*PO*0020060701
REF*ST*03996
REF*DP*043
DTM*999*20060630
RMR*IK*399620060701*PI*35.55*35.55*0
REF*PO*0020060702
REF*ST*03996
REF*DP*043
DTM*999*20060701
RMR*IK*399620060702*PI*17.6*17.6*0
REF*PO*0020060703
REF*ST*03996
REF*DP*043
DTM*999*20060702
RMR*IK*399620060703*PI*40.35*40.35*0
REF*PO*0020060704
REF*ST*03996
REF*DP*043
DTM*999*20060703
RMR*IK*399620060704*PI*13.6*13.6*0
REF*PO*0020060705
REF*ST*03996
REF*DP*043
DTM*999*20060704
RMR*IK*399620060705*PI*11.75*11.75*0
REF*PO*0020060706
REF*ST*03996
REF*DP*043
DTM*999*20060705
RMR*IK*407120060629*PI*5.85*5.85*0
REF*PO*0020060630
REF*ST*04071
REF*DP*043
DTM*999*20060629
RMR*IK*407120060630*PI*11.8*11.8*0
REF*PO*0020060701
REF*ST*04071
REF*DP*043
DTM*999*20060630
RMR*IK*407120060701*PI*4.3*4.3*0
REF*PO*0020060702
REF*ST*04071
REF*DP*043
DTM*999*20060701
RMR*IK*407120060702*PI*2*2*0
REF*PO*0020060703
REF*ST*04071
REF*DP*043
DTM*999*20060702
RMR*IK*407120060703*PI*6.5*6.5*0
REF*PO*0020060704
REF*ST*04071
REF*DP*043
DTM*999*20060703
RMR*IK*407120060704*PI*5*5*0
REF*PO*0020060705
REF*ST*04071
REF*DP*043
DTM*999*20060704
RMR*IK*407120060705*PI*.7*.7*0
REF*PO*0020060706
REF*ST*04071
REF*DP*043
DTM*999*20060705
RMR*IK*409320060629*PI*417.7*417.7*0
REF*PO*0020060630
REF*ST*04093
REF*DP*043
DTM*999*20060629
RMR*IK*409320060630*PI*393.7*393.7*0
REF*PO*0020060701
REF*ST*04093
REF*DP*043
DTM*999*20060630
RMR*IK*409320060701*PI*472.9*472.9*0
REF*PO*0020060702
REF*ST*04093
REF*DP*043
DTM*999*20060701
RMR*IK*409320060702*PI*362*362*0
REF*PO*0020060703
REF*ST*04093
REF*DP*043
DTM*999*20060702
RMR*IK*409320060703*PI*348.85*348.85*0
REF*PO*0020060704
REF*ST*04093
REF*DP*043
DTM*999*20060703
RMR*IK*409320060704*PI*298.35*298.35*0
REF*PO*0020060705
REF*ST*04093
REF*DP*043
DTM*999*20060704
RMR*IK*409320060705*PI*64.45*64.45*0
REF*PO*0020060706
REF*ST*04093
REF*DP*043
DTM*999*20060705
RMR*IK*410320060629*PI*215.95*215.95*0
REF*PO*0020060630
REF*ST*04103
REF*DP*043
DTM*999*20060629
RMR*IK*410320060630*PI*273.7*273.7*0
REF*PO*0020060701
REF*ST*04103
REF*DP*043
DTM*999*20060630
RMR*IK*410320060701*PI*349.9*349.9*0
REF*PO*0020060702
REF*ST*04103
REF*DP*043
DTM*999*20060701
RMR*IK*410320060702*PI*224.15*224.15*0
REF*PO*0020060703
REF*ST*04103
REF*DP*043
DTM*999*20060702
RMR*IK*410320060703*PI*141.55*141.55*0
REF*PO*0020060704
REF*ST*04103
REF*DP*043
DTM*999*20060703
RMR*IK*410320060704*PI*96.25*96.25*0
REF*PO*0020060705
REF*ST*04103
REF*DP*043
DTM*999*20060704
RMR*IK*410320060705*PI*86.2*86.2*0
REF*PO*0020060706
REF*ST*04103
REF*DP*043
DTM*999*20060705
RMR*IK*412220060629*PI*16*16*0
REF*PO*0020060630
REF*ST*04122
REF*DP*043
DTM*999*20060629
RMR*IK*412220060701*PI*.95*.95*0
REF*PO*0020060702
REF*ST*04122
REF*DP*043
DTM*999*20060701
RMR*IK*412220060704*PI*3*3*0
REF*PO*0020060705
REF*ST*04122
REF*DP*043
DTM*999*20060704
RMR*IK*419820060629*PI*6.7*6.7*0
REF*PO*0020060630
REF*ST*04198
REF*DP*043
DTM*999*20060629
RMR*IK*419820060630*PI*4.25*4.25*0
REF*PO*0020060701
REF*ST*04198
REF*DP*043
DTM*999*20060630
RMR*IK*419820060701*PI*4.6*4.6*0
REF*PO*0020060702
REF*ST*04198
REF*DP*043
DTM*999*20060701
RMR*IK*419820060702*PI*11.6*11.6*0
REF*PO*0020060703
REF*ST*04198
REF*DP*043
DTM*999*20060702
RMR*IK*419820060703*PI*5.35*5.35*0
REF*PO*0020060704
REF*ST*04198
REF*DP*043
DTM*999*20060703
RMR*IK*419820060704*PI*5.95*5.95*0
REF*PO*0020060705
REF*ST*04198
REF*DP*043
DTM*999*20060704
RMR*IK*419820060705*PI*9.55*9.55*0
REF*PO*0020060706
REF*ST*04198
REF*DP*043
DTM*999*20060705
RMR*IK*421320060630*PI*5*5*0
REF*PO*0020060701
REF*ST*04213
REF*DP*043
DTM*999*20060630
RMR*IK*421320060702*PI*2.5*2.5*0
REF*PO*0020060703
REF*ST*04213
REF*DP*043
DTM*999*20060702
RMR*IK*424420060629*PI*230.5*230.5*0
REF*PO*0020060630
REF*ST*04244
REF*DP*043
DTM*999*20060629
RMR*IK*424420060630*PI*406.8*406.8*0
REF*PO*0020060701
REF*ST*04244
REF*DP*043
DTM*999*20060630
RMR*IK*424420060701*PI*385.1*385.1*0
REF*PO*0020060702
REF*ST*04244
REF*DP*043
DTM*999*20060701
RMR*IK*424420060702*PI*215.5*215.5*0
REF*PO*0020060703
REF*ST*04244
REF*DP*043
DTM*999*20060702
RMR*IK*424420060703*PI*128.15*128.15*0
REF*PO*0020060704
REF*ST*04244
REF*DP*043
DTM*999*20060703
RMR*IK*424420060704*PI*202.9*202.9*0
REF*PO*0020060705
REF*ST*04244
REF*DP*043
DTM*999*20060704
RMR*IK*424420060705*PI*121.05*121.05*0
REF*PO*0020060706
REF*ST*04244
REF*DP*043
DTM*999*20060705
RMR*IK*430820060629*PI*16.65*16.65*0
REF*PO*0020060630
REF*ST*04308
REF*DP*043
DTM*999*20060629
RMR*IK*430820060630*PI*1.3*1.3*0
REF*PO*0020060701
REF*ST*04308
REF*DP*043
DTM*999*20060630
RMR*IK*430820060702*PI*9*9*0
REF*PO*0020060703
REF*ST*04308
REF*DP*043
DTM*999*20060702
RMR*IK*430820060704*PI*1.9*1.9*0
REF*PO*0020060705
REF*ST*04308
REF*DP*043
DTM*999*20060704
RMR*IK*431220060629*PI*11.85*11.85*0
REF*PO*0020060630
REF*ST*04312
REF*DP*043
DTM*999*20060629
RMR*IK*431220060630*PI*11.9*11.9*0
REF*PO*0020060701
REF*ST*04312
REF*DP*043
DTM*999*20060630
RMR*IK*431220060701*PI*41.4*41.4*0
REF*PO*0020060702
REF*ST*04312
REF*DP*043
DTM*999*20060701
RMR*IK*431220060702*PI*6.75*6.75*0
REF*PO*0020060703
REF*ST*04312
REF*DP*043
DTM*999*20060702
RMR*IK*431220060703*PI*3.5*3.5*0
REF*PO*0020060704
REF*ST*04312
REF*DP*043
DTM*999*20060703
RMR*IK*431220060704*PI*7.7*7.7*0
REF*PO*0020060705
REF*ST*04312
REF*DP*043
DTM*999*20060704
RMR*IK*431220060705*PI*3.05*3.05*0
REF*PO*0020060706
REF*ST*04312
REF*DP*043
DTM*999*20060705
RMR*IK*445120060630*PI*3*3*0
REF*PO*0020060701
REF*ST*04451
REF*DP*043
DTM*999*20060630
RMR*IK*447520060629*PI*62.25*62.25*0
REF*PO*0020060630
REF*ST*04475
REF*DP*043
DTM*999*20060629
RMR*IK*447520060630*PI*45.55*45.55*0
REF*PO*0020060701
REF*ST*04475
REF*DP*043
DTM*999*20060630
RMR*IK*447520060701*PI*65.35*65.35*0
REF*PO*0020060702
REF*ST*04475
REF*DP*043
DTM*999*20060701
RMR*IK*447520060702*PI*21.1*21.1*0
REF*PO*0020060703
REF*ST*04475
REF*DP*043
DTM*999*20060702
RMR*IK*447520060703*PI*9.45*9.45*0
REF*PO*0020060704
REF*ST*04475
REF*DP*043
DTM*999*20060703
RMR*IK*447520060704*PI*7.95*7.95*0
REF*PO*0020060705
REF*ST*04475
REF*DP*043
DTM*999*20060704
RMR*IK*447520060705*PI*15.1*15.1*0
REF*PO*0020060706
REF*ST*04475
REF*DP*043
DTM*999*20060705
RMR*IK*448920060629*PI*6*6*0
REF*PO*0020060630
REF*ST*04489
REF*DP*043
DTM*999*20060629
RMR*IK*448920060630*PI*3*3*0
REF*PO*0020060701
REF*ST*04489
REF*DP*043
DTM*999*20060630
RMR*IK*448920060701*PI*33.85*33.85*0
REF*PO*0020060702
REF*ST*04489
REF*DP*043
DTM*999*20060701
RMR*IK*448920060705*PI*5*5*0
REF*PO*0020060706
REF*ST*04489
REF*DP*043
DTM*999*20060705
RMR*IK*471720060629*PI*214.85*214.85*0
REF*PO*0020060630
REF*ST*04717
REF*DP*043
DTM*999*20060629
RMR*IK*471720060630*PI*89.85*89.85*0
REF*PO*0020060701
REF*ST*04717
REF*DP*043
DTM*999*20060630
RMR*IK*471720060701*PI*106.05*106.05*0
REF*PO*0020060702
REF*ST*04717
REF*DP*043
DTM*999*20060701
RMR*IK*471720060702*PI*81.8*81.8*0
REF*PO*0020060703
REF*ST*04717
REF*DP*043
DTM*999*20060702
RMR*IK*471720060703*PI*79.5*79.5*0
REF*PO*0020060704
REF*ST*04717
REF*DP*043
DTM*999*20060703
RMR*IK*471720060704*PI*46.2*46.2*0
REF*PO*0020060705
REF*ST*04717
REF*DP*043
DTM*999*20060704
RMR*IK*471720060705*PI*53.75*53.75*0
REF*PO*0020060706
REF*ST*04717
REF*DP*043
DTM*999*20060705
RMR*IK*471920060629*PI*95.25*95.25*0
REF*PO*0020060630
REF*ST*04719
REF*DP*043
DTM*999*20060629
RMR*IK*471920060630*PI*93.3*93.3*0
REF*PO*0020060701
REF*ST*04719
REF*DP*043
DTM*999*20060630
RMR*IK*471920060701*PI*118.7*118.7*0
REF*PO*0020060702
REF*ST*04719
REF*DP*043
DTM*999*20060701
RMR*IK*471920060702*PI*107.8*107.8*0
REF*PO*0020060703
REF*ST*04719
REF*DP*043
DTM*999*20060702
RMR*IK*471920060703*PI*74.35*74.35*0
REF*PO*0020060704
REF*ST*04719
REF*DP*043
DTM*999*20060703
RMR*IK*471920060704*PI*44.8*44.8*0
REF*PO*0020060705
REF*ST*04719
REF*DP*043
DTM*999*20060704
RMR*IK*471920060705*PI*15.15*15.15*0
REF*PO*0020060706
REF*ST*04719
REF*DP*043
DTM*999*20060705
RMR*IK*472320060629*PI*3*3*0
REF*PO*0020060630
REF*ST*04723
REF*DP*043
DTM*999*20060629
RMR*IK*472320060630*PI*6*6*0
REF*PO*0020060701
REF*ST*04723
REF*DP*043
DTM*999*20060630
RMR*IK*473920060629*PI*4.95*4.95*0
REF*PO*0020060630
REF*ST*04739
REF*DP*043
DTM*999*20060629
RMR*IK*473920060630*PI*22.65*22.65*0
REF*PO*0020060701
REF*ST*04739
REF*DP*043
DTM*999*20060630
RMR*IK*473920060701*PI*16.4*16.4*0
REF*PO*0020060702
REF*ST*04739
REF*DP*043
DTM*999*20060701
RMR*IK*473920060702*PI*13.95*13.95*0
REF*PO*0020060703
REF*ST*04739
REF*DP*043
DTM*999*20060702
RMR*IK*473920060703*PI*11.2*11.2*0
REF*PO*0020060704
REF*ST*04739
REF*DP*043
DTM*999*20060703
RMR*IK*473920060704*PI*6*6*0
REF*PO*0020060705
REF*ST*04739
REF*DP*043
DTM*999*20060704
RMR*IK*473920060705*PI*2.25*2.25*0
REF*PO*0020060706
REF*ST*04739
REF*DP*043
DTM*999*20060705
RMR*IK*475320060629*PI*8.9*8.9*0
REF*PO*0020060630
REF*ST*04753
REF*DP*043
DTM*999*20060629
RMR*IK*475320060630*PI*8.8*8.8*0
REF*PO*0020060701
REF*ST*04753
REF*DP*043
DTM*999*20060630
RMR*IK*475320060701*PI*8.55*8.55*0
REF*PO*0020060702
REF*ST*04753
REF*DP*043
DTM*999*20060701
RMR*IK*475320060703*PI*15.4*15.4*0
REF*PO*0020060704
REF*ST*04753
REF*DP*043
DTM*999*20060703
RMR*IK*475320060705*PI*.35*.35*0
REF*PO*0020060706
REF*ST*04753
REF*DP*043
DTM*999*20060705
RMR*IK*476020060629*PI*.35*.35*0
REF*PO*0020060630
REF*ST*04760
REF*DP*043
DTM*999*20060629
RMR*IK*476020060701*PI*6.85*6.85*0
REF*PO*0020060702
REF*ST*04760
REF*DP*043
DTM*999*20060701
RMR*IK*476020060703*PI*1.4*1.4*0
REF*PO*0020060704
REF*ST*04760
REF*DP*043
DTM*999*20060703
RMR*IK*476020060704*PI*.95*.95*0
REF*PO*0020060705
REF*ST*04760
REF*DP*043
DTM*999*20060704
RMR*IK*476020060705*PI*3.8*3.8*0
REF*PO*0020060706
REF*ST*04760
REF*DP*043
DTM*999*20060705
RMR*IK*476920060629*PI*45.9*45.9*0
REF*PO*0020060630
REF*ST*04769
REF*DP*043
DTM*999*20060629
RMR*IK*476920060630*PI*108.95*108.95*0
REF*PO*0020060701
REF*ST*04769
REF*DP*043
DTM*999*20060630
RMR*IK*476920060701*PI*101.25*101.25*0
REF*PO*0020060702
REF*ST*04769
REF*DP*043
DTM*999*20060701
RMR*IK*476920060702*PI*21.3*21.3*0
REF*PO*0020060703
REF*ST*04769
REF*DP*043
DTM*999*20060702
RMR*IK*476920060703*PI*116.8*116.8*0
REF*PO*0020060704
REF*ST*04769
REF*DP*043
DTM*999*20060703
RMR*IK*476920060704*PI*4.15*4.15*0
REF*PO*0020060705
REF*ST*04769
REF*DP*043
DTM*999*20060704
RMR*IK*476920060705*PI*25.4*25.4*0
REF*PO*0020060706
REF*ST*04769
REF*DP*043
DTM*999*20060705
RMR*IK*481720060629*PI*12.4*12.4*0
REF*PO*0020060630
REF*ST*04817
REF*DP*043
DTM*999*20060629
RMR*IK*481720060630*PI*43.85*43.85*0
REF*PO*0020060701
REF*ST*04817
REF*DP*043
DTM*999*20060630
RMR*IK*481720060701*PI*76.2*76.2*0
REF*PO*0020060702
REF*ST*04817
REF*DP*043
DTM*999*20060701
RMR*IK*481720060702*PI*51.75*51.75*0
REF*PO*0020060703
REF*ST*04817
REF*DP*043
DTM*999*20060702
RMR*IK*481720060703*PI*17.1*17.1*0
REF*PO*0020060704
REF*ST*04817
REF*DP*043
DTM*999*20060703
RMR*IK*481720060704*PI*5.7*5.7*0
REF*PO*0020060705
REF*ST*04817
REF*DP*043
DTM*999*20060704
RMR*IK*481720060705*PI*30.7*30.7*0
REF*PO*0020060706
REF*ST*04817
REF*DP*043
DTM*999*20060705
RMR*IK*483520060629*PI*13.25*13.25*0
REF*PO*0020060630
REF*ST*04835
REF*DP*043
DTM*999*20060629
RMR*IK*483520060630*PI*1.75*1.75*0
REF*PO*0020060701
REF*ST*04835
REF*DP*043
DTM*999*20060630
RMR*IK*483520060701*PI*11.35*11.35*0
REF*PO*0020060702
REF*ST*04835
REF*DP*043
DTM*999*20060701
RMR*IK*483520060702*PI*.35*.35*0
REF*PO*0020060703
REF*ST*04835
REF*DP*043
DTM*999*20060702
RMR*IK*483520060703*PI*6.85*6.85*0
REF*PO*0020060704
REF*ST*04835
REF*DP*043
DTM*999*20060703
RMR*IK*483520060705*PI*5.65*5.65*0
REF*PO*0020060706
REF*ST*04835
REF*DP*043
DTM*999*20060705
RMR*IK*488320060629*PI*4.75*4.75*0
REF*PO*0020060630
REF*ST*04883
REF*DP*043
DTM*999*20060629
RMR*IK*488320060630*PI*10*10*0
REF*PO*0020060701
REF*ST*04883
REF*DP*043
DTM*999*20060630
RMR*IK*488320060702*PI*3*3*0
REF*PO*0020060703
REF*ST*04883
REF*DP*043
DTM*999*20060702
RMR*IK*488320060703*PI*3*3*0
REF*PO*0020060704
REF*ST*04883
REF*DP*043
DTM*999*20060703
RMR*IK*488320060704*PI*3*3*0
REF*PO*0020060705
REF*ST*04883
REF*DP*043
DTM*999*20060704
RMR*IK*489820060629*PI*12.85*12.85*0
REF*PO*0020060630
REF*ST*04898
REF*DP*043
DTM*999*20060629
RMR*IK*489820060630*PI*6.35*6.35*0
REF*PO*0020060701
REF*ST*04898
REF*DP*043
DTM*999*20060630
RMR*IK*489820060702*PI*77.5*77.5*0
REF*PO*0020060703
REF*ST*04898
REF*DP*043
DTM*999*20060702
RMR*IK*489820060703*PI*19.3*19.3*0
REF*PO*0020060704
REF*ST*04898
REF*DP*043
DTM*999*20060703
RMR*IK*489820060704*PI*5.65*5.65*0
REF*PO*0020060705
REF*ST*04898
REF*DP*043
DTM*999*20060704
RMR*IK*489820060705*PI*33*33*0
REF*PO*0020060706
REF*ST*04898
REF*DP*043
DTM*999*20060705
RMR*IK*497020060629*PI*49*49*0
REF*PO*0020060630
REF*ST*04970
REF*DP*043
DTM*999*20060629
RMR*IK*497020060630*PI*435.4*435.4*0
REF*PO*0020060701
REF*ST*04970
REF*DP*043
DTM*999*20060630
RMR*IK*497020060701*PI*307.9*307.9*0
REF*PO*0020060702
REF*ST*04970
REF*DP*043
DTM*999*20060701
RMR*IK*497020060702*PI*151.65*151.65*0
REF*PO*0020060703
REF*ST*04970
REF*DP*043
DTM*999*20060702
RMR*IK*497020060703*PI*197.4*197.4*0
REF*PO*0020060704
REF*ST*04970
REF*DP*043
DTM*999*20060703
RMR*IK*497020060704*PI*129*129*0
REF*PO*0020060705
REF*ST*04970
REF*DP*043
DTM*999*20060704
RMR*IK*497020060705*PI*61.4*61.4*0
REF*PO*0020060706
REF*ST*04970
REF*DP*043
DTM*999*20060705
RMR*IK*502320060629*PI*6*6*0
REF*PO*0020060701
REF*ST*05023
REF*DP*043
DTM*999*20060629
RMR*IK*502320060630*PI*8.25*8.25*0
REF*PO*0020060702
REF*ST*05023
REF*DP*043
DTM*999*20060630
RMR*IK*502320060701*PI*8*8*0
REF*PO*0020060703
REF*ST*05023
REF*DP*043
DTM*999*20060701
RMR*IK*502320060702*PI*10*10*0
REF*PO*0020060704
REF*ST*05023
REF*DP*043
DTM*999*20060702
RMR*IK*502320060704*PI*3*3*0
REF*PO*0020060706
REF*ST*05023
REF*DP*043
DTM*999*20060704
RMR*IK*502320060705*PI*2*2*0
REF*PO*0020060707
REF*ST*05023
REF*DP*043
DTM*999*20060705
RMR*IK*506620060629*PI*1.05*1.05*0
REF*PO*0020060701
REF*ST*05066
REF*DP*043
DTM*999*20060629
RMR*IK*506620060703*PI*.95*.95*0
REF*PO*0020060705
REF*ST*05066
REF*DP*043
DTM*999*20060703
RMR*IK*507020060701*PI*2.95*2.95*0
REF*PO*0020060703
REF*ST*05070
REF*DP*043
DTM*999*20060701
RMR*IK*507020060703*PI*.95*.95*0
REF*PO*0020060705
REF*ST*05070
REF*DP*043
DTM*999*20060703
RMR*IK*507720060629*PI*1.9*1.9*0
REF*PO*0020060701
REF*ST*05077
REF*DP*043
DTM*999*20060629
RMR*IK*507720060630*PI*10*10*0
REF*PO*0020060702
REF*ST*05077
REF*DP*043
DTM*999*20060630
RMR*IK*507720060701*PI*.95*.95*0
REF*PO*0020060703
REF*ST*05077
REF*DP*043
DTM*999*20060701
RMR*IK*507720060702*PI*4*4*0
REF*PO*0020060704
REF*ST*05077
REF*DP*043
DTM*999*20060702
RMR*IK*507720060704*PI*6*6*0
REF*PO*0020060706
REF*ST*05077
REF*DP*043
DTM*999*20060704
RMR*IK*702820060629*PI*7.6*7.6*0
REF*PO*0020060630
REF*ST*07028
REF*DP*043
DTM*999*20060629
RMR*IK*702820060701*PI*.95*.95*0
REF*PO*0020060702
REF*ST*07028
REF*DP*043
DTM*999*20060701
RMR*IK*702820060702*PI*10*10*0
REF*PO*0020060703
REF*ST*07028
REF*DP*043
DTM*999*20060702
RMR*IK*704520060629*PI*16.6*16.6*0
REF*PO*0020060630
REF*ST*07045
REF*DP*043
DTM*999*20060629
RMR*IK*704520060630*PI*11.6*11.6*0
REF*PO*0020060701
REF*ST*07045
REF*DP*043
DTM*999*20060630
RMR*IK*704520060701*PI*45.35*45.35*0
REF*PO*0020060702
REF*ST*07045
REF*DP*043
DTM*999*20060701
RMR*IK*704520060702*PI*.95*.95*0
REF*PO*0020060703
REF*ST*07045
REF*DP*043
DTM*999*20060702
RMR*IK*704520060703*PI*13.65*13.65*0
REF*PO*0020060704
REF*ST*07045
REF*DP*043
DTM*999*20060703
RMR*IK*704520060704*PI*.7*.7*0
REF*PO*0020060705
REF*ST*07045
REF*DP*043
DTM*999*20060704
RMR*IK*704520060705*PI*2.85*2.85*0
REF*PO*0020060706
REF*ST*07045
REF*DP*043
DTM*999*20060705
RMR*IK*705920060701*PI*3.35*3.35*0
REF*PO*0020060702
REF*ST*07059
REF*DP*043
DTM*999*20060701
RMR*IK*705920060704*PI*.95*.95*0
REF*PO*0020060705
REF*ST*07059
REF*DP*043
DTM*999*20060704
RMR*IK*706420060701*PI*.7*.7*0
REF*PO*0020060702
REF*ST*07064
REF*DP*043
DTM*999*20060701
RMR*IK*706420060703*PI*.95*.95*0
REF*PO*0020060704
REF*ST*07064
REF*DP*043
DTM*999*20060703
RMR*IK*706620060629*PI*318.15*318.15*0
REF*PO*0020060630
REF*ST*07066
REF*DP*043
DTM*999*20060629
RMR*IK*706620060630*PI*356.85*356.85*0
REF*PO*0020060701
REF*ST*07066
REF*DP*043
DTM*999*20060630
RMR*IK*706620060701*PI*281.85*281.85*0
REF*PO*0020060702
REF*ST*07066
REF*DP*043
DTM*999*20060701
RMR*IK*706620060702*PI*143.55*143.55*0
REF*PO*0020060703
REF*ST*07066
REF*DP*043
DTM*999*20060702
RMR*IK*706620060703*PI*161.3*161.3*0
REF*PO*0020060704
REF*ST*07066
REF*DP*043
DTM*999*20060703
RMR*IK*706620060704*PI*136.75*136.75*0
REF*PO*0020060705
REF*ST*07066
REF*DP*043
DTM*999*20060704
RMR*IK*706620060705*PI*170.9*170.9*0
REF*PO*0020060706
REF*ST*07066
REF*DP*043
DTM*999*20060705
RMR*IK*706620060727*PI*-4.8*-4.8*0
REF*PO*0020060728
REF*ST*07066
REF*DP*043
DTM*999*20060727
RMR*IK*706920060629*PI*135.1*135.1*0
REF*PO*0020060630
REF*ST*07069
REF*DP*043
DTM*999*20060629
RMR*IK*706920060630*PI*133.6*133.6*0
REF*PO*0020060701
REF*ST*07069
REF*DP*043
DTM*999*20060630
RMR*IK*706920060701*PI*102.3*102.3*0
REF*PO*0020060702
REF*ST*07069
REF*DP*043
DTM*999*20060701
RMR*IK*706920060702*PI*49.75*49.75*0
REF*PO*0020060703
REF*ST*07069
REF*DP*043
DTM*999*20060702
RMR*IK*706920060703*PI*75.3*75.3*0
REF*PO*0020060704
REF*ST*07069
REF*DP*043
DTM*999*20060703
RMR*IK*706920060704*PI*73.15*73.15*0
REF*PO*0020060705
REF*ST*07069
REF*DP*043
DTM*999*20060704
RMR*IK*706920060705*PI*53.8*53.8*0
REF*PO*0020060706
REF*ST*07069
REF*DP*043
DTM*999*20060705
RMR*IK*707620060629*PI*336.45*336.45*0
REF*PO*0020060630
REF*ST*07076
REF*DP*043
DTM*999*20060629
RMR*IK*707620060630*PI*216.45*216.45*0
REF*PO*0020060701
REF*ST*07076
REF*DP*043
DTM*999*20060630
RMR*IK*707620060701*PI*229.15*229.15*0
REF*PO*0020060702
REF*ST*07076
REF*DP*043
DTM*999*20060701
RMR*IK*707620060702*PI*113.25*113.25*0
REF*PO*0020060703
REF*ST*07076
REF*DP*043
DTM*999*20060702
RMR*IK*707620060703*PI*140.75*140.75*0
REF*PO*0020060704
REF*ST*07076
REF*DP*043
DTM*999*20060703
RMR*IK*707620060704*PI*98.75*98.75*0
REF*PO*0020060705
REF*ST*07076
REF*DP*043
DTM*999*20060704
RMR*IK*707620060705*PI*44.8*44.8*0
REF*PO*0020060706
REF*ST*07076
REF*DP*043
DTM*999*20060705
RMR*IK*713220060629*PI*250*250*0
REF*PO*0020060630
REF*ST*07132
REF*DP*043
DTM*999*20060629
RMR*IK*713220060630*PI*157*157*0
REF*PO*0020060701
REF*ST*07132
REF*DP*043
DTM*999*20060630
RMR*IK*713220060701*PI*220.3*220.3*0
REF*PO*0020060702
REF*ST*07132
REF*DP*043
DTM*999*20060701
RMR*IK*713220060702*PI*76.8*76.8*0
REF*PO*0020060703
REF*ST*07132
REF*DP*043
DTM*999*20060702
RMR*IK*713220060703*PI*85.55*85.55*0
REF*PO*0020060704
REF*ST*07132
REF*DP*043
DTM*999*20060703
RMR*IK*713220060704*PI*86.55*86.55*0
REF*PO*0020060705
REF*ST*07132
REF*DP*043
DTM*999*20060704
RMR*IK*713220060705*PI*45.2*45.2*0
REF*PO*0020060706
REF*ST*07132
REF*DP*043
DTM*999*20060705
RMR*IK*714620060701*PI*1.9*1.9*0
REF*PO*0020060702
REF*ST*07146
REF*DP*043
DTM*999*20060701
RMR*IK*715420060629*PI*37.7*37.7*0
REF*PO*0020060630
REF*ST*07154
REF*DP*043
DTM*999*20060629
RMR*IK*715420060630*PI*18.25*18.25*0
REF*PO*0020060701
REF*ST*07154
REF*DP*043
DTM*999*20060630
RMR*IK*715420060701*PI*12.05*12.05*0
REF*PO*0020060702
REF*ST*07154
REF*DP*043
DTM*999*20060701
RMR*IK*715420060702*PI*3.5*3.5*0
REF*PO*0020060703
REF*ST*07154
REF*DP*043
DTM*999*20060702
RMR*IK*715420060703*PI*6.45*6.45*0
REF*PO*0020060704
REF*ST*07154
REF*DP*043
DTM*999*20060703
RMR*IK*715420060704*PI*1.65*1.65*0
REF*PO*0020060705
REF*ST*07154
REF*DP*043
DTM*999*20060704
RMR*IK*715420060705*PI*5.55*5.55*0
REF*PO*0020060706
REF*ST*07154
REF*DP*043
DTM*999*20060705
RMR*IK*718420060629*PI*105.2*105.2*0
REF*PO*0020060630
REF*ST*07184
REF*DP*043
DTM*999*20060629
RMR*IK*718420060630*PI*259.45*259.45*0
REF*PO*0020060701
REF*ST*07184
REF*DP*043
DTM*999*20060630
RMR*IK*718420060701*PI*179.65*179.65*0
REF*PO*0020060702
REF*ST*07184
REF*DP*043
DTM*999*20060701
RMR*IK*718420060702*PI*123.35*123.35*0
REF*PO*0020060703
REF*ST*07184
REF*DP*043
DTM*999*20060702
RMR*IK*718420060703*PI*119.95*119.95*0
REF*PO*0020060704
REF*ST*07184
REF*DP*043
DTM*999*20060703
RMR*IK*718420060704*PI*117.35*117.35*0
REF*PO*0020060705
REF*ST*07184
REF*DP*043
DTM*999*20060704
RMR*IK*718420060705*PI*55.35*55.35*0
REF*PO*0020060706
REF*ST*07184
REF*DP*043
DTM*999*20060705
RMR*IK*725520060629*PI*135.1*135.1*0
REF*PO*0020060630
REF*ST*07255
REF*DP*043
DTM*999*20060629
RMR*IK*725520060630*PI*170*170*0
REF*PO*0020060701
REF*ST*07255
REF*DP*043
DTM*999*20060630
RMR*IK*725520060701*PI*114.85*114.85*0
REF*PO*0020060702
REF*ST*07255
REF*DP*043
DTM*999*20060701
RMR*IK*725520060702*PI*81.25*81.25*0
REF*PO*0020060703
REF*ST*07255
REF*DP*043
DTM*999*20060702
RMR*IK*725520060703*PI*82.25*82.25*0
REF*PO*0020060704
REF*ST*07255
REF*DP*043
DTM*999*20060703
RMR*IK*725520060704*PI*74.1*74.1*0
REF*PO*0020060705
REF*ST*07255
REF*DP*043
DTM*999*20060704
RMR*IK*725520060705*PI*27.65*27.65*0
REF*PO*0020060706
REF*ST*07255
REF*DP*043
DTM*999*20060705
RMR*IK*735420060629*PI*40.5*40.5*0
REF*PO*0020060630
REF*ST*07354
REF*DP*043
DTM*999*20060629
RMR*IK*735420060630*PI*43*43*0
REF*PO*0020060701
REF*ST*07354
REF*DP*043
DTM*999*20060630
RMR*IK*735420060701*PI*37.65*37.65*0
REF*PO*0020060702
REF*ST*07354
REF*DP*043
DTM*999*20060701
RMR*IK*735420060702*PI*38.65*38.65*0
REF*PO*0020060703
REF*ST*07354
REF*DP*043
DTM*999*20060702
RMR*IK*735420060703*PI*25.25*25.25*0
REF*PO*0020060704
REF*ST*07354
REF*DP*043
DTM*999*20060703
RMR*IK*735420060704*PI*13.5*13.5*0
REF*PO*0020060705
REF*ST*07354
REF*DP*043
DTM*999*20060704
RMR*IK*735420060705*PI*1.4*1.4*0
REF*PO*0020060706
REF*ST*07354
REF*DP*043
DTM*999*20060705
RMR*IK*735820060629*PI*310.05*310.05*0
REF*PO*0020060630
REF*ST*07358
REF*DP*043
DTM*999*20060629
RMR*IK*735820060630*PI*343.15*343.15*0
REF*PO*0020060701
REF*ST*07358
REF*DP*043
DTM*999*20060630
RMR*IK*735820060701*PI*273.9*273.9*0
REF*PO*0020060702
REF*ST*07358
REF*DP*043
DTM*999*20060701
RMR*IK*735820060702*PI*167*167*0
REF*PO*0020060703
REF*ST*07358
REF*DP*043
DTM*999*20060702
RMR*IK*735820060703*PI*261.95*261.95*0
REF*PO*0020060704
REF*ST*07358
REF*DP*043
DTM*999*20060703
RMR*IK*735820060704*PI*69.35*69.35*0
REF*PO*0020060705
REF*ST*07358
REF*DP*043
DTM*999*20060704
RMR*IK*735820060705*PI*17.3*17.3*0
REF*PO*0020060706
REF*ST*07358
REF*DP*043
DTM*999*20060705
RMR*IK*735820060721*PI*-3*-3*0
REF*PO*0020060723
REF*ST*07358
REF*DP*043
DTM*999*20060721
RMR*IK*736020060629*PI*7.3*7.3*0
REF*PO*0020060630
REF*ST*07360
REF*DP*043
DTM*999*20060629
RMR*IK*736020060630*PI*25.35*25.35*0
REF*PO*0020060701
REF*ST*07360
REF*DP*043
DTM*999*20060630
RMR*IK*736020060705*PI*9*9*0
REF*PO*0020060706
REF*ST*07360
REF*DP*043
DTM*999*20060705
RMR*IK*736220060629*PI*2.1*2.1*0
REF*PO*0020060630
REF*ST*07362
REF*DP*043
DTM*999*20060629
RMR*IK*736220060630*PI*1.65*1.65*0
REF*PO*0020060701
REF*ST*07362
REF*DP*043
DTM*999*20060630
RMR*IK*736220060701*PI*4.45*4.45*0
REF*PO*0020060702
REF*ST*07362
REF*DP*043
DTM*999*20060701
RMR*IK*736220060705*PI*1.65*1.65*0
REF*PO*0020060706
REF*ST*07362
REF*DP*043
DTM*999*20060705
RMR*IK*738820060702*PI*6.05*6.05*0
REF*PO*0020060703
REF*ST*07388
REF*DP*043
DTM*999*20060702
RMR*IK*738820060704*PI*3.5*3.5*0
REF*PO*0020060705
REF*ST*07388
REF*DP*043
DTM*999*20060704
RMR*IK*742020060629*PI*3*3*0
REF*PO*0020060630
REF*ST*07420
REF*DP*043
DTM*999*20060629
RMR*IK*743720060629*PI*5.65*5.65*0
REF*PO*0020060630
REF*ST*07437
REF*DP*043
DTM*999*20060629
RMR*IK*743720060630*PI*.95*.95*0
REF*PO*0020060701
REF*ST*07437
REF*DP*043
DTM*999*20060630
RMR*IK*743720060701*PI*4.75*4.75*0
REF*PO*0020060702
REF*ST*07437
REF*DP*043
DTM*999*20060701
RMR*IK*743720060702*PI*1.9*1.9*0
REF*PO*0020060703
REF*ST*07437
REF*DP*043
DTM*999*20060702
RMR*IK*743720060703*PI*2.1*2.1*0
REF*PO*0020060704
REF*ST*07437
REF*DP*043
DTM*999*20060703
RMR*IK*743720060704*PI*10.05*10.05*0
REF*PO*0020060705
REF*ST*07437
REF*DP*043
DTM*999*20060704
RMR*IK*743720060705*PI*.95*.95*0
REF*PO*0020060706
REF*ST*07437
REF*DP*043
DTM*999*20060705
RMR*IK*746020060629*PI*50.5*50.5*0
REF*PO*0020060630
REF*ST*07460
REF*DP*043
DTM*999*20060629
RMR*IK*746020060630*PI*79.1*79.1*0
REF*PO*0020060701
REF*ST*07460
REF*DP*043
DTM*999*20060630
RMR*IK*746020060701*PI*74.3*74.3*0
REF*PO*0020060702
REF*ST*07460
REF*DP*043
DTM*999*20060701
RMR*IK*746020060702*PI*51.55*51.55*0
REF*PO*0020060703
REF*ST*07460
REF*DP*043
DTM*999*20060702
RMR*IK*746020060703*PI*24.75*24.75*0
REF*PO*0020060704
REF*ST*07460
REF*DP*043
DTM*999*20060703
RMR*IK*746020060704*PI*27.3*27.3*0
REF*PO*0020060705
REF*ST*07460
REF*DP*043
DTM*999*20060704
RMR*IK*746020060705*PI*6.65*6.65*0
REF*PO*0020060706
REF*ST*07460
REF*DP*043
DTM*999*20060705
RMR*IK*746120060629*PI*277.75*277.75*0
REF*PO*0020060630
REF*ST*07461
REF*DP*043
DTM*999*20060629
RMR*IK*746120060630*PI*223.15*223.15*0
REF*PO*0020060701
REF*ST*07461
REF*DP*043
DTM*999*20060630
RMR*IK*746120060701*PI*204.1*204.1*0
REF*PO*0020060702
REF*ST*07461
REF*DP*043
DTM*999*20060701
RMR*IK*746120060702*PI*182.75*182.75*0
REF*PO*0020060703
REF*ST*07461
REF*DP*043
DTM*999*20060702
RMR*IK*746120060703*PI*164.15*164.15*0
REF*PO*0020060704
REF*ST*07461
REF*DP*043
DTM*999*20060703
RMR*IK*746120060704*PI*95.4*95.4*0
REF*PO*0020060705
REF*ST*07461
REF*DP*043
DTM*999*20060704
RMR*IK*746120060705*PI*57.6*57.6*0
REF*PO*0020060706
REF*ST*07461
REF*DP*043
DTM*999*20060705
RMR*IK*755820060629*PI*15.05*15.05*0
REF*PO*0020060630
REF*ST*07558
REF*DP*043
DTM*999*20060629
RMR*IK*755820060630*PI*11.6*11.6*0
REF*PO*0020060701
REF*ST*07558
REF*DP*043
DTM*999*20060630
RMR*IK*755820060701*PI*42.45*42.45*0
REF*PO*0020060702
REF*ST*07558
REF*DP*043
DTM*999*20060701
RMR*IK*755820060702*PI*18.05*18.05*0
REF*PO*0020060703
REF*ST*07558
REF*DP*043
DTM*999*20060702
RMR*IK*755820060703*PI*15.85*15.85*0
REF*PO*0020060704
REF*ST*07558
REF*DP*043
DTM*999*20060703
RMR*IK*755820060704*PI*15.7*15.7*0
REF*PO*0020060705
REF*ST*07558
REF*DP*043
DTM*999*20060704
RMR*IK*755820060705*PI*5.75*5.75*0
REF*PO*0020060706
REF*ST*07558
REF*DP*043
DTM*999*20060705
RMR*IK*760720060629*PI*284.7*284.7*0
REF*PO*0020060630
REF*ST*07607
REF*DP*043
DTM*999*20060629
RMR*IK*760720060630*PI*102.25*102.25*0
REF*PO*0020060701
REF*ST*07607
REF*DP*043
DTM*999*20060630
RMR*IK*760720060701*PI*264.15*264.15*0
REF*PO*0020060702
REF*ST*07607
REF*DP*043
DTM*999*20060701
RMR*IK*760720060702*PI*61.5*61.5*0
REF*PO*0020060703
REF*ST*07607
REF*DP*043
DTM*999*20060702
RMR*IK*760720060703*PI*128*128*0
REF*PO*0020060704
REF*ST*07607
REF*DP*043
DTM*999*20060703
RMR*IK*760720060704*PI*157.65*157.65*0
REF*PO*0020060705
REF*ST*07607
REF*DP*043
DTM*999*20060704
RMR*IK*760720060705*PI*115.7*115.7*0
REF*PO*0020060706
REF*ST*07607
REF*DP*043
DTM*999*20060705
RMR*IK*761020060629*PI*49.8*49.8*0
REF*PO*0020060630
REF*ST*07610
REF*DP*043
DTM*999*20060629
RMR*IK*761020060630*PI*29.95*29.95*0
REF*PO*0020060701
REF*ST*07610
REF*DP*043
DTM*999*20060630
RMR*IK*761020060701*PI*15.55*15.55*0
REF*PO*0020060702
REF*ST*07610
REF*DP*043
DTM*999*20060701
RMR*IK*761020060702*PI*15.1*15.1*0
REF*PO*0020060703
REF*ST*07610
REF*DP*043
DTM*999*20060702
RMR*IK*761020060703*PI*32.5*32.5*0
REF*PO*0020060704
REF*ST*07610
REF*DP*043
DTM*999*20060703
RMR*IK*761020060704*PI*33.05*33.05*0
REF*PO*0020060705
REF*ST*07610
REF*DP*043
DTM*999*20060704
RMR*IK*761020060705*PI*10.75*10.75*0
REF*PO*0020060706
REF*ST*07610
REF*DP*043
DTM*999*20060705
RMR*IK*761320060630*PI*2*2*0
REF*PO*0020060701
REF*ST*07613
REF*DP*043
DTM*999*20060630
RMR*IK*761320060701*PI*3*3*0
REF*PO*0020060702
REF*ST*07613
REF*DP*043
DTM*999*20060701
RMR*IK*761320060702*PI*.95*.95*0
REF*PO*0020060703
REF*ST*07613
REF*DP*043
DTM*999*20060702
RMR*IK*762920060629*PI*21.3*21.3*0
REF*PO*0020060630
REF*ST*07629
REF*DP*043
DTM*999*20060629
RMR*IK*762920060630*PI*25.45*25.45*0
REF*PO*0020060701
REF*ST*07629
REF*DP*043
DTM*999*20060630
RMR*IK*762920060701*PI*10.3*10.3*0
REF*PO*0020060702
REF*ST*07629
REF*DP*043
DTM*999*20060701
RMR*IK*762920060702*PI*34.4*34.4*0
REF*PO*0020060703
REF*ST*07629
REF*DP*043
DTM*999*20060702
RMR*IK*762920060703*PI*29.45*29.45*0
REF*PO*0020060704
REF*ST*07629
REF*DP*043
DTM*999*20060703
RMR*IK*762920060704*PI*5.7*5.7*0
REF*PO*0020060705
REF*ST*07629
REF*DP*043
DTM*999*20060704
RMR*IK*762920060705*PI*1.9*1.9*0
REF*PO*0020060706
REF*ST*07629
REF*DP*043
DTM*999*20060705
RMR*IK*763720060629*PI*12*12*0
REF*PO*0020060630
REF*ST*07637
REF*DP*043
DTM*999*20060629
RMR*IK*763720060630*PI*12.6*12.6*0
REF*PO*0020060701
REF*ST*07637
REF*DP*043
DTM*999*20060630
RMR*IK*763720060701*PI*1.9*1.9*0
REF*PO*0020060702
REF*ST*07637
REF*DP*043
DTM*999*20060701
RMR*IK*763720060702*PI*.7*.7*0
REF*PO*0020060703
REF*ST*07637
REF*DP*043
DTM*999*20060702
RMR*IK*763720060703*PI*13.35*13.35*0
REF*PO*0020060704
REF*ST*07637
REF*DP*043
DTM*999*20060703
RMR*IK*763720060704*PI*1.65*1.65*0
REF*PO*0020060705
REF*ST*07637
REF*DP*043
DTM*999*20060704
RMR*IK*763720060705*PI*5.25*5.25*0
REF*PO*0020060706
REF*ST*07637
REF*DP*043
DTM*999*20060705
RMR*IK*763720060726*PI*-1.15*-1.15*0
REF*PO*0020060727
REF*ST*07637
REF*DP*043
DTM*999*20060726
RMR*IK*771820060629*PI*105.75*105.75*0
REF*PO*0020060630
REF*ST*07718
REF*DP*043
DTM*999*20060629
RMR*IK*771820060630*PI*168.7*168.7*0
REF*PO*0020060701
REF*ST*07718
REF*DP*043
DTM*999*20060630
RMR*IK*771820060701*PI*203.55*203.55*0
REF*PO*0020060702
REF*ST*07718
REF*DP*043
DTM*999*20060701
RMR*IK*771820060702*PI*101.5*101.5*0
REF*PO*0020060703
REF*ST*07718
REF*DP*043
DTM*999*20060702
RMR*IK*771820060703*PI*122.6*122.6*0
REF*PO*0020060704
REF*ST*07718
REF*DP*043
DTM*999*20060703
RMR*IK*771820060704*PI*123.1*123.1*0
REF*PO*0020060705
REF*ST*07718
REF*DP*043
DTM*999*20060704
RMR*IK*771820060705*PI*66.05*66.05*0
REF*PO*0020060706
REF*ST*07718
REF*DP*043
DTM*999*20060705
RMR*IK*771920060630*PI*12.65*12.65*0
REF*PO*0020060701
REF*ST*07719
REF*DP*043
DTM*999*20060630
RMR*IK*771920060701*PI*8.7*8.7*0
REF*PO*0020060702
REF*ST*07719
REF*DP*043
DTM*999*20060701
RMR*IK*771920060702*PI*23.95*23.95*0
REF*PO*0020060703
REF*ST*07719
REF*DP*043
DTM*999*20060702
RMR*IK*771920060703*PI*14.1*14.1*0
REF*PO*0020060704
REF*ST*07719
REF*DP*043
DTM*999*20060703
RMR*IK*771920060705*PI*6*6*0
REF*PO*0020060706
REF*ST*07719
REF*DP*043
DTM*999*20060705
RMR*IK*951320060629*PI*30.05*30.05*0
REF*PO*0020060630
REF*ST*09513
REF*DP*043
DTM*999*20060629
RMR*IK*951320060630*PI*44.7*44.7*0
REF*PO*0020060701
REF*ST*09513
REF*DP*043
DTM*999*20060630
RMR*IK*951320060701*PI*159.1*159.1*0
REF*PO*0020060702
REF*ST*09513
REF*DP*043
DTM*999*20060701
RMR*IK*951320060702*PI*209.25*209.25*0
REF*PO*0020060703
REF*ST*09513
REF*DP*043
DTM*999*20060702
RMR*IK*951320060703*PI*181.1*181.1*0
REF*PO*0020060704
REF*ST*09513
REF*DP*043
DTM*999*20060703
RMR*IK*951320060704*PI*141*141*0
REF*PO*0020060705
REF*ST*09513
REF*DP*043
DTM*999*20060704
RMR*IK*951320060705*PI*10.7*10.7*0
REF*PO*0020060706
REF*ST*09513
REF*DP*043
DTM*999*20060705
RMR*IK*956020060701*PI*1.9*1.9*0
REF*PO*0020060702
REF*ST*09560
REF*DP*043
DTM*999*20060701
RMR*IK*956020060703*PI*.35*.35*0
REF*PO*0020060704
REF*ST*09560
REF*DP*043
DTM*999*20060703
RMR*IK*956020060704*PI*.7*.7*0
REF*PO*0020060705
REF*ST*09560
REF*DP*043
DTM*999*20060704
RMR*IK*957120060629*PI*4.95*4.95*0
REF*PO*0020060630
REF*ST*09571
REF*DP*043
DTM*999*20060629
RMR*IK*957120060630*PI*7.9*7.9*0
REF*PO*0020060701
REF*ST*09571
REF*DP*043
DTM*999*20060630
RMR*IK*957120060701*PI*6*6*0
REF*PO*0020060702
REF*ST*09571
REF*DP*043
DTM*999*20060701
RMR*IK*957120060722*PI*-3*-3*0
REF*PO*0020060723
REF*ST*09571
REF*DP*043
DTM*999*20060722
RMR*IK*962020060629*PI*10.65*10.65*0
REF*PO*0020060630
REF*ST*09620
REF*DP*043
DTM*999*20060629
RMR*IK*962020060630*PI*5.85*5.85*0
REF*PO*0020060701
REF*ST*09620
REF*DP*043
DTM*999*20060630
RMR*IK*962020060701*PI*4.45*4.45*0
REF*PO*0020060702
REF*ST*09620
REF*DP*043
DTM*999*20060701
RMR*IK*962020060702*PI*21.15*21.15*0
REF*PO*0020060703
REF*ST*09620
REF*DP*043
DTM*999*20060702
RMR*IK*962020060703*PI*7.85*7.85*0
REF*PO*0020060704
REF*ST*09620
REF*DP*043
DTM*999*20060703
RMR*IK*962020060704*PI*11.45*11.45*0
REF*PO*0020060705
REF*ST*09620
REF*DP*043
DTM*999*20060704
RMR*IK*962020060705*PI*16.8*16.8*0
REF*PO*0020060706
REF*ST*09620
REF*DP*043
DTM*999*20060705
RMR*IK*962120060629*PI*177.35*177.35*0
REF*PO*0020060630
REF*ST*09621
REF*DP*043
DTM*999*20060629
RMR*IK*962120060630*PI*255.7*255.7*0
REF*PO*0020060701
REF*ST*09621
REF*DP*043
DTM*999*20060630
RMR*IK*962120060701*PI*294.7*294.7*0
REF*PO*0020060702
REF*ST*09621
REF*DP*043
DTM*999*20060701
RMR*IK*962120060702*PI*77.75*77.75*0
REF*PO*0020060703
REF*ST*09621
REF*DP*043
DTM*999*20060702
RMR*IK*962120060703*PI*179.6*179.6*0
REF*PO*0020060704
REF*ST*09621
REF*DP*043
DTM*999*20060703
RMR*IK*962120060704*PI*84.9*84.9*0
REF*PO*0020060705
REF*ST*09621
REF*DP*043
DTM*999*20060704
RMR*IK*962120060705*PI*37.5*37.5*0
REF*PO*0020060706
REF*ST*09621
REF*DP*043
DTM*999*20060705
RMR*IK*962220060701*PI*3*3*0
REF*PO*0020060702
REF*ST*09622
REF*DP*043
DTM*999*20060701
RMR*IK*962220060703*PI*5*5*0
REF*PO*0020060704
REF*ST*09622
REF*DP*043
DTM*999*20060703
RMR*IK*962520060629*PI*14.65*14.65*0
REF*PO*0020060630
REF*ST*09625
REF*DP*043
DTM*999*20060629
RMR*IK*962520060630*PI*43*43*0
REF*PO*0020060701
REF*ST*09625
REF*DP*043
DTM*999*20060630
RMR*IK*962520060701*PI*13.2*13.2*0
REF*PO*0020060702
REF*ST*09625
REF*DP*043
DTM*999*20060701
RMR*IK*962520060702*PI*50.3*50.3*0
REF*PO*0020060703
REF*ST*09625
REF*DP*043
DTM*999*20060702
RMR*IK*962520060703*PI*15.95*15.95*0
REF*PO*0020060704
REF*ST*09625
REF*DP*043
DTM*999*20060703
RMR*IK*962520060704*PI*14.45*14.45*0
REF*PO*0020060705
REF*ST*09625
REF*DP*043
DTM*999*20060704
RMR*IK*962520060705*PI*7*7*0
REF*PO*0020060706
REF*ST*09625
REF*DP*043
DTM*999*20060705
RMR*IK*962920060629*PI*161.25*161.25*0
REF*PO*0020060630
REF*ST*09629
REF*DP*043
DTM*999*20060629
RMR*IK*962920060630*PI*150*150*0
REF*PO*0020060701
REF*ST*09629
REF*DP*043
DTM*999*20060630
RMR*IK*962920060701*PI*188.2*188.2*0
REF*PO*0020060702
REF*ST*09629
REF*DP*043
DTM*999*20060701
RMR*IK*962920060702*PI*94.65*94.65*0
REF*PO*0020060703
REF*ST*09629
REF*DP*043
DTM*999*20060702
RMR*IK*962920060703*PI*46.6*46.6*0
REF*PO*0020060704
REF*ST*09629
REF*DP*043
DTM*999*20060703
RMR*IK*962920060704*PI*58.1*58.1*0
REF*PO*0020060705
REF*ST*09629
REF*DP*043
DTM*999*20060704
RMR*IK*962920060705*PI*58.25*58.25*0
REF*PO*0020060706
REF*ST*09629
REF*DP*043
DTM*999*20060705
RMR*IK*963320060629*PI*314.95*314.95*0
REF*PO*0020060630
REF*ST*09633
REF*DP*043
DTM*999*20060629
RMR*IK*963320060630*PI*202.85*202.85*0
REF*PO*0020060701
REF*ST*09633
REF*DP*043
DTM*999*20060630
RMR*IK*963320060701*PI*316.55*316.55*0
REF*PO*0020060702
REF*ST*09633
REF*DP*043
DTM*999*20060701
RMR*IK*963320060702*PI*173.25*173.25*0
REF*PO*0020060703
REF*ST*09633
REF*DP*043
DTM*999*20060702
RMR*IK*963320060703*PI*169.7*169.7*0
REF*PO*0020060704
REF*ST*09633
REF*DP*043
DTM*999*20060703
RMR*IK*963320060704*PI*181.85*181.85*0
REF*PO*0020060705
REF*ST*09633
REF*DP*043
DTM*999*20060704
RMR*IK*963320060705*PI*112.5*112.5*0
REF*PO*0020060706
REF*ST*09633
REF*DP*043
DTM*999*20060705
RMR*IK*963920060629*PI*13.35*13.35*0
REF*PO*0020060630
REF*ST*09639
REF*DP*043
DTM*999*20060629
RMR*IK*963920060630*PI*3.85*3.85*0
REF*PO*0020060701
REF*ST*09639
REF*DP*043
DTM*999*20060630
RMR*IK*963920060701*PI*10*10*0
REF*PO*0020060702
REF*ST*09639
REF*DP*043
DTM*999*20060701
RMR*IK*963920060702*PI*2*2*0
REF*PO*0020060703
REF*ST*09639
REF*DP*043
DTM*999*20060702
RMR*IK*963920060703*PI*.35*.35*0
REF*PO*0020060704
REF*ST*09639
REF*DP*043
DTM*999*20060703
RMR*IK*963920060705*PI*13.4*13.4*0
REF*PO*0020060706
REF*ST*09639
REF*DP*043
DTM*999*20060705
RMR*IK*964820060629*PI*272.85*272.85*0
REF*PO*0020060630
REF*ST*09648
REF*DP*043
DTM*999*20060629
RMR*IK*964820060630*PI*276.45*276.45*0
REF*PO*0020060701
REF*ST*09648
REF*DP*043
DTM*999*20060630
RMR*IK*964820060701*PI*293.65*293.65*0
REF*PO*0020060702
REF*ST*09648
REF*DP*043
DTM*999*20060701
RMR*IK*964820060702*PI*202.75*202.75*0
REF*PO*0020060703
REF*ST*09648
REF*DP*043
DTM*999*20060702
RMR*IK*964820060703*PI*179.9*179.9*0
REF*PO*0020060704
REF*ST*09648
REF*DP*043
DTM*999*20060703
RMR*IK*964820060704*PI*101.35*101.35*0
REF*PO*0020060705
REF*ST*09648
REF*DP*043
DTM*999*20060704
RMR*IK*964820060705*PI*71.8*71.8*0
REF*PO*0020060706
REF*ST*09648
REF*DP*043
DTM*999*20060705
RMR*IK*967420060629*PI*269.55*269.55*0
REF*PO*0020060630
REF*ST*09674
REF*DP*043
DTM*999*20060629
RMR*IK*967420060630*PI*157.2*157.2*0
REF*PO*0020060701
REF*ST*09674
REF*DP*043
DTM*999*20060630
RMR*IK*967420060701*PI*193.1*193.1*0
REF*PO*0020060702
REF*ST*09674
REF*DP*043
DTM*999*20060701
RMR*IK*967420060702*PI*170.3*170.3*0
REF*PO*0020060703
REF*ST*09674
REF*DP*043
DTM*999*20060702
RMR*IK*967420060703*PI*100.95*100.95*0
REF*PO*0020060704
REF*ST*09674
REF*DP*043
DTM*999*20060703
RMR*IK*967420060704*PI*59.9*59.9*0
REF*PO*0020060705
REF*ST*09674
REF*DP*043
DTM*999*20060704
RMR*IK*967420060705*PI*40.95*40.95*0
REF*PO*0020060706
REF*ST*09674
REF*DP*043
DTM*999*20060705
RMR*IK*971420060629*PI*3.8*3.8*0
REF*PO*0020060630
REF*ST*09714
REF*DP*043
DTM*999*20060629
RMR*IK*971420060702*PI*8.7*8.7*0
REF*PO*0020060703
REF*ST*09714
REF*DP*043
DTM*999*20060702
RMR*IK*971420060703*PI*4.85*4.85*0
REF*PO*0020060704
REF*ST*09714
REF*DP*043
DTM*999*20060703
RMR*IK*971420060704*PI*.95*.95*0
REF*PO*0020060705
REF*ST*09714
REF*DP*043
DTM*999*20060704
RMR*IK*972820060629*PI*84.1*84.1*0
REF*PO*0020060630
REF*ST*09728
REF*DP*043
DTM*999*20060629
RMR*IK*972820060630*PI*103.45*103.45*0
REF*PO*0020060701
REF*ST*09728
REF*DP*043
DTM*999*20060630
RMR*IK*972820060701*PI*159.65*159.65*0
REF*PO*0020060702
REF*ST*09728
REF*DP*043
DTM*999*20060701
RMR*IK*972820060702*PI*111.2*111.2*0
REF*PO*0020060703
REF*ST*09728
REF*DP*043
DTM*999*20060702
RMR*IK*972820060703*PI*85*85*0
REF*PO*0020060704
REF*ST*09728
REF*DP*043
DTM*999*20060703
RMR*IK*972820060704*PI*105.85*105.85*0
REF*PO*0020060705
REF*ST*09728
REF*DP*043
DTM*999*20060704
RMR*IK*972820060705*PI*24.7*24.7*0
REF*PO*0020060706
REF*ST*09728
REF*DP*043
DTM*999*20060705
RMR*IK*973520060629*PI*37.7*37.7*0
REF*PO*0020060630
REF*ST*09735
REF*DP*043
DTM*999*20060629
RMR*IK*973520060630*PI*51.25*51.25*0
REF*PO*0020060701
REF*ST*09735
REF*DP*043
DTM*999*20060630
RMR*IK*973520060701*PI*27.7*27.7*0
REF*PO*0020060702
REF*ST*09735
REF*DP*043
DTM*999*20060701
RMR*IK*973520060702*PI*14.25*14.25*0
REF*PO*0020060703
REF*ST*09735
REF*DP*043
DTM*999*20060702
RMR*IK*973520060703*PI*26.5*26.5*0
REF*PO*0020060704
REF*ST*09735
REF*DP*043
DTM*999*20060703
RMR*IK*973520060704*PI*1.3*1.3*0
REF*PO*0020060705
REF*ST*09735
REF*DP*043
DTM*999*20060704
RMR*IK*973520060705*PI*25.65*25.65*0
REF*PO*0020060706
REF*ST*09735
REF*DP*043
DTM*999*20060705
RMR*IK*975820060629*PI*172.45*172.45*0
REF*PO*0020060630
REF*ST*09758
REF*DP*043
DTM*999*20060629
RMR*IK*975820060630*PI*126.65*126.65*0
REF*PO*0020060701
REF*ST*09758
REF*DP*043
DTM*999*20060630
RMR*IK*975820060701*PI*141.65*141.65*0
REF*PO*0020060702
REF*ST*09758
REF*DP*043
DTM*999*20060701
RMR*IK*975820060702*PI*113.65*113.65*0
REF*PO*0020060703
REF*ST*09758
REF*DP*043
DTM*999*20060702
RMR*IK*975820060703*PI*85.95*85.95*0
REF*PO*0020060704
REF*ST*09758
REF*DP*043
DTM*999*20060703
RMR*IK*975820060704*PI*75.15*75.15*0
REF*PO*0020060705
REF*ST*09758
REF*DP*043
DTM*999*20060704
RMR*IK*975820060705*PI*47.95*47.95*0
REF*PO*0020060706
REF*ST*09758
REF*DP*043
DTM*999*20060705
SE*3259*0001
GE*1*1000032
IEA*1*001000032
ISA*00*          *00*          *09*006985290AC    *12*6154525825     *060801*0521*U*00400*001000206*0*P*>
GS*PD*006985290AC*6154525825*20060801*0521*1000206*X*004010
ST*852*0001
XQ*H*20060801
N9*AD*T00000040
LIN**CB*488487117*ZZ*43*UP*831664001153*****DG*1*VS*00000
ZA*QS***006*20060731
CTP**UCP*2
SDQ*EA*ZZ*3289*2*3966*2*9674*1
LIN**CB*488487117*ZZ*43*UP*831664001153*****DG*5*VS*00000
ZA*QS***006*20060731
CTP**UCP*2
SDQ*EA*ZZ*4103*2
LIN**CB*488487117*ZZ*43*UP*831664001153*****DG*9*VS*00000
ZA*QS***006*20060731
CTP**UCP*2
SDQ*EA*ZZ*3103*1*4103*2
CTT*3
SE*17*0001
ST*852*0002
XQ*H*20060801
N9*AD*T00000040
LIN**CB*492922117*ZZ*43*UP*831664001139*****DG*1*VS*00000
ZA*QS***006*20060731
CTP**UCP*1.75
SDQ*EA*ZZ*7610*1*9674*3*9758*2
LIN**CB*492922117*ZZ*43*UP*831664001139*****DG*9*VS*00000
ZA*QS***006*20060731
CTP**UCP*1.75
SDQ*EA*ZZ*4103*1
CTT*2
SE*13*0002
ST*852*0003
XQ*H*20060801
N9*AD*T00000040
LIN**CB*596472118*ZZ*43*UP*831664001191*****DG*1*VS*00000
ZA*QS***006*20060731
CTP**UCP*4.95
SDQ*EA*ZZ*9629*1
LIN**CB*596472118*ZZ*43*UP*831664001191*****DG*9*VS*00000
ZA*QS***006*20060731
CTP**UCP*4.95
SDQ*EA*ZZ*4103*2
CTT*2
SE*13*0003
ST*852*0004
XQ*H*20060801
N9*AD*T00000040
LIN**CB*596474114*ZZ*43*UP*831664001214*****DG*1*VS*00000
ZA*QS***006*20060731
CTP**UCP*6.4
SDQ*EA*ZZ*4244*2*7358*8*7607*1*9728*2
LIN**CB*596474114*ZZ*43*UP*831664001214*****DG*9*VS*00000
ZA*QS***006*20060731
CTP**UCP*6.4
SDQ*EA*ZZ*4103*2
CTT*2
SE*13*0004
ST*852*0005
XQ*H*20060801
N9*AD*T00000040
LIN**CB*966989113*ZZ*43*UP*831664001115*****DG*1*VS*00000
ZA*QS***006*20060731
CTP**UCP*8.75
SDQ*EA*ZZ*7358*2*7558*1
CTT*1
SE*9*0005
ST*852*0006
XQ*H*20060801
N9*AD*T00000040
LIN**CB*969018118*ZZ*43*UP*831664001122*****DG*5*VS*00000
ZA*QS***006*20060731
CTP**UCP*3
SDQ*EA*ZZ*4244*1
LIN**CB*969018118*ZZ*43*UP*831664001122*****DG*9*VS*00000
ZA*QS***006*20060731
CTP**UCP*3
SDQ*EA*ZZ*9621*2
CTT*2
SE*13*0006
ST*852*0007
XQ*H*20060801
N9*AD*T00000040
LIN**CB*970657110*ZZ*43*UP*831664000842*****DG*1*VS*00000
ZA*QS***006*20060731
CTP**UCP*5
SDQ*EA*ZZ*3359*-3*4071*1*4244*4*4717*1*7132*1*7255*5
LIN**CB*970657110*ZZ*43*UP*831664000842*****DG*3*VS*00000
ZA*QS***006*20060731
CTP**UCP*5
SDQ*EA*ZZ*3223*2
LIN**CB*970657110*ZZ*43*UP*831664000842*****DG*5*VS*00000
ZA*QS***006*20060731
CTP**UCP*5
SDQ*EA*ZZ*7132*1*7154*2
LIN**CB*970657110*ZZ*43*UP*831664000842*****DG*9*VS*00000
ZA*QS***006*20060731
CTP**UCP*5
SDQ*EA*ZZ*4103*3
CTT*4
SE*21*0007
ST*852*0008
XQ*H*20060801
N9*AD*T00000040
LIN**CB*970956116*ZZ*43*UP*831664000019*****DG*1*VS*00000
ZA*QS***006*20060731
CTP**UCP*.35
SDQ*EA*ZZ*3194*1*7255*2*7358*5*7461*1*7607*6*7637*1*9621*3*9674*3*9728*5*9758*7
CTT*1
SE*9*0008
ST*852*0009
XQ*H*20060801
N9*AD*T00000040
LIN**CB*970957114*ZZ*43*UP*831664000255*****DG*1*VS*00000
ZA*QS***006*20060731
CTP**UCP*.82
SDQ*EA*ZZ*4093*1*7461*1
LIN**CB*970957114*ZZ*43*UP*831664000255*****DG*5*VS*00000
ZA*QS***006*20060731
CTP**UCP*.82
SDQ*EA*ZZ*9633*5
LIN**CB*970957114*ZZ*43*UP*831664000255*****DG*8*VS*00000
ZA*QS***006*20060731
CTP**UCP*.82
SDQ*EA*ZZ*3876*4
CTT*3
SE*17*0009
ST*852*0010
XQ*H*20060801
N9*AD*T00000040
LIN**CB*970959110*ZZ*43*UP*831664000675*****DG*1*VS*00000
ZA*QS***006*20060731
CTP**UCP*.95
SDQ*EA*ZZ*3685*2*4475*3
LIN**CB*970959110*ZZ*43*UP*831664000675*****DG*4*VS*00000
ZA*QS***006*20060731
CTP**UCP*.95
SDQ*EA*ZZ*9633*2
CTT*2
SE*13*0010
ST*852*0011
XQ*H*20060801
N9*AD*T00000040
LIN**CB*970960118*ZZ*43*UP*831664000682*****DG*1*VS*00000
ZA*QS***006*20060731
CTP**UCP*.95
SDQ*EA*ZZ*3644*21*3646*1*3822*4*3966*3*4093*15*4717*1*4739*1*7069*2*7132*1*7358*3
SDQ*EA*ZZ*7461*6*7610*2*9621*6*9633*1*9674*1*9728*3*9758*5
LIN**CB*970960118*ZZ*43*UP*831664000682*****DG*4*VS*00000
ZA*QS***006*20060731
CTP**UCP*.95
SDQ*EA*ZZ*9633*2
LIN**CB*970960118*ZZ*43*UP*831664000682*****DG*5*VS*00000
ZA*QS***006*20060731
CTP**UCP*.95
SDQ*EA*ZZ*7607*6*9513*3
LIN**CB*970960118*ZZ*43*UP*831664000682*****DG*9*VS*00000
ZA*QS***006*20060731
CTP**UCP*.95
SDQ*EA*ZZ*4103*23
CTT*4
SE*22*0011
ST*852*0012
XQ*H*20060801
N9*AD*T00000040
LIN**CB*970961116*ZZ*43*UP*831664000330*****DG*1*VS*00000
ZA*QS***006*20060731
CTP**UCP*.95
SDQ*EA*ZZ*3876*5*3966*3*4093*2*4717*1*7629*10*7718*1*9728*2*9758*1
LIN**CB*970961116*ZZ*43*UP*831664000330*****DG*5*VS*00000
ZA*QS***006*20060731
CTP**UCP*.95
SDQ*EA*ZZ*7255*3*7607*1*9513*3
LIN**CB*970961116*ZZ*43*UP*831664000330*****DG*9*VS*00000
ZA*QS***006*20060731
CTP**UCP*.95
SDQ*EA*ZZ*4103*2
CTT*3
SE*17*0012
ST*852*0013
XQ*H*20060801
N9*AD*T00000040
LIN**CB*970962114*ZZ*43*UP*831664000941*****DG*1*VS*00000
ZA*QS***006*20060731
CTP**UCP*.95
SDQ*EA*ZZ*7132*2*7718*22*9633*2*9758*7
CTT*1
SE*9*0013
ST*852*0014
XQ*H*20060801
N9*AD*T00000040
LIN**CB*970964110*ZZ*43*UP*831664000453*****DG*1*VS*00000
ZA*QS***006*20060731
CTP**UCP*3
SDQ*EA*ZZ*3822*1*4093*1*4244*3*7132*1*7461*4*9621*3*9728*1
LIN**CB*970964110*ZZ*43*UP*831664000453*****DG*4*VS*00000
ZA*QS***006*20060731
CTP**UCP*3
SDQ*EA*ZZ*7076*1
LIN**CB*970964110*ZZ*43*UP*831664000453*****DG*5*VS*00000
ZA*QS***006*20060731
CTP**UCP*3
SDQ*EA*ZZ*3644*-2*7607*5
LIN**CB*970964110*ZZ*43*UP*831664000453*****DG*9*VS*00000
ZA*QS***006*20060731
CTP**UCP*3
SDQ*EA*ZZ*3103*2*4103*12
CTT*4
SE*21*0014
ST*852*0015
XQ*H*20060801
N9*AD*T00000040
LIN**CB*970965117*ZZ*43*UP*831664000460*****DG*1*VS*00000
ZA*QS***006*20060731
CTP**UCP*3
SDQ*EA*ZZ*4093*3*4198*1*7255*1*7358*1*7719*1
LIN**CB*970965117*ZZ*43*UP*831664000460*****DG*9*VS*00000
ZA*QS***006*20060731
CTP**UCP*3
SDQ*EA*ZZ*3103*1*4103*4
CTT*2
SE*13*0015
ST*852*0016
XQ*H*20060801
N9*AD*T00000040
LIN**CB*970967113*ZZ*43*UP*831664000484*****DG*1*VS*00000
ZA*QS***006*20060731
CTP**UCP*4.95
SDQ*EA*ZZ*3996*2
LIN**CB*970967113*ZZ*43*UP*831664000484*****DG*5*VS*00000
ZA*QS***006*20060731
CTP**UCP*4.95
SDQ*EA*ZZ*7607*1
LIN**CB*970967113*ZZ*43*UP*831664000484*****DG*8*VS*00000
ZA*QS***006*20060731
CTP**UCP*4.95
SDQ*EA*ZZ*4739*1
LIN**CB*970967113*ZZ*43*UP*831664000484*****DG*9*VS*00000
ZA*QS***006*20060731
CTP**UCP*4.95
SDQ*EA*ZZ*3103*1
CTT*4
SE*21*0016
ST*852*0017
XQ*H*20060801
N9*AD*T00000040
LIN**CB*970970117*ZZ*43*UP*831664000859*****DG*4*VS*00000
ZA*QS***006*20060731
CTP**UCP*2.45
SDQ*EA*ZZ*7607*17
LIN**CB*970970117*ZZ*43*UP*831664000859*****DG*5*VS*00000
ZA*QS***006*20060731
CTP**UCP*2.45
SDQ*EA*ZZ*9633*3
CTT*2
SE*13*0017
ST*852*0018
XQ*H*20060801
N9*AD*T00000040
LIN**CB*970971115*ZZ*43*UP*831664000781*****DG*1*VS*00000
ZA*QS***006*20060731
CTP**UCP*1.75
SDQ*EA*ZZ*4093*3*9621*1*9633*1*9674*11
CTT*1
SE*9*0018
ST*852*0019
XQ*H*20060801
N9*AD*T00000040
LIN**CB*970978110*ZZ*43*UP*831664000538*****DG*1*VS*00000
ZA*QS***006*20060731
CTP**UCP*7.25
SDQ*EA*ZZ*9758*1
CTT*1
SE*9*0019
ST*852*0020
XQ*H*20060801
N9*AD*T00000040
LIN**CB*970980116*ZZ*43*UP*831664000965*****DG*1*VS*00000
ZA*QS***006*20060731
CTP**UCP*.35
SDQ*EA*ZZ*3194*4*3715*58*3848*12*7607*14
CTT*1
SE*9*0020
ST*852*0021
XQ*H*20060801
N9*AD*T00000040
LIN**CB*970981114*ZZ*43*UP*831664000972*****DG*1*VS*00000
ZA*QS***006*20060731
CTP**UCP*.65
SDQ*EA*ZZ*3644*3*3715*14*7076*6*9633*4
CTT*1
SE*9*0021
ST*852*0022
XQ*H*20060801
N9*AD*T00000040
LIN**CB*970983110*ZZ*43*UP*831664000996*****DG*1*VS*00000
ZA*QS***006*20060731
CTP**UCP*1.35
SDQ*EA*ZZ*3644*2*3715*14*3836*12*3941*2*7255*1*7607*30*9633*8
CTT*1
SE*9*0022
ST*852*0023
XQ*H*20060801
N9*AD*T00000040
LIN**CB*970985115*ZZ*43*UP*831664001016*****DG*1*VS*00000
ZA*QS***006*20060731
CTP**UCP*2
SDQ*EA*ZZ*3978*2*4093*1*7607*12*9758*2
CTT*1
SE*9*0023
ST*852*0024
XQ*H*20060801
N9*AD*T00000040
LIN**CB*970986113*ZZ*43*UP*831664001023*****DG*1*VS*00000
ZA*QS***006*20060731
CTP**UCP*2.6
SDQ*EA*ZZ*7255*2
CTT*1
SE*9*0024
ST*852*0025
XQ*H*20060801
N9*AD*T00000040
LIN**CB*970988119*ZZ*43*UP*831664001047*****DG*1*VS*00000
ZA*QS***006*20060731
CTP**UCP*.5
SDQ*EA*ZZ*4244*1
CTT*1
SE*9*0025
GE*25*1000206
IEA*1*001000206
*** SUPERTRACS READY FOR INPUT
