ISA*03*DALLA005  *01*DALLA005  *01*006203210P     *12*7123660407     *100616*1251*U*00401*000003043*0*P*>
GS*TX*006203210*7123660407*20100616*1251*1457*X*004010
ST*864*0001
BMG*18*132384
MIT*SPFD73288770*Invoice has been payment refused
MSG*PLEASE RESEND PACKING LIST SIGNED POD UNABLE TO READ THE ONE WE RCVD
MSG*Fax your authorization to deduct/credit memo or concerns to the Electronic Payment Issues Team at 715-876-5964.  Thank You
MSG*Alternatively, an email can be sent to PRFresponse@menard-inc.com.  All Authorizations to deduct are final.
SE*7*0001
ST*864*0002
BMG*54*148428
MIT*SPNC73657620*Matched
MSG*Matched
SE*5*0002
ST*864*0003
BMG*54*152459
MIT*BELL73683151*Matched
MSG*Matched
SE*5*0003
GE*3*1457
IEA*1*000003043
ISA*00*          *00*          *09*006985290EFT   *12*7123660407     *100616*0301*U*00400*000000146*0*P*>
GS*RA*006985290EFT*7123660407*20100616*0301*146*X*004010
ST*820*0001
BPR*I*47793.19*C*ACH*CCP*01*061209756*DA*2079900567397*9008965873**01*104022447*DA*526067*20100617*VEN
TRN*3*771459305*9008965873
DTM*097*20100616
N1*PR*SEARS HOLDINGS MANAGEMENT CORP.*1*008965873
N1*PE*COLOR INK INC SBT*92*00022083117
N1*SE*COLOR INK INC SBT*92*00022083117
ENT*1
RMR*IK*303120100608*PI*24*24*0
REF*PO*0020100608
REF*ST*03031
REF*DP*043
DTM*999*20100607
RMR*IK*303120100609*PI*32*32*0
REF*PO*0020100609
REF*ST*03031
REF*DP*043
DTM*999*20100608
RMR*IK*303120100611*PI*4*4*0
REF*PO*0020100611
REF*ST*03031
REF*DP*043
DTM*999*20100610
RMR*IK*303120100612*PI*16*16*0
REF*PO*0020100612
REF*ST*03031
REF*DP*043
DTM*999*20100611
RMR*IK*303120100613*PI*16*16*0
REF*PO*0020100613
REF*ST*03031
REF*DP*043
DTM*999*20100612
RMR*IK*303420100611*PI*8*8*0
REF*PO*0020100611
REF*ST*03034
REF*DP*043
DTM*999*20100610
RMR*IK*303420100612*PI*7.25*7.25*0
REF*PO*0020100612
REF*ST*03034
REF*DP*043
DTM*999*20100611
RMR*IK*303420100614*PI*4.35*4.35*0
REF*PO*0020100614
REF*ST*03034
REF*DP*043
DTM*999*20100613
RMR*IK*304520100608*PI*8*8*0
REF*PO*0020100608
REF*ST*03045
REF*DP*043
DTM*999*20100607
RMR*IK*304520100609*PI*16*16*0
REF*PO*0020100609
REF*ST*03045
REF*DP*043
DTM*999*20100608
RMR*IK*304520100610*PI*4*4*0
REF*PO*0020100610
REF*ST*03045
REF*DP*043
DTM*999*20100609
RMR*IK*304520100611*PI*16*16*0
REF*PO*0020100611
REF*ST*03045
REF*DP*043
DTM*999*20100610
RMR*IK*304520100613*PI*16*16*0
REF*PO*0020100613
REF*ST*03045
REF*DP*043
DTM*999*20100612
RMR*IK*304520100614*PI*88*88*0
REF*PO*0020100614
REF*ST*03045
REF*DP*043
DTM*999*20100613
RMR*IK*305920100608*PI*4*4*0
REF*PO*0020100608
REF*ST*03059
REF*DP*043
DTM*999*20100607
RMR*IK*305920100610*PI*16*16*0
REF*PO*0020100610
REF*ST*03059
REF*DP*043
DTM*999*20100609
RMR*IK*305920100611*PI*20*20*0
REF*PO*0020100611
REF*ST*03059
REF*DP*043
DTM*999*20100610
RMR*IK*305920100612*PI*36*36*0
REF*PO*0020100612
REF*ST*03059
REF*DP*043
DTM*999*20100611
RMR*IK*305920100613*PI*-8*-8*0
REF*PO*0020100613
REF*ST*03059
REF*DP*043
DTM*999*20100611
RMR*IK*305920100613*PI*32*32*0
REF*PO*0020100613
REF*ST*03059
REF*DP*043
DTM*999*20100612
RMR*IK*305920100614*PI*12*12*0
REF*PO*0020100614
REF*ST*03059
REF*DP*043
DTM*999*20100613
RMR*IK*309720100608*PI*351.13*351.13*0
REF*PO*0020100608
REF*ST*03097
REF*DP*043
DTM*999*20100607
RMR*IK*309720100609*PI*148.38*148.38*0
REF*PO*0020100609
REF*ST*03097
REF*DP*043
DTM*999*20100608
RMR*IK*309720100610*PI*311.34*311.34*0
REF*PO*0020100610
REF*ST*03097
REF*DP*043
DTM*999*20100609
RMR*IK*309720100611*PI*102.35*102.35*0
REF*PO*0020100611
REF*ST*03097
REF*DP*043
DTM*999*20100610
RMR*IK*309720100612*PI*161.02*161.02*0
REF*PO*0020100612
REF*ST*03097
REF*DP*043
DTM*999*20100611
RMR*IK*309720100613*PI*179.41*179.41*0
REF*PO*0020100613
REF*ST*03097
REF*DP*043
DTM*999*20100612
RMR*IK*309720100614*PI*209.6*209.6*0
REF*PO*0020100614
REF*ST*03097
REF*DP*043
DTM*999*20100613
RMR*IK*310320100614*PI*2.9*2.9*0
REF*PO*0020100614
REF*ST*03103
REF*DP*043
DTM*999*20100613
RMR*IK*313720100608*PI*20*20*0
REF*PO*0020100608
REF*ST*03137
REF*DP*043
DTM*999*20100607
RMR*IK*313720100609*PI*4*4*0
REF*PO*0020100609
REF*ST*03137
REF*DP*043
DTM*999*20100608
RMR*IK*313720100610*PI*4*4*0
REF*PO*0020100610
REF*ST*03137
REF*DP*043
DTM*999*20100609
RMR*IK*313720100611*PI*4*4*0
REF*PO*0020100611
REF*ST*03137
REF*DP*043
DTM*999*20100610
RMR*IK*318420100608*PI*8*8*0
REF*PO*0020100608
REF*ST*03184
REF*DP*043
DTM*999*20100607
RMR*IK*318420100609*PI*12*12*0
REF*PO*0020100609
REF*ST*03184
REF*DP*043
DTM*999*20100608
RMR*IK*318420100610*PI*36*36*0
REF*PO*0020100610
REF*ST*03184
REF*DP*043
DTM*999*20100609
RMR*IK*318420100611*PI*20*20*0
REF*PO*0020100611
REF*ST*03184
REF*DP*043
DTM*999*20100610
RMR*IK*318420100612*PI*8*8*0
REF*PO*0020100612
REF*ST*03184
REF*DP*043
DTM*999*20100611
RMR*IK*318420100613*PI*44*44*0
REF*PO*0020100613
REF*ST*03184
REF*DP*043
DTM*999*20100612
RMR*IK*318420100614*PI*24*24*0
REF*PO*0020100614
REF*ST*03184
REF*DP*043
DTM*999*20100613
RMR*IK*324120100608*PI*20*20*0
REF*PO*0020100608
REF*ST*03241
REF*DP*043
DTM*999*20100607
RMR*IK*324120100609*PI*12*12*0
REF*PO*0020100609
REF*ST*03241
REF*DP*043
DTM*999*20100608
RMR*IK*324120100610*PI*36*36*0
REF*PO*0020100610
REF*ST*03241
REF*DP*043
DTM*999*20100609
RMR*IK*324120100612*PI*24*24*0
REF*PO*0020100612
REF*ST*03241
REF*DP*043
DTM*999*20100611
RMR*IK*324120100613*PI*16*16*0
REF*PO*0020100613
REF*ST*03241
REF*DP*043
DTM*999*20100612
RMR*IK*324120100614*PI*4*4*0
REF*PO*0020100614
REF*ST*03241
REF*DP*043
DTM*999*20100613
RMR*IK*332220100612*PI*24*24*0
REF*PO*0020100612
REF*ST*03322
REF*DP*043
DTM*999*20100611
RMR*IK*335820100609*PI*52*52*0
REF*PO*0020100609
REF*ST*03358
REF*DP*043
DTM*999*20100608
RMR*IK*335820100611*PI*8*8*0
REF*PO*0020100611
REF*ST*03358
REF*DP*043
DTM*999*20100610
RMR*IK*335820100612*PI*8*8*0
REF*PO*0020100612
REF*ST*03358
REF*DP*043
DTM*999*20100611
RMR*IK*335820100613*PI*16*16*0
REF*PO*0020100613
REF*ST*03358
REF*DP*043
DTM*999*20100612
RMR*IK*335820100614*PI*16*16*0
REF*PO*0020100614
REF*ST*03358
REF*DP*043
DTM*999*20100613
RMR*IK*342220100608*PI*56*56*0
REF*PO*0020100608
REF*ST*03422
REF*DP*043
DTM*999*20100607
RMR*IK*342220100610*PI*24*24*0
REF*PO*0020100610
REF*ST*03422
REF*DP*043
DTM*999*20100609
RMR*IK*342220100614*PI*8*8*0
REF*PO*0020100614
REF*ST*03422
REF*DP*043
DTM*999*20100613
RMR*IK*344720100608*PI*41.35*41.35*0
REF*PO*0020100608
REF*ST*03447
REF*DP*043
DTM*999*20100607
RMR*IK*344720100609*PI*36.8*36.8*0
REF*PO*0020100609
REF*ST*03447
REF*DP*043
DTM*999*20100608
RMR*IK*344720100610*PI*93.5*93.5*0
REF*PO*0020100610
REF*ST*03447
REF*DP*043
DTM*999*20100609
RMR*IK*344720100611*PI*36.6*36.6*0
REF*PO*0020100611
REF*ST*03447
REF*DP*043
DTM*999*20100610
RMR*IK*344720100612*PI*81.55*81.55*0
REF*PO*0020100612
REF*ST*03447
REF*DP*043
DTM*999*20100611
RMR*IK*344720100613*PI*89.2*89.2*0
REF*PO*0020100613
REF*ST*03447
REF*DP*043
DTM*999*20100612
RMR*IK*344720100614*PI*62.5*62.5*0
REF*PO*0020100614
REF*ST*03447
REF*DP*043
DTM*999*20100613
RMR*IK*354120100608*PI*61.8*61.8*0
REF*PO*0020100608
REF*ST*03541
REF*DP*043
DTM*999*20100607
RMR*IK*354120100609*PI*4*4*0
REF*PO*0020100609
REF*ST*03541
REF*DP*043
DTM*999*20100608
RMR*IK*354120100610*PI*78.45*78.45*0
REF*PO*0020100610
REF*ST*03541
REF*DP*043
DTM*999*20100609
RMR*IK*354120100611*PI*42.45*42.45*0
REF*PO*0020100611
REF*ST*03541
REF*DP*043
DTM*999*20100610
RMR*IK*354120100612*PI*76.9*76.9*0
REF*PO*0020100612
REF*ST*03541
REF*DP*043
DTM*999*20100611
RMR*IK*354120100613*PI*22.05*22.05*0
REF*PO*0020100613
REF*ST*03541
REF*DP*043
DTM*999*20100612
RMR*IK*354120100614*PI*36*36*0
REF*PO*0020100614
REF*ST*03541
REF*DP*043
DTM*999*20100613
RMR*IK*357920100608*PI*4*4*0
REF*PO*0020100608
REF*ST*03579
REF*DP*043
DTM*999*20100607
RMR*IK*357920100609*PI*32*32*0
REF*PO*0020100609
REF*ST*03579
REF*DP*043
DTM*999*20100608
RMR*IK*357920100610*PI*16*16*0
REF*PO*0020100610
REF*ST*03579
REF*DP*043
DTM*999*20100609
RMR*IK*357920100612*PI*4*4*0
REF*PO*0020100612
REF*ST*03579
REF*DP*043
DTM*999*20100611
RMR*IK*357920100613*PI*16*16*0
REF*PO*0020100613
REF*ST*03579
REF*DP*043
DTM*999*20100612
RMR*IK*357920100614*PI*44*44*0
REF*PO*0020100614
REF*ST*03579
REF*DP*043
DTM*999*20100613
RMR*IK*358520100608*PI*211.31*211.31*0
REF*PO*0020100608
REF*ST*03585
REF*DP*043
DTM*999*20100607
RMR*IK*358520100609*PI*259.54*259.54*0
REF*PO*0020100609
REF*ST*03585
REF*DP*043
DTM*999*20100608
RMR*IK*358520100610*PI*407.21*407.21*0
REF*PO*0020100610
REF*ST*03585
REF*DP*043
DTM*999*20100609
RMR*IK*358520100611*PI*105.69*105.69*0
REF*PO*0020100611
REF*ST*03585
REF*DP*043
DTM*999*20100610
RMR*IK*358520100612*PI*222.08*222.08*0
REF*PO*0020100612
REF*ST*03585
REF*DP*043
DTM*999*20100611
RMR*IK*358520100613*PI*296.28*296.28*0
REF*PO*0020100613
REF*ST*03585
REF*DP*043
DTM*999*20100612
RMR*IK*358520100614*PI*159.02*159.02*0
REF*PO*0020100614
REF*ST*03585
REF*DP*043
DTM*999*20100613
RMR*IK*365520100608*PI*48*48*0
REF*PO*0020100608
REF*ST*03655
REF*DP*043
DTM*999*20100607
RMR*IK*365520100609*PI*12*12*0
REF*PO*0020100609
REF*ST*03655
REF*DP*043
DTM*999*20100608
RMR*IK*365520100610*PI*48*48*0
REF*PO*0020100610
REF*ST*03655
REF*DP*043
DTM*999*20100609
RMR*IK*365520100611*PI*80.9*80.9*0
REF*PO*0020100611
REF*ST*03655
REF*DP*043
DTM*999*20100610
RMR*IK*365520100612*PI*56*56*0
REF*PO*0020100612
REF*ST*03655
REF*DP*043
DTM*999*20100611
RMR*IK*365520100613*PI*12*12*0
REF*PO*0020100613
REF*ST*03655
REF*DP*043
DTM*999*20100612
RMR*IK*365520100614*PI*4*4*0
REF*PO*0020100614
REF*ST*03655
REF*DP*043
DTM*999*20100613
RMR*IK*373520100608*PI*56*56*0
REF*PO*0020100608
REF*ST*03735
REF*DP*043
DTM*999*20100607
RMR*IK*373520100610*PI*20*20*0
REF*PO*0020100610
REF*ST*03735
REF*DP*043
DTM*999*20100609
RMR*IK*373520100611*PI*12*12*0
REF*PO*0020100611
REF*ST*03735
REF*DP*043
DTM*999*20100610
RMR*IK*373520100612*PI*8*8*0
REF*PO*0020100612
REF*ST*03735
REF*DP*043
DTM*999*20100611
RMR*IK*373520100613*PI*4*4*0
REF*PO*0020100613
REF*ST*03735
REF*DP*043
DTM*999*20100612
RMR*IK*373520100614*PI*16*16*0
REF*PO*0020100614
REF*ST*03735
REF*DP*043
DTM*999*20100613
RMR*IK*375020100608*PI*73.8*73.8*0
REF*PO*0020100608
REF*ST*03750
REF*DP*043
DTM*999*20100607
RMR*IK*375020100610*PI*76*76*0
REF*PO*0020100610
REF*ST*03750
REF*DP*043
DTM*999*20100609
RMR*IK*375020100611*PI*36*36*0
REF*PO*0020100611
REF*ST*03750
REF*DP*043
DTM*999*20100610
RMR*IK*375020100612*PI*28*28*0
REF*PO*0020100612
REF*ST*03750
REF*DP*043
DTM*999*20100611
RMR*IK*375020100613*PI*78.45*78.45*0
REF*PO*0020100613
REF*ST*03750
REF*DP*043
DTM*999*20100612
RMR*IK*375020100614*PI*68.9*68.9*0
REF*PO*0020100614
REF*ST*03750
REF*DP*043
DTM*999*20100613
RMR*IK*375820100608*PI*88*88*0
REF*PO*0020100608
REF*ST*03758
REF*DP*043
DTM*999*20100607
RMR*IK*375820100609*PI*16*16*0
REF*PO*0020100609
REF*ST*03758
REF*DP*043
DTM*999*20100608
RMR*IK*375820100610*PI*68*68*0
REF*PO*0020100610
REF*ST*03758
REF*DP*043
DTM*999*20100609
RMR*IK*375820100611*PI*48*48*0
REF*PO*0020100611
REF*ST*03758
REF*DP*043
DTM*999*20100610
RMR*IK*375820100612*PI*39.35*39.35*0
REF*PO*0020100612
REF*ST*03758
REF*DP*043
DTM*999*20100611
RMR*IK*375820100613*PI*44*44*0
REF*PO*0020100613
REF*ST*03758
REF*DP*043
DTM*999*20100612
RMR*IK*375820100614*PI*32*32*0
REF*PO*0020100614
REF*ST*03758
REF*DP*043
DTM*999*20100613
RMR*IK*375920100608*PI*48*48*0
REF*PO*0020100608
REF*ST*03759
REF*DP*043
DTM*999*20100607
RMR*IK*375920100609*PI*68*68*0
REF*PO*0020100609
REF*ST*03759
REF*DP*043
DTM*999*20100608
RMR*IK*375920100610*PI*31.35*31.35*0
REF*PO*0020100610
REF*ST*03759
REF*DP*043
DTM*999*20100609
RMR*IK*375920100611*PI*88*88*0
REF*PO*0020100611
REF*ST*03759
REF*DP*043
DTM*999*20100610
RMR*IK*375920100612*PI*120*120*0
REF*PO*0020100612
REF*ST*03759
REF*DP*043
DTM*999*20100611
RMR*IK*375920100613*PI*76*76*0
REF*PO*0020100613
REF*ST*03759
REF*DP*043
DTM*999*20100612
RMR*IK*375920100614*PI*24*24*0
REF*PO*0020100614
REF*ST*03759
REF*DP*043
DTM*999*20100613
RMR*IK*376920100608*PI*29.15*29.15*0
REF*PO*0020100608
REF*ST*03769
REF*DP*043
DTM*999*20100607
RMR*IK*376920100610*PI*8*8*0
REF*PO*0020100610
REF*ST*03769
REF*DP*043
DTM*999*20100609
RMR*IK*376920100611*PI*8*8*0
REF*PO*0020100611
REF*ST*03769
REF*DP*043
DTM*999*20100610
RMR*IK*376920100612*PI*4.9*4.9*0
REF*PO*0020100612
REF*ST*03769
REF*DP*043
DTM*999*20100611
RMR*IK*376920100613*PI*10.45*10.45*0
REF*PO*0020100613
REF*ST*03769
REF*DP*043
DTM*999*20100612
RMR*IK*376920100614*PI*4.9*4.9*0
REF*PO*0020100614
REF*ST*03769
REF*DP*043
DTM*999*20100613
RMR*IK*377520100608*PI*30.45*30.45*0
REF*PO*0020100608
REF*ST*03775
REF*DP*043
DTM*999*20100607
RMR*IK*377520100609*PI*36.9*36.9*0
REF*PO*0020100609
REF*ST*03775
REF*DP*043
DTM*999*20100608
RMR*IK*377520100611*PI*24*24*0
REF*PO*0020100611
REF*ST*03775
REF*DP*043
DTM*999*20100610
RMR*IK*377520100612*PI*8*8*0
REF*PO*0020100612
REF*ST*03775
REF*DP*043
DTM*999*20100611
RMR*IK*377520100613*PI*18.7*18.7*0
REF*PO*0020100613
REF*ST*03775
REF*DP*043
DTM*999*20100612
RMR*IK*377520100614*PI*12*12*0
REF*PO*0020100614
REF*ST*03775
REF*DP*043
DTM*999*20100613
RMR*IK*377720100608*PI*12*12*0
REF*PO*0020100608
REF*ST*03777
REF*DP*043
DTM*999*20100607
RMR*IK*377720100609*PI*8*8*0
REF*PO*0020100609
REF*ST*03777
REF*DP*043
DTM*999*20100608
RMR*IK*377720100610*PI*8*8*0
REF*PO*0020100610
REF*ST*03777
REF*DP*043
DTM*999*20100609
RMR*IK*377720100611*PI*29.8*29.8*0
REF*PO*0020100611
REF*ST*03777
REF*DP*043
DTM*999*20100610
RMR*IK*377720100612*PI*53.8*53.8*0
REF*PO*0020100612
REF*ST*03777
REF*DP*043
DTM*999*20100611
RMR*IK*377720100613*PI*24*24*0
REF*PO*0020100613
REF*ST*03777
REF*DP*043
DTM*999*20100612
RMR*IK*377720100614*PI*23.35*23.35*0
REF*PO*0020100614
REF*ST*03777
REF*DP*043
DTM*999*20100613
RMR*IK*377920100608*PI*16*16*0
REF*PO*0020100608
REF*ST*03779
REF*DP*043
DTM*999*20100607
RMR*IK*377920100609*PI*20*20*0
REF*PO*0020100609
REF*ST*03779
REF*DP*043
DTM*999*20100608
RMR*IK*377920100610*PI*52*52*0
REF*PO*0020100610
REF*ST*03779
REF*DP*043
DTM*999*20100609
RMR*IK*377920100612*PI*4*4*0
REF*PO*0020100612
REF*ST*03779
REF*DP*043
DTM*999*20100611
RMR*IK*377920100613*PI*36*36*0
REF*PO*0020100613
REF*ST*03779
REF*DP*043
DTM*999*20100612
RMR*IK*377920100614*PI*12*12*0
REF*PO*0020100614
REF*ST*03779
REF*DP*043
DTM*999*20100613
RMR*IK*378020100608*PI*6.45*6.45*0
REF*PO*0020100608
REF*ST*03780
REF*DP*043
DTM*999*20100607
RMR*IK*378020100611*PI*24*24*0
REF*PO*0020100611
REF*ST*03780
REF*DP*043
DTM*999*20100610
RMR*IK*378020100612*PI*16.9*16.9*0
REF*PO*0020100612
REF*ST*03780
REF*DP*043
DTM*999*20100611
RMR*IK*378020100613*PI*4*4*0
REF*PO*0020100613
REF*ST*03780
REF*DP*043
DTM*999*20100612
RMR*IK*378020100614*PI*20*20*0
REF*PO*0020100614
REF*ST*03780
REF*DP*043
DTM*999*20100613
RMR*IK*378120100608*PI*16*16*0
REF*PO*0020100608
REF*ST*03781
REF*DP*043
DTM*999*20100607
RMR*IK*378120100610*PI*4*4*0
REF*PO*0020100610
REF*ST*03781
REF*DP*043
DTM*999*20100609
RMR*IK*378120100612*PI*4*4*0
REF*PO*0020100612
REF*ST*03781
REF*DP*043
DTM*999*20100611
RMR*IK*378120100613*PI*20*20*0
REF*PO*0020100613
REF*ST*03781
REF*DP*043
DTM*999*20100612
RMR*IK*381220100608*PI*8*8*0
REF*PO*0020100608
REF*ST*03812
REF*DP*043
DTM*999*20100607
RMR*IK*381220100609*PI*20*20*0
REF*PO*0020100609
REF*ST*03812
REF*DP*043
DTM*999*20100608
RMR*IK*381220100610*PI*8*8*0
REF*PO*0020100610
REF*ST*03812
REF*DP*043
DTM*999*20100609
RMR*IK*381220100611*PI*8*8*0
REF*PO*0020100611
REF*ST*03812
REF*DP*043
DTM*999*20100610
RMR*IK*381220100613*PI*32*32*0
REF*PO*0020100613
REF*ST*03812
REF*DP*043
DTM*999*20100612
RMR*IK*381220100614*PI*16*16*0
REF*PO*0020100614
REF*ST*03812
REF*DP*043
DTM*999*20100613
RMR*IK*381420100608*PI*208.22*208.22*0
REF*PO*0020100608
REF*ST*03814
REF*DP*043
DTM*999*20100607
RMR*IK*381420100609*PI*240.13*240.13*0
REF*PO*0020100609
REF*ST*03814
REF*DP*043
DTM*999*20100608
RMR*IK*381420100610*PI*381.87*381.87*0
REF*PO*0020100610
REF*ST*03814
REF*DP*043
DTM*999*20100609
RMR*IK*381420100611*PI*91.26*91.26*0
REF*PO*0020100611
REF*ST*03814
REF*DP*043
DTM*999*20100610
RMR*IK*381420100612*PI*226.5*226.5*0
REF*PO*0020100612
REF*ST*03814
REF*DP*043
DTM*999*20100611
RMR*IK*381420100613*PI*317.23*317.23*0
REF*PO*0020100613
REF*ST*03814
REF*DP*043
DTM*999*20100612
RMR*IK*381420100614*PI*151.42*151.42*0
REF*PO*0020100614
REF*ST*03814
REF*DP*043
DTM*999*20100613
RMR*IK*383220100608*PI*8*8*0
REF*PO*0020100608
REF*ST*03832
REF*DP*043
DTM*999*20100607
RMR*IK*383220100609*PI*12*12*0
REF*PO*0020100609
REF*ST*03832
REF*DP*043
DTM*999*20100608
RMR*IK*383220100610*PI*8*8*0
REF*PO*0020100610
REF*ST*03832
REF*DP*043
DTM*999*20100609
RMR*IK*383220100611*PI*12*12*0
REF*PO*0020100611
REF*ST*03832
REF*DP*043
DTM*999*20100610
RMR*IK*383220100612*PI*4*4*0
REF*PO*0020100612
REF*ST*03832
REF*DP*043
DTM*999*20100611
RMR*IK*383220100613*PI*20*20*0
REF*PO*0020100613
REF*ST*03832
REF*DP*043
DTM*999*20100612
RMR*IK*383220100614*PI*20*20*0
REF*PO*0020100614
REF*ST*03832
REF*DP*043
DTM*999*20100613
RMR*IK*383320100611*PI*4*4*0
REF*PO*0020100611
REF*ST*03833
REF*DP*043
DTM*999*20100610
RMR*IK*383320100613*PI*8*8*0
REF*PO*0020100613
REF*ST*03833
REF*DP*043
DTM*999*20100612
RMR*IK*386620100608*PI*36*36*0
REF*PO*0020100608
REF*ST*03866
REF*DP*043
DTM*999*20100607
RMR*IK*386620100614*PI*12*12*0
REF*PO*0020100614
REF*ST*03866
REF*DP*043
DTM*999*20100613
RMR*IK*389320100608*PI*78.45*78.45*0
REF*PO*0020100608
REF*ST*03893
REF*DP*043
DTM*999*20100607
RMR*IK*389320100609*PI*28*28*0
REF*PO*0020100609
REF*ST*03893
REF*DP*043
DTM*999*20100608
RMR*IK*389320100610*PI*104*104*0
REF*PO*0020100610
REF*ST*03893
REF*DP*043
DTM*999*20100609
RMR*IK*389320100611*PI*6.45*6.45*0
REF*PO*0020100611
REF*ST*03893
REF*DP*043
DTM*999*20100610
RMR*IK*389320100612*PI*8*8*0
REF*PO*0020100612
REF*ST*03893
REF*DP*043
DTM*999*20100611
RMR*IK*389320100613*PI*12*12*0
REF*PO*0020100613
REF*ST*03893
REF*DP*043
DTM*999*20100612
RMR*IK*389320100614*PI*8*8*0
REF*PO*0020100614
REF*ST*03893
REF*DP*043
DTM*999*20100613
RMR*IK*389720100610*PI*8*8*0
REF*PO*0020100610
REF*ST*03897
REF*DP*043
DTM*999*20100609
RMR*IK*389720100611*PI*20*20*0
REF*PO*0020100611
REF*ST*03897
REF*DP*043
DTM*999*20100610
RMR*IK*389720100613*PI*44*44*0
REF*PO*0020100613
REF*ST*03897
REF*DP*043
DTM*999*20100612
RMR*IK*389720100614*PI*32*32*0
REF*PO*0020100614
REF*ST*03897
REF*DP*043
DTM*999*20100613
RMR*IK*390720100608*PI*84.3*84.3*0
REF*PO*0020100608
REF*ST*03907
REF*DP*043
DTM*999*20100607
RMR*IK*390720100609*PI*113.13*113.13*0
REF*PO*0020100609
REF*ST*03907
REF*DP*043
DTM*999*20100608
RMR*IK*390720100610*PI*43.56*43.56*0
REF*PO*0020100610
REF*ST*03907
REF*DP*043
DTM*999*20100609
RMR*IK*390720100611*PI*44.23*44.23*0
REF*PO*0020100611
REF*ST*03907
REF*DP*043
DTM*999*20100610
RMR*IK*390720100612*PI*75.47*75.47*0
REF*PO*0020100612
REF*ST*03907
REF*DP*043
DTM*999*20100611
RMR*IK*390720100613*PI*72.7*72.7*0
REF*PO*0020100613
REF*ST*03907
REF*DP*043
DTM*999*20100612
RMR*IK*390720100614*PI*31.05*31.05*0
REF*PO*0020100614
REF*ST*03907
REF*DP*043
DTM*999*20100613
RMR*IK*393420100608*PI*12*12*0
REF*PO*0020100608
REF*ST*03934
REF*DP*043
DTM*999*20100607
RMR*IK*393420100609*PI*16*16*0
REF*PO*0020100609
REF*ST*03934
REF*DP*043
DTM*999*20100608
RMR*IK*393420100610*PI*2.45*2.45*0
REF*PO*0020100610
REF*ST*03934
REF*DP*043
DTM*999*20100609
RMR*IK*393420100612*PI*4*4*0
REF*PO*0020100612
REF*ST*03934
REF*DP*043
DTM*999*20100611
RMR*IK*393420100614*PI*4*4*0
REF*PO*0020100614
REF*ST*03934
REF*DP*043
DTM*999*20100613
RMR*IK*397120100608*PI*82*82*0
REF*PO*0020100608
REF*ST*03971
REF*DP*043
DTM*999*20100607
RMR*IK*397120100609*PI*53.9*53.9*0
REF*PO*0020100609
REF*ST*03971
REF*DP*043
DTM*999*20100608
RMR*IK*397120100610*PI*30.45*30.45*0
REF*PO*0020100610
REF*ST*03971
REF*DP*043
DTM*999*20100609
RMR*IK*397120100611*PI*36.95*36.95*0
REF*PO*0020100611
REF*ST*03971
REF*DP*043
DTM*999*20100610
RMR*IK*397120100612*PI*93.65*93.65*0
REF*PO*0020100612
REF*ST*03971
REF*DP*043
DTM*999*20100611
RMR*IK*397120100613*PI*101.4*101.4*0
REF*PO*0020100613
REF*ST*03971
REF*DP*043
DTM*999*20100612
RMR*IK*397120100614*PI*47.4*47.4*0
REF*PO*0020100614
REF*ST*03971
REF*DP*043
DTM*999*20100613
RMR*IK*402220100608*PI*90.45*90.45*0
REF*PO*0020100608
REF*ST*04022
REF*DP*043
DTM*999*20100607
RMR*IK*402220100609*PI*64*64*0
REF*PO*0020100609
REF*ST*04022
REF*DP*043
DTM*999*20100608
RMR*IK*402220100610*PI*44*44*0
REF*PO*0020100610
REF*ST*04022
REF*DP*043
DTM*999*20100609
RMR*IK*402220100611*PI*8*8*0
REF*PO*0020100611
REF*ST*04022
REF*DP*043
DTM*999*20100610
RMR*IK*402220100612*PI*77.15*77.15*0
REF*PO*0020100612
REF*ST*04022
REF*DP*043
DTM*999*20100611
RMR*IK*402220100613*PI*67.6*67.6*0
REF*PO*0020100613
REF*ST*04022
REF*DP*043
DTM*999*20100612
RMR*IK*402220100614*PI*156.5*156.5*0
REF*PO*0020100614
REF*ST*04022
REF*DP*043
DTM*999*20100613
RMR*IK*402620100608*PI*76*76*0
REF*PO*0020100608
REF*ST*04026
REF*DP*043
DTM*999*20100607
RMR*IK*402620100609*PI*100*100*0
REF*PO*0020100609
REF*ST*04026
REF*DP*043
DTM*999*20100608
RMR*IK*402620100610*PI*48*48*0
REF*PO*0020100610
REF*ST*04026
REF*DP*043
DTM*999*20100609
RMR*IK*402620100611*PI*8*8*0
REF*PO*0020100611
REF*ST*04026
REF*DP*043
DTM*999*20100610
RMR*IK*402620100612*PI*24*24*0
REF*PO*0020100612
REF*ST*04026
REF*DP*043
DTM*999*20100611
RMR*IK*402620100613*PI*24*24*0
REF*PO*0020100613
REF*ST*04026
REF*DP*043
DTM*999*20100612
RMR*IK*402620100614*PI*80*80*0
REF*PO*0020100614
REF*ST*04026
REF*DP*043
DTM*999*20100613
RMR*IK*403020100608*PI*16*16*0
REF*PO*0020100608
REF*ST*04030
REF*DP*043
DTM*999*20100607
RMR*IK*403020100610*PI*40*40*0
REF*PO*0020100610
REF*ST*04030
REF*DP*043
DTM*999*20100609
RMR*IK*403020100611*PI*8*8*0
REF*PO*0020100611
REF*ST*04030
REF*DP*043
DTM*999*20100610
RMR*IK*403020100612*PI*12*12*0
REF*PO*0020100612
REF*ST*04030
REF*DP*043
DTM*999*20100611
RMR*IK*403020100613*PI*8*8*0
REF*PO*0020100613
REF*ST*04030
REF*DP*043
DTM*999*20100612
RMR*IK*403020100614*PI*12*12*0
REF*PO*0020100614
REF*ST*04030
REF*DP*043
DTM*999*20100613
RMR*IK*404820100608*PI*36*36*0
REF*PO*0020100608
REF*ST*04048
REF*DP*043
DTM*999*20100607
RMR*IK*404820100609*PI*24*24*0
REF*PO*0020100609
REF*ST*04048
REF*DP*043
DTM*999*20100608
RMR*IK*404820100610*PI*60*60*0
REF*PO*0020100610
REF*ST*04048
REF*DP*043
DTM*999*20100609
RMR*IK*404820100611*PI*28*28*0
REF*PO*0020100611
REF*ST*04048
REF*DP*043
DTM*999*20100610
RMR*IK*404820100612*PI*4*4*0
REF*PO*0020100612
REF*ST*04048
REF*DP*043
DTM*999*20100611
RMR*IK*404820100613*PI*12*12*0
REF*PO*0020100613
REF*ST*04048
REF*DP*043
DTM*999*20100612
RMR*IK*404820100614*PI*4*4*0
REF*PO*0020100614
REF*ST*04048
REF*DP*043
DTM*999*20100613
RMR*IK*405120100608*PI*36*36*0
REF*PO*0020100608
REF*ST*04051
REF*DP*043
DTM*999*20100607
RMR*IK*405120100609*PI*12*12*0
REF*PO*0020100609
REF*ST*04051
REF*DP*043
DTM*999*20100608
RMR*IK*405120100610*PI*112.9*112.9*0
REF*PO*0020100610
REF*ST*04051
REF*DP*043
DTM*999*20100609
RMR*IK*405120100611*PI*22.45*22.45*0
REF*PO*0020100611
REF*ST*04051
REF*DP*043
DTM*999*20100610
RMR*IK*405120100612*PI*20*20*0
REF*PO*0020100612
REF*ST*04051
REF*DP*043
DTM*999*20100611
RMR*IK*405120100613*PI*16*16*0
REF*PO*0020100613
REF*ST*04051
REF*DP*043
DTM*999*20100612
RMR*IK*405120100614*PI*28*28*0
REF*PO*0020100614
REF*ST*04051
REF*DP*043
DTM*999*20100613
RMR*IK*405720100608*PI*56*56*0
REF*PO*0020100608
REF*ST*04057
REF*DP*043
DTM*999*20100607
RMR*IK*405720100609*PI*124*124*0
REF*PO*0020100609
REF*ST*04057
REF*DP*043
DTM*999*20100608
RMR*IK*405720100610*PI*76*76*0
REF*PO*0020100610
REF*ST*04057
REF*DP*043
DTM*999*20100609
RMR*IK*405720100611*PI*84*84*0
REF*PO*0020100611
REF*ST*04057
REF*DP*043
DTM*999*20100610
RMR*IK*405720100612*PI*56*56*0
REF*PO*0020100612
REF*ST*04057
REF*DP*043
DTM*999*20100611
RMR*IK*405720100613*PI*56*56*0
REF*PO*0020100613
REF*ST*04057
REF*DP*043
DTM*999*20100612
RMR*IK*405720100614*PI*76*76*0
REF*PO*0020100614
REF*ST*04057
REF*DP*043
DTM*999*20100613
RMR*IK*408920100608*PI*120*120*0
REF*PO*0020100608
REF*ST*04089
REF*DP*043
DTM*999*20100607
RMR*IK*408920100609*PI*8*8*0
REF*PO*0020100609
REF*ST*04089
REF*DP*043
DTM*999*20100608
RMR*IK*408920100610*PI*32*32*0
REF*PO*0020100610
REF*ST*04089
REF*DP*043
DTM*999*20100609
RMR*IK*408920100611*PI*97.8*97.8*0
REF*PO*0020100611
REF*ST*04089
REF*DP*043
DTM*999*20100610
RMR*IK*408920100612*PI*122.95*122.95*0
REF*PO*0020100612
REF*ST*04089
REF*DP*043
DTM*999*20100611
RMR*IK*408920100613*PI*245.65*245.65*0
REF*PO*0020100613
REF*ST*04089
REF*DP*043
DTM*999*20100612
RMR*IK*408920100614*PI*40.25*40.25*0
REF*PO*0020100614
REF*ST*04089
REF*DP*043
DTM*999*20100613
RMR*IK*413020100608*PI*312.12*312.12*0
REF*PO*0020100608
REF*ST*04130
REF*DP*043
DTM*999*20100607
RMR*IK*413020100609*PI*165.97*165.97*0
REF*PO*0020100609
REF*ST*04130
REF*DP*043
DTM*999*20100608
RMR*IK*413020100610*PI*163.7*163.7*0
REF*PO*0020100610
REF*ST*04130
REF*DP*043
DTM*999*20100609
RMR*IK*413020100611*PI*66.63*66.63*0
REF*PO*0020100611
REF*ST*04130
REF*DP*043
DTM*999*20100610
RMR*IK*413020100612*PI*105.42*105.42*0
REF*PO*0020100612
REF*ST*04130
REF*DP*043
DTM*999*20100611
RMR*IK*413020100613*PI*185.74*185.74*0
REF*PO*0020100613
REF*ST*04130
REF*DP*043
DTM*999*20100612
RMR*IK*413020100614*PI*211.52*211.52*0
REF*PO*0020100614
REF*ST*04130
REF*DP*043
DTM*999*20100613
RMR*IK*415620100608*PI*453.85*453.85*0
REF*PO*0020100608
REF*ST*04156
REF*DP*043
DTM*999*20100607
RMR*IK*415620100609*PI*363.9*363.9*0
REF*PO*0020100609
REF*ST*04156
REF*DP*043
DTM*999*20100608
RMR*IK*415620100610*PI*476.7*476.7*0
REF*PO*0020100610
REF*ST*04156
REF*DP*043
DTM*999*20100609
RMR*IK*415620100611*PI*197.8*197.8*0
REF*PO*0020100611
REF*ST*04156
REF*DP*043
DTM*999*20100610
RMR*IK*415620100612*PI*370.45*370.45*0
REF*PO*0020100612
REF*ST*04156
REF*DP*043
DTM*999*20100611
RMR*IK*415620100613*PI*467.45*467.45*0
REF*PO*0020100613
REF*ST*04156
REF*DP*043
DTM*999*20100612
RMR*IK*415620100614*PI*475*475*0
REF*PO*0020100614
REF*ST*04156
REF*DP*043
DTM*999*20100613
RMR*IK*415820100608*PI*283.03*283.03*0
REF*PO*0020100608
REF*ST*04158
REF*DP*043
DTM*999*20100607
RMR*IK*415820100609*PI*119.5*119.5*0
REF*PO*0020100609
REF*ST*04158
REF*DP*043
DTM*999*20100608
RMR*IK*415820100610*PI*218.05*218.05*0
REF*PO*0020100610
REF*ST*04158
REF*DP*043
DTM*999*20100609
RMR*IK*415820100611*PI*130.89*130.89*0
REF*PO*0020100611
REF*ST*04158
REF*DP*043
DTM*999*20100610
RMR*IK*415820100612*PI*193.58*193.58*0
REF*PO*0020100612
REF*ST*04158
REF*DP*043
DTM*999*20100611
RMR*IK*415820100613*PI*265.6*265.6*0
REF*PO*0020100613
REF*ST*04158
REF*DP*043
DTM*999*20100612
RMR*IK*415820100614*PI*215.59*215.59*0
REF*PO*0020100614
REF*ST*04158
REF*DP*043
DTM*999*20100613
RMR*IK*416020100608*PI*169.7*169.7*0
REF*PO*0020100608
REF*ST*04160
REF*DP*043
DTM*999*20100607
RMR*IK*416020100609*PI*147.95*147.95*0
REF*PO*0020100609
REF*ST*04160
REF*DP*043
DTM*999*20100608
RMR*IK*416020100610*PI*243.35*243.35*0
REF*PO*0020100610
REF*ST*04160
REF*DP*043
DTM*999*20100609
RMR*IK*416020100611*PI*47.65*47.65*0
REF*PO*0020100611
REF*ST*04160
REF*DP*043
DTM*999*20100610
RMR*IK*416020100612*PI*202.35*202.35*0
REF*PO*0020100612
REF*ST*04160
REF*DP*043
DTM*999*20100611
RMR*IK*416020100613*PI*109.55*109.55*0
REF*PO*0020100613
REF*ST*04160
REF*DP*043
DTM*999*20100612
RMR*IK*416020100614*PI*62.95*62.95*0
REF*PO*0020100614
REF*ST*04160
REF*DP*043
DTM*999*20100613
RMR*IK*417020100608*PI*72*72*0
REF*PO*0020100608
REF*ST*04170
REF*DP*043
DTM*999*20100607
RMR*IK*417020100609*PI*112*112*0
REF*PO*0020100609
REF*ST*04170
REF*DP*043
DTM*999*20100608
RMR*IK*417020100610*PI*88*88*0
REF*PO*0020100610
REF*ST*04170
REF*DP*043
DTM*999*20100609
RMR*IK*417020100611*PI*205.55*205.55*0
REF*PO*0020100611
REF*ST*04170
REF*DP*043
DTM*999*20100610
RMR*IK*417020100612*PI*120.25*120.25*0
REF*PO*0020100612
REF*ST*04170
REF*DP*043
DTM*999*20100611
RMR*IK*417020100613*PI*114.95*114.95*0
REF*PO*0020100613
REF*ST*04170
REF*DP*043
DTM*999*20100612
RMR*IK*417020100614*PI*80.75*80.75*0
REF*PO*0020100614
REF*ST*04170
REF*DP*043
DTM*999*20100613
RMR*IK*417120100608*PI*8*8*0
REF*PO*0020100608
REF*ST*04171
REF*DP*043
DTM*999*20100607
RMR*IK*417120100609*PI*12*12*0
REF*PO*0020100609
REF*ST*04171
REF*DP*043
DTM*999*20100608
RMR*IK*417120100611*PI*-24*-24*0
REF*PO*0020100611
REF*ST*04171
REF*DP*043
DTM*999*20100610
RMR*IK*417120100612*PI*12*12*0
REF*PO*0020100612
REF*ST*04171
REF*DP*043
DTM*999*20100611
RMR*IK*417120100613*PI*34.45*34.45*0
REF*PO*0020100613
REF*ST*04171
REF*DP*043
DTM*999*20100612
RMR*IK*417120100614*PI*8*8*0
REF*PO*0020100614
REF*ST*04171
REF*DP*043
DTM*999*20100613
RMR*IK*421520100608*PI*12*12*0
REF*PO*0020100608
REF*ST*04215
REF*DP*043
DTM*999*20100607
RMR*IK*421520100609*PI*40*40*0
REF*PO*0020100609
REF*ST*04215
REF*DP*043
DTM*999*20100608
RMR*IK*421520100610*PI*8.9*8.9*0
REF*PO*0020100610
REF*ST*04215
REF*DP*043
DTM*999*20100609
RMR*IK*421520100611*PI*8*8*0
REF*PO*0020100611
REF*ST*04215
REF*DP*043
DTM*999*20100610
RMR*IK*421520100612*PI*28*28*0
REF*PO*0020100612
REF*ST*04215
REF*DP*043
DTM*999*20100611
RMR*IK*421520100613*PI*8*8*0
REF*PO*0020100613
REF*ST*04215
REF*DP*043
DTM*999*20100612
RMR*IK*421920100608*PI*4*4*0
REF*PO*0020100608
REF*ST*04219
REF*DP*043
DTM*999*20100607
RMR*IK*421920100609*PI*8*8*0
REF*PO*0020100609
REF*ST*04219
REF*DP*043
DTM*999*20100608
RMR*IK*421920100610*PI*16*16*0
REF*PO*0020100610
REF*ST*04219
REF*DP*043
DTM*999*20100609
RMR*IK*421920100613*PI*12*12*0
REF*PO*0020100613
REF*ST*04219
REF*DP*043
DTM*999*20100612
RMR*IK*421920100614*PI*20*20*0
REF*PO*0020100614
REF*ST*04219
REF*DP*043
DTM*999*20100613
RMR*IK*422020100608*PI*80.9*80.9*0
REF*PO*0020100608
REF*ST*04220
REF*DP*043
DTM*999*20100607
RMR*IK*422020100609*PI*12*12*0
REF*PO*0020100609
REF*ST*04220
REF*DP*043
DTM*999*20100608
RMR*IK*422020100610*PI*8*8*0
REF*PO*0020100610
REF*ST*04220
REF*DP*043
DTM*999*20100609
RMR*IK*422020100611*PI*40*40*0
REF*PO*0020100611
REF*ST*04220
REF*DP*043
DTM*999*20100610
RMR*IK*422020100612*PI*20*20*0
REF*PO*0020100612
REF*ST*04220
REF*DP*043
DTM*999*20100611
RMR*IK*422020100613*PI*12*12*0
REF*PO*0020100613
REF*ST*04220
REF*DP*043
DTM*999*20100612
RMR*IK*422020100614*PI*8*8*0
REF*PO*0020100614
REF*ST*04220
REF*DP*043
DTM*999*20100613
RMR*IK*427220100608*PI*176*176*0
REF*PO*0020100608
REF*ST*04272
REF*DP*043
DTM*999*20100607
RMR*IK*427220100609*PI*76*76*0
REF*PO*0020100609
REF*ST*04272
REF*DP*043
DTM*999*20100608
RMR*IK*427220100610*PI*76*76*0
REF*PO*0020100610
REF*ST*04272
REF*DP*043
DTM*999*20100609
RMR*IK*427220100611*PI*134.7*134.7*0
REF*PO*0020100611
REF*ST*04272
REF*DP*043
DTM*999*20100610
RMR*IK*427220100612*PI*123.2*123.2*0
REF*PO*0020100612
REF*ST*04272
REF*DP*043
DTM*999*20100611
RMR*IK*427220100613*PI*110.05*110.05*0
REF*PO*0020100613
REF*ST*04272
REF*DP*043
DTM*999*20100612
RMR*IK*427220100614*PI*250.45*250.45*0
REF*PO*0020100614
REF*ST*04272
REF*DP*043
DTM*999*20100613
RMR*IK*428920100608*PI*235.24*235.24*0
REF*PO*0020100608
REF*ST*04289
REF*DP*043
DTM*999*20100607
RMR*IK*428920100609*PI*87.82*87.82*0
REF*PO*0020100609
REF*ST*04289
REF*DP*043
DTM*999*20100608
RMR*IK*428920100610*PI*152.69*152.69*0
REF*PO*0020100610
REF*ST*04289
REF*DP*043
DTM*999*20100609
RMR*IK*428920100611*PI*47.11*47.11*0
REF*PO*0020100611
REF*ST*04289
REF*DP*043
DTM*999*20100610
RMR*IK*428920100612*PI*149.81*149.81*0
REF*PO*0020100612
REF*ST*04289
REF*DP*043
DTM*999*20100611
RMR*IK*428920100613*PI*152.17*152.17*0
REF*PO*0020100613
REF*ST*04289
REF*DP*043
DTM*999*20100612
RMR*IK*428920100614*PI*86.75*86.75*0
REF*PO*0020100614
REF*ST*04289
REF*DP*043
DTM*999*20100613
RMR*IK*429320100608*PI*16*16*0
REF*PO*0020100608
REF*ST*04293
REF*DP*043
DTM*999*20100607
RMR*IK*429320100609*PI*12*12*0
REF*PO*0020100609
REF*ST*04293
REF*DP*043
DTM*999*20100608
RMR*IK*429320100610*PI*-12*-12*0
REF*PO*0020100610
REF*ST*04293
REF*DP*043
DTM*999*20100609
RMR*IK*429320100611*PI*8*8*0
REF*PO*0020100611
REF*ST*04293
REF*DP*043
DTM*999*20100610
RMR*IK*429320100614*PI*8*8*0
REF*PO*0020100614
REF*ST*04293
REF*DP*043
DTM*999*20100613
RMR*IK*430420100608*PI*60.35*60.35*0
REF*PO*0020100608
REF*ST*04304
REF*DP*043
DTM*999*20100607
RMR*IK*430420100609*PI*12*12*0
REF*PO*0020100609
REF*ST*04304
REF*DP*043
DTM*999*20100608
RMR*IK*430420100610*PI*16*16*0
REF*PO*0020100610
REF*ST*04304
REF*DP*043
DTM*999*20100609
RMR*IK*430420100611*PI*50.9*50.9*0
REF*PO*0020100611
REF*ST*04304
REF*DP*043
DTM*999*20100610
RMR*IK*430420100612*PI*42.15*42.15*0
REF*PO*0020100612
REF*ST*04304
REF*DP*043
DTM*999*20100611
RMR*IK*430420100613*PI*59.25*59.25*0
REF*PO*0020100613
REF*ST*04304
REF*DP*043
DTM*999*20100612
RMR*IK*430420100614*PI*31.3*31.3*0
REF*PO*0020100614
REF*ST*04304
REF*DP*043
DTM*999*20100613
RMR*IK*431420100608*PI*119.73*119.73*0
REF*PO*0020100608
REF*ST*04314
REF*DP*043
DTM*999*20100607
RMR*IK*431420100609*PI*128.17*128.17*0
REF*PO*0020100609
REF*ST*04314
REF*DP*043
DTM*999*20100608
RMR*IK*431420100610*PI*109.64*109.64*0
REF*PO*0020100610
REF*ST*04314
REF*DP*043
DTM*999*20100609
RMR*IK*431420100611*PI*85.46*85.46*0
REF*PO*0020100611
REF*ST*04314
REF*DP*043
DTM*999*20100610
RMR*IK*431420100612*PI*166.1*166.1*0
REF*PO*0020100612
REF*ST*04314
REF*DP*043
DTM*999*20100611
RMR*IK*431420100613*PI*146.55*146.55*0
REF*PO*0020100613
REF*ST*04314
REF*DP*043
DTM*999*20100612
RMR*IK*431420100614*PI*231.86*231.86*0
REF*PO*0020100614
REF*ST*04314
REF*DP*043
DTM*999*20100613
RMR*IK*431520100608*PI*267.94*267.94*0
REF*PO*0020100608
REF*ST*04315
REF*DP*043
DTM*999*20100607
RMR*IK*431520100609*PI*136.95*136.95*0
REF*PO*0020100609
REF*ST*04315
REF*DP*043
DTM*999*20100608
RMR*IK*431520100610*PI*302.72*302.72*0
REF*PO*0020100610
REF*ST*04315
REF*DP*043
DTM*999*20100609
RMR*IK*431520100611*PI*70.98*70.98*0
REF*PO*0020100611
REF*ST*04315
REF*DP*043
DTM*999*20100610
RMR*IK*431520100612*PI*224.73*224.73*0
REF*PO*0020100612
REF*ST*04315
REF*DP*043
DTM*999*20100611
RMR*IK*431520100613*PI*114.65*114.65*0
REF*PO*0020100613
REF*ST*04315
REF*DP*043
DTM*999*20100612
RMR*IK*431520100614*PI*206.35*206.35*0
REF*PO*0020100614
REF*ST*04315
REF*DP*043
DTM*999*20100613
RMR*IK*435120100608*PI*116*116*0
REF*PO*0020100608
REF*ST*04351
REF*DP*043
DTM*999*20100607
RMR*IK*435120100609*PI*12*12*0
REF*PO*0020100609
REF*ST*04351
REF*DP*043
DTM*999*20100608
RMR*IK*435120100610*PI*104*104*0
REF*PO*0020100610
REF*ST*04351
REF*DP*043
DTM*999*20100609
RMR*IK*435120100611*PI*24*24*0
REF*PO*0020100611
REF*ST*04351
REF*DP*043
DTM*999*20100610
RMR*IK*435120100612*PI*140*140*0
REF*PO*0020100612
REF*ST*04351
REF*DP*043
DTM*999*20100611
RMR*IK*435120100613*PI*32*32*0
REF*PO*0020100613
REF*ST*04351
REF*DP*043
DTM*999*20100612
RMR*IK*435120100614*PI*4*4*0
REF*PO*0020100614
REF*ST*04351
REF*DP*043
DTM*999*20100613
RMR*IK*435320100608*PI*76*76*0
REF*PO*0020100608
REF*ST*04353
REF*DP*043
DTM*999*20100607
RMR*IK*435320100609*PI*4*4*0
REF*PO*0020100609
REF*ST*04353
REF*DP*043
DTM*999*20100608
RMR*IK*435320100610*PI*68*68*0
REF*PO*0020100610
REF*ST*04353
REF*DP*043
DTM*999*20100609
RMR*IK*435320100611*PI*8*8*0
REF*PO*0020100611
REF*ST*04353
REF*DP*043
DTM*999*20100610
RMR*IK*435320100612*PI*12*12*0
REF*PO*0020100612
REF*ST*04353
REF*DP*043
DTM*999*20100611
RMR*IK*435320100613*PI*40*40*0
REF*PO*0020100613
REF*ST*04353
REF*DP*043
DTM*999*20100612
RMR*IK*435320100614*PI*80*80*0
REF*PO*0020100614
REF*ST*04353
REF*DP*043
DTM*999*20100613
RMR*IK*442720100608*PI*101.75*101.75*0
REF*PO*0020100608
REF*ST*04427
REF*DP*043
DTM*999*20100607
RMR*IK*442720100609*PI*9.45*9.45*0
REF*PO*0020100609
REF*ST*04427
REF*DP*043
DTM*999*20100608
RMR*IK*442720100610*PI*8*8*0
REF*PO*0020100610
REF*ST*04427
REF*DP*043
DTM*999*20100609
RMR*IK*442720100611*PI*54.15*54.15*0
REF*PO*0020100611
REF*ST*04427
REF*DP*043
DTM*999*20100610
RMR*IK*442720100612*PI*15.6*15.6*0
REF*PO*0020100612
REF*ST*04427
REF*DP*043
DTM*999*20100611
RMR*IK*442720100613*PI*37.45*37.45*0
REF*PO*0020100613
REF*ST*04427
REF*DP*043
DTM*999*20100612
RMR*IK*442720100614*PI*28*28*0
REF*PO*0020100614
REF*ST*04427
REF*DP*043
DTM*999*20100613
RMR*IK*443320100608*PI*20*20*0
REF*PO*0020100608
REF*ST*04433
REF*DP*043
DTM*999*20100607
RMR*IK*443320100609*PI*4*4*0
REF*PO*0020100609
REF*ST*04433
REF*DP*043
DTM*999*20100608
RMR*IK*443320100610*PI*22.45*22.45*0
REF*PO*0020100610
REF*ST*04433
REF*DP*043
DTM*999*20100609
RMR*IK*443320100611*PI*8*8*0
REF*PO*0020100611
REF*ST*04433
REF*DP*043
DTM*999*20100610
RMR*IK*443320100613*PI*4.9*4.9*0
REF*PO*0020100613
REF*ST*04433
REF*DP*043
DTM*999*20100612
RMR*IK*444320100608*PI*60*60*0
REF*PO*0020100608
REF*ST*04443
REF*DP*043
DTM*999*20100607
RMR*IK*444320100609*PI*4*4*0
REF*PO*0020100609
REF*ST*04443
REF*DP*043
DTM*999*20100608
RMR*IK*444320100610*PI*20*20*0
REF*PO*0020100610
REF*ST*04443
REF*DP*043
DTM*999*20100609
RMR*IK*444320100612*PI*28*28*0
REF*PO*0020100612
REF*ST*04443
REF*DP*043
DTM*999*20100611
RMR*IK*444320100613*PI*16*16*0
REF*PO*0020100613
REF*ST*04443
REF*DP*043
DTM*999*20100612
RMR*IK*444320100614*PI*44*44*0
REF*PO*0020100614
REF*ST*04443
REF*DP*043
DTM*999*20100613
RMR*IK*446520100608*PI*182.53*182.53*0
REF*PO*0020100608
REF*ST*04465
REF*DP*043
DTM*999*20100607
RMR*IK*446520100609*PI*156.83*156.83*0
REF*PO*0020100609
REF*ST*04465
REF*DP*043
DTM*999*20100608
RMR*IK*446520100610*PI*234.1*234.1*0
REF*PO*0020100610
REF*ST*04465
REF*DP*043
DTM*999*20100609
RMR*IK*446520100611*PI*11.9*11.9*0
REF*PO*0020100611
REF*ST*04465
REF*DP*043
DTM*999*20100610
RMR*IK*446520100611*PI*-2.92*-2.92*0
REF*PO*0020100611
REF*ST*04465
REF*DP*043
DTM*999*20100609
RMR*IK*446520100612*PI*109.29*109.29*0
REF*PO*0020100612
REF*ST*04465
REF*DP*043
DTM*999*20100611
RMR*IK*446520100613*PI*139.19*139.19*0
REF*PO*0020100613
REF*ST*04465
REF*DP*043
DTM*999*20100612
RMR*IK*446520100614*PI*36.6*36.6*0
REF*PO*0020100614
REF*ST*04465
REF*DP*043
DTM*999*20100613
RMR*IK*448520100608*PI*7.85*7.85*0
REF*PO*0020100608
REF*ST*04485
REF*DP*043
DTM*999*20100607
RMR*IK*448520100609*PI*72.19*72.19*0
REF*PO*0020100609
REF*ST*04485
REF*DP*043
DTM*999*20100608
RMR*IK*448520100610*PI*86.63*86.63*0
REF*PO*0020100610
REF*ST*04485
REF*DP*043
DTM*999*20100609
RMR*IK*448520100611*PI*10.8*10.8*0
REF*PO*0020100611
REF*ST*04485
REF*DP*043
DTM*999*20100610
RMR*IK*448520100612*PI*40.13*40.13*0
REF*PO*0020100612
REF*ST*04485
REF*DP*043
DTM*999*20100611
RMR*IK*448520100614*PI*38.46*38.46*0
REF*PO*0020100614
REF*ST*04485
REF*DP*043
DTM*999*20100613
RMR*IK*470420100608*PI*60*60*0
REF*PO*0020100608
REF*ST*04704
REF*DP*043
DTM*999*20100607
RMR*IK*470420100609*PI*76*76*0
REF*PO*0020100609
REF*ST*04704
REF*DP*043
DTM*999*20100608
RMR*IK*470420100610*PI*56*56*0
REF*PO*0020100610
REF*ST*04704
REF*DP*043
DTM*999*20100609
RMR*IK*470420100611*PI*28*28*0
REF*PO*0020100611
REF*ST*04704
REF*DP*043
DTM*999*20100610
RMR*IK*470420100612*PI*64.9*64.9*0
REF*PO*0020100612
REF*ST*04704
REF*DP*043
DTM*999*20100611
RMR*IK*470420100613*PI*44*44*0
REF*PO*0020100613
REF*ST*04704
REF*DP*043
DTM*999*20100612
RMR*IK*470420100614*PI*49.3*49.3*0
REF*PO*0020100614
REF*ST*04704
REF*DP*043
DTM*999*20100613
RMR*IK*472020100608*PI*20*20*0
REF*PO*0020100608
REF*ST*04720
REF*DP*043
DTM*999*20100607
RMR*IK*472020100610*PI*8*8*0
REF*PO*0020100610
REF*ST*04720
REF*DP*043
DTM*999*20100609
RMR*IK*472020100611*PI*4*4*0
REF*PO*0020100611
REF*ST*04720
REF*DP*043
DTM*999*20100610
RMR*IK*472020100612*PI*16*16*0
REF*PO*0020100612
REF*ST*04720
REF*DP*043
DTM*999*20100611
RMR*IK*472020100613*PI*16*16*0
REF*PO*0020100613
REF*ST*04720
REF*DP*043
DTM*999*20100612
RMR*IK*472020100614*PI*32*32*0
REF*PO*0020100614
REF*ST*04720
REF*DP*043
DTM*999*20100613
RMR*IK*473520100608*PI*16*16*0
REF*PO*0020100608
REF*ST*04735
REF*DP*043
DTM*999*20100607
RMR*IK*473520100609*PI*56*56*0
REF*PO*0020100609
REF*ST*04735
REF*DP*043
DTM*999*20100608
RMR*IK*473520100610*PI*12*12*0
REF*PO*0020100610
REF*ST*04735
REF*DP*043
DTM*999*20100609
RMR*IK*473520100611*PI*12*12*0
REF*PO*0020100611
REF*ST*04735
REF*DP*043
DTM*999*20100610
RMR*IK*473520100612*PI*12*12*0
REF*PO*0020100612
REF*ST*04735
REF*DP*043
DTM*999*20100611
RMR*IK*473520100614*PI*8*8*0
REF*PO*0020100614
REF*ST*04735
REF*DP*043
DTM*999*20100613
RMR*IK*474320100608*PI*83.95*83.95*0
REF*PO*0020100608
REF*ST*04743
REF*DP*043
DTM*999*20100607
RMR*IK*474320100609*PI*18.5*18.5*0
REF*PO*0020100609
REF*ST*04743
REF*DP*043
DTM*999*20100608
RMR*IK*474320100610*PI*45.05*45.05*0
REF*PO*0020100610
REF*ST*04743
REF*DP*043
DTM*999*20100609
RMR*IK*474320100611*PI*76.55*76.55*0
REF*PO*0020100611
REF*ST*04743
REF*DP*043
DTM*999*20100610
RMR*IK*474320100612*PI*6.9*6.9*0
REF*PO*0020100612
REF*ST*04743
REF*DP*043
DTM*999*20100611
RMR*IK*474320100613*PI*39.55*39.55*0
REF*PO*0020100613
REF*ST*04743
REF*DP*043
DTM*999*20100612
RMR*IK*474320100614*PI*34.5*34.5*0
REF*PO*0020100614
REF*ST*04743
REF*DP*043
DTM*999*20100613
RMR*IK*478120100608*PI*82.45*82.45*0
REF*PO*0020100608
REF*ST*04781
REF*DP*043
DTM*999*20100607
RMR*IK*478120100609*PI*12*12*0
REF*PO*0020100609
REF*ST*04781
REF*DP*043
DTM*999*20100608
RMR*IK*478120100610*PI*80*80*0
REF*PO*0020100610
REF*ST*04781
REF*DP*043
DTM*999*20100609
RMR*IK*478120100611*PI*48*48*0
REF*PO*0020100611
REF*ST*04781
REF*DP*043
DTM*999*20100610
RMR*IK*478120100612*PI*32*32*0
REF*PO*0020100612
REF*ST*04781
REF*DP*043
DTM*999*20100611
RMR*IK*478120100614*PI*76*76*0
REF*PO*0020100614
REF*ST*04781
REF*DP*043
DTM*999*20100613
RMR*IK*478320100608*PI*88*88*0
REF*PO*0020100608
REF*ST*04783
REF*DP*043
DTM*999*20100607
RMR*IK*478320100609*PI*12*12*0
REF*PO*0020100609
REF*ST*04783
REF*DP*043
DTM*999*20100608
RMR*IK*478320100610*PI*36*36*0
REF*PO*0020100610
REF*ST*04783
REF*DP*043
DTM*999*20100609
RMR*IK*478320100611*PI*32*32*0
REF*PO*0020100611
REF*ST*04783
REF*DP*043
DTM*999*20100610
RMR*IK*478320100612*PI*8*8*0
REF*PO*0020100612
REF*ST*04783
REF*DP*043
DTM*999*20100611
RMR*IK*478320100613*PI*24*24*0
REF*PO*0020100613
REF*ST*04783
REF*DP*043
DTM*999*20100612
RMR*IK*478320100614*PI*44*44*0
REF*PO*0020100614
REF*ST*04783
REF*DP*043
DTM*999*20100613
RMR*IK*481320100608*PI*128*128*0
REF*PO*0020100608
REF*ST*04813
REF*DP*043
DTM*999*20100607
RMR*IK*481320100609*PI*108*108*0
REF*PO*0020100609
REF*ST*04813
REF*DP*043
DTM*999*20100608
RMR*IK*481320100610*PI*20*20*0
REF*PO*0020100610
REF*ST*04813
REF*DP*043
DTM*999*20100609
RMR*IK*481320100611*PI*48*48*0
REF*PO*0020100611
REF*ST*04813
REF*DP*043
DTM*999*20100610
RMR*IK*481320100612*PI*20*20*0
REF*PO*0020100612
REF*ST*04813
REF*DP*043
DTM*999*20100611
RMR*IK*481320100613*PI*64*64*0
REF*PO*0020100613
REF*ST*04813
REF*DP*043
DTM*999*20100612
RMR*IK*481320100614*PI*40*40*0
REF*PO*0020100614
REF*ST*04813
REF*DP*043
DTM*999*20100613
RMR*IK*488220100609*PI*16*16*0
REF*PO*0020100609
REF*ST*04882
REF*DP*043
DTM*999*20100608
RMR*IK*488220100610*PI*8*8*0
REF*PO*0020100610
REF*ST*04882
REF*DP*043
DTM*999*20100609
RMR*IK*488220100611*PI*8*8*0
REF*PO*0020100611
REF*ST*04882
REF*DP*043
DTM*999*20100610
RMR*IK*488220100613*PI*16*16*0
REF*PO*0020100613
REF*ST*04882
REF*DP*043
DTM*999*20100612
RMR*IK*488220100614*PI*40*40*0
REF*PO*0020100614
REF*ST*04882
REF*DP*043
DTM*999*20100613
RMR*IK*700220100608*PI*49.77*49.77*0
REF*PO*0020100608
REF*ST*07002
REF*DP*043
DTM*999*20100607
RMR*IK*700220100609*PI*17.08*17.08*0
REF*PO*0020100609
REF*ST*07002
REF*DP*043
DTM*999*20100608
RMR*IK*700220100610*PI*38.43*38.43*0
REF*PO*0020100610
REF*ST*07002
REF*DP*043
DTM*999*20100609
RMR*IK*700220100611*PI*33.81*33.81*0
REF*PO*0020100611
REF*ST*07002
REF*DP*043
DTM*999*20100610
RMR*IK*700220100612*PI*28.8*28.8*0
REF*PO*0020100612
REF*ST*07002
REF*DP*043
DTM*999*20100611
RMR*IK*700220100613*PI*24.65*24.65*0
REF*PO*0020100613
REF*ST*07002
REF*DP*043
DTM*999*20100612
RMR*IK*700220100614*PI*33.18*33.18*0
REF*PO*0020100614
REF*ST*07002
REF*DP*043
DTM*999*20100613
RMR*IK*701020100608*PI*89.8*89.8*0
REF*PO*0020100608
REF*ST*07010
REF*DP*043
DTM*999*20100607
RMR*IK*701020100609*PI*4*4*0
REF*PO*0020100609
REF*ST*07010
REF*DP*043
DTM*999*20100608
RMR*IK*701020100610*PI*83.35*83.35*0
REF*PO*0020100610
REF*ST*07010
REF*DP*043
DTM*999*20100609
RMR*IK*701020100611*PI*28.9*28.9*0
REF*PO*0020100611
REF*ST*07010
REF*DP*043
DTM*999*20100610
RMR*IK*701020100612*PI*46.45*46.45*0
REF*PO*0020100612
REF*ST*07010
REF*DP*043
DTM*999*20100611
RMR*IK*701020100613*PI*32.9*32.9*0
REF*PO*0020100613
REF*ST*07010
REF*DP*043
DTM*999*20100612
RMR*IK*701020100614*PI*12*12*0
REF*PO*0020100614
REF*ST*07010
REF*DP*043
DTM*999*20100613
RMR*IK*701820100608*PI*46.9*46.9*0
REF*PO*0020100608
REF*ST*07018
REF*DP*043
DTM*999*20100607
RMR*IK*701820100609*PI*8*8*0
REF*PO*0020100609
REF*ST*07018
REF*DP*043
DTM*999*20100608
RMR*IK*701820100610*PI*28*28*0
REF*PO*0020100610
REF*ST*07018
REF*DP*043
DTM*999*20100609
RMR*IK*701820100611*PI*40*40*0
REF*PO*0020100611
REF*ST*07018
REF*DP*043
DTM*999*20100610
RMR*IK*701820100612*PI*32*32*0
REF*PO*0020100612
REF*ST*07018
REF*DP*043
DTM*999*20100611
RMR*IK*701820100613*PI*2.45*2.45*0
REF*PO*0020100613
REF*ST*07018
REF*DP*043
DTM*999*20100612
RMR*IK*701820100614*PI*26.45*26.45*0
REF*PO*0020100614
REF*ST*07018
REF*DP*043
DTM*999*20100613
RMR*IK*702120100608*PI*24*24*0
REF*PO*0020100608
REF*ST*07021
REF*DP*043
DTM*999*20100607
RMR*IK*702120100609*PI*8*8*0
REF*PO*0020100609
REF*ST*07021
REF*DP*043
DTM*999*20100608
RMR*IK*702120100610*PI*40.9*40.9*0
REF*PO*0020100610
REF*ST*07021
REF*DP*043
DTM*999*20100609
RMR*IK*702120100611*PI*12*12*0
REF*PO*0020100611
REF*ST*07021
REF*DP*043
DTM*999*20100610
RMR*IK*702120100612*PI*4*4*0
REF*PO*0020100612
REF*ST*07021
REF*DP*043
DTM*999*20100611
RMR*IK*702120100613*PI*44*44*0
REF*PO*0020100613
REF*ST*07021
REF*DP*043
DTM*999*20100612
RMR*IK*702120100614*PI*40*40*0
REF*PO*0020100614
REF*ST*07021
REF*DP*043
DTM*999*20100613
RMR*IK*702320100608*PI*84*84*0
REF*PO*0020100608
REF*ST*07023
REF*DP*043
DTM*999*20100607
RMR*IK*702320100609*PI*72*72*0
REF*PO*0020100609
REF*ST*07023
REF*DP*043
DTM*999*20100608
RMR*IK*702320100610*PI*48*48*0
REF*PO*0020100610
REF*ST*07023
REF*DP*043
DTM*999*20100609
RMR*IK*702320100611*PI*115.85*115.85*0
REF*PO*0020100611
REF*ST*07023
REF*DP*043
DTM*999*20100610
RMR*IK*702320100612*PI*68*68*0
REF*PO*0020100612
REF*ST*07023
REF*DP*043
DTM*999*20100611
RMR*IK*702320100613*PI*8*8*0
REF*PO*0020100613
REF*ST*07023
REF*DP*043
DTM*999*20100612
RMR*IK*702320100614*PI*162.45*162.45*0
REF*PO*0020100614
REF*ST*07023
REF*DP*043
DTM*999*20100613
RMR*IK*703120100608*PI*20*20*0
REF*PO*0020100608
REF*ST*07031
REF*DP*043
DTM*999*20100607
RMR*IK*703120100609*PI*24*24*0
REF*PO*0020100609
REF*ST*07031
REF*DP*043
DTM*999*20100608
RMR*IK*703120100611*PI*4*4*0
REF*PO*0020100611
REF*ST*07031
REF*DP*043
DTM*999*20100610
RMR*IK*703120100613*PI*48*48*0
REF*PO*0020100613
REF*ST*07031
REF*DP*043
DTM*999*20100612
RMR*IK*703120100614*PI*12*12*0
REF*PO*0020100614
REF*ST*07031
REF*DP*043
DTM*999*20100613
RMR*IK*703720100608*PI*20.9*20.9*0
REF*PO*0020100608
REF*ST*07037
REF*DP*043
DTM*999*20100607
RMR*IK*703720100609*PI*4*4*0
REF*PO*0020100609
REF*ST*07037
REF*DP*043
DTM*999*20100608
RMR*IK*703720100610*PI*8*8*0
REF*PO*0020100610
REF*ST*07037
REF*DP*043
DTM*999*20100609
RMR*IK*703720100611*PI*20*20*0
REF*PO*0020100611
REF*ST*07037
REF*DP*043
DTM*999*20100610
RMR*IK*703720100612*PI*16*16*0
REF*PO*0020100612
REF*ST*07037
REF*DP*043
DTM*999*20100611
RMR*IK*703720100613*PI*4*4*0
REF*PO*0020100613
REF*ST*07037
REF*DP*043
DTM*999*20100612
RMR*IK*710620100610*PI*12*12*0
REF*PO*0020100610
REF*ST*07106
REF*DP*043
DTM*999*20100609
RMR*IK*710620100611*PI*12*12*0
REF*PO*0020100611
REF*ST*07106
REF*DP*043
DTM*999*20100610
RMR*IK*710620100612*PI*12*12*0
REF*PO*0020100612
REF*ST*07106
REF*DP*043
DTM*999*20100611
RMR*IK*716120100608*PI*107.55*107.55*0
REF*PO*0020100608
REF*ST*07161
REF*DP*043
DTM*999*20100607
RMR*IK*716120100609*PI*159.05*159.05*0
REF*PO*0020100609
REF*ST*07161
REF*DP*043
DTM*999*20100608
RMR*IK*716120100610*PI*107.82*107.82*0
REF*PO*0020100610
REF*ST*07161
REF*DP*043
DTM*999*20100609
RMR*IK*716120100611*PI*63.21*63.21*0
REF*PO*0020100611
REF*ST*07161
REF*DP*043
DTM*999*20100610
RMR*IK*716120100612*PI*97.83*97.83*0
REF*PO*0020100612
REF*ST*07161
REF*DP*043
DTM*999*20100611
RMR*IK*716120100613*PI*87.33*87.33*0
REF*PO*0020100613
REF*ST*07161
REF*DP*043
DTM*999*20100612
RMR*IK*716120100614*PI*67.78*67.78*0
REF*PO*0020100614
REF*ST*07161
REF*DP*043
DTM*999*20100613
RMR*IK*716920100608*PI*58.45*58.45*0
REF*PO*0020100608
REF*ST*07169
REF*DP*043
DTM*999*20100607
RMR*IK*716920100609*PI*20*20*0
REF*PO*0020100609
REF*ST*07169
REF*DP*043
DTM*999*20100608
RMR*IK*716920100610*PI*44.9*44.9*0
REF*PO*0020100610
REF*ST*07169
REF*DP*043
DTM*999*20100609
RMR*IK*716920100611*PI*23.35*23.35*0
REF*PO*0020100611
REF*ST*07169
REF*DP*043
DTM*999*20100610
RMR*IK*716920100612*PI*18.45*18.45*0
REF*PO*0020100612
REF*ST*07169
REF*DP*043
DTM*999*20100611
RMR*IK*716920100613*PI*34.7*34.7*0
REF*PO*0020100613
REF*ST*07169
REF*DP*043
DTM*999*20100612
RMR*IK*716920100614*PI*18.45*18.45*0
REF*PO*0020100614
REF*ST*07169
REF*DP*043
DTM*999*20100613
RMR*IK*720620100608*PI*12*12*0
REF*PO*0020100608
REF*ST*07206
REF*DP*043
DTM*999*20100607
RMR*IK*720620100610*PI*16*16*0
REF*PO*0020100610
REF*ST*07206
REF*DP*043
DTM*999*20100609
RMR*IK*720620100611*PI*16*16*0
REF*PO*0020100611
REF*ST*07206
REF*DP*043
DTM*999*20100610
RMR*IK*720620100613*PI*8*8*0
REF*PO*0020100613
REF*ST*07206
REF*DP*043
DTM*999*20100612
RMR*IK*720620100614*PI*4*4*0
REF*PO*0020100614
REF*ST*07206
REF*DP*043
DTM*999*20100613
RMR*IK*721420100608*PI*28*28*0
REF*PO*0020100608
REF*ST*07214
REF*DP*043
DTM*999*20100607
RMR*IK*721420100609*PI*8*8*0
REF*PO*0020100609
REF*ST*07214
REF*DP*043
DTM*999*20100608
RMR*IK*721420100610*PI*20*20*0
REF*PO*0020100610
REF*ST*07214
REF*DP*043
DTM*999*20100609
RMR*IK*721420100611*PI*12*12*0
REF*PO*0020100611
REF*ST*07214
REF*DP*043
DTM*999*20100610
RMR*IK*721420100612*PI*8*8*0
REF*PO*0020100612
REF*ST*07214
REF*DP*043
DTM*999*20100611
RMR*IK*721420100613*PI*52*52*0
REF*PO*0020100613
REF*ST*07214
REF*DP*043
DTM*999*20100612
RMR*IK*721420100614*PI*20*20*0
REF*PO*0020100614
REF*ST*07214
REF*DP*043
DTM*999*20100613
RMR*IK*721620100608*PI*12*12*0
REF*PO*0020100608
REF*ST*07216
REF*DP*043
DTM*999*20100607
RMR*IK*721620100609*PI*32*32*0
REF*PO*0020100609
REF*ST*07216
REF*DP*043
DTM*999*20100608
RMR*IK*721620100611*PI*16*16*0
REF*PO*0020100611
REF*ST*07216
REF*DP*043
DTM*999*20100610
RMR*IK*721620100612*PI*11.9*11.9*0
REF*PO*0020100612
REF*ST*07216
REF*DP*043
DTM*999*20100611
RMR*IK*721620100613*PI*43.5*43.5*0
REF*PO*0020100613
REF*ST*07216
REF*DP*043
DTM*999*20100612
RMR*IK*721620100614*PI*47.85*47.85*0
REF*PO*0020100614
REF*ST*07216
REF*DP*043
DTM*999*20100613
RMR*IK*730420100608*PI*36*36*0
REF*PO*0020100608
REF*ST*07304
REF*DP*043
DTM*999*20100607
RMR*IK*730420100609*PI*12.9*12.9*0
REF*PO*0020100609
REF*ST*07304
REF*DP*043
DTM*999*20100608
RMR*IK*730420100610*PI*24*24*0
REF*PO*0020100610
REF*ST*07304
REF*DP*043
DTM*999*20100609
RMR*IK*730420100611*PI*4*4*0
REF*PO*0020100611
REF*ST*07304
REF*DP*043
DTM*999*20100610
RMR*IK*730420100612*PI*44*44*0
REF*PO*0020100612
REF*ST*07304
REF*DP*043
DTM*999*20100611
RMR*IK*730420100613*PI*8*8*0
REF*PO*0020100613
REF*ST*07304
REF*DP*043
DTM*999*20100612
RMR*IK*730420100614*PI*24*24*0
REF*PO*0020100614
REF*ST*07304
REF*DP*043
DTM*999*20100613
RMR*IK*730620100608*PI*24*24*0
REF*PO*0020100608
REF*ST*07306
REF*DP*043
DTM*999*20100607
RMR*IK*730620100609*PI*28*28*0
REF*PO*0020100609
REF*ST*07306
REF*DP*043
DTM*999*20100608
RMR*IK*730620100611*PI*24*24*0
REF*PO*0020100611
REF*ST*07306
REF*DP*043
DTM*999*20100610
RMR*IK*730620100612*PI*8*8*0
REF*PO*0020100612
REF*ST*07306
REF*DP*043
DTM*999*20100611
RMR*IK*730620100613*PI*16*16*0
REF*PO*0020100613
REF*ST*07306
REF*DP*043
DTM*999*20100612
RMR*IK*730620100614*PI*20*20*0
REF*PO*0020100614
REF*ST*07306
REF*DP*043
DTM*999*20100613
RMR*IK*731820100608*PI*36*36*0
REF*PO*0020100608
REF*ST*07318
REF*DP*043
DTM*999*20100607
RMR*IK*731820100609*PI*52*52*0
REF*PO*0020100609
REF*ST*07318
REF*DP*043
DTM*999*20100608
RMR*IK*731820100610*PI*40*40*0
REF*PO*0020100610
REF*ST*07318
REF*DP*043
DTM*999*20100609
RMR*IK*731820100611*PI*8*8*0
REF*PO*0020100611
REF*ST*07318
REF*DP*043
DTM*999*20100610
RMR*IK*731820100612*PI*44*44*0
REF*PO*0020100612
REF*ST*07318
REF*DP*043
DTM*999*20100611
RMR*IK*731820100613*PI*20*20*0
REF*PO*0020100613
REF*ST*07318
REF*DP*043
DTM*999*20100612
RMR*IK*731820100614*PI*8*8*0
REF*PO*0020100614
REF*ST*07318
REF*DP*043
DTM*999*20100613
RMR*IK*732420100608*PI*32*32*0
REF*PO*0020100608
REF*ST*07324
REF*DP*043
DTM*999*20100607
RMR*IK*732420100609*PI*44*44*0
REF*PO*0020100609
REF*ST*07324
REF*DP*043
DTM*999*20100608
RMR*IK*732420100610*PI*28*28*0
REF*PO*0020100610
REF*ST*07324
REF*DP*043
DTM*999*20100609
RMR*IK*732420100611*PI*24*24*0
REF*PO*0020100611
REF*ST*07324
REF*DP*043
DTM*999*20100610
RMR*IK*732420100612*PI*16*16*0
REF*PO*0020100612
REF*ST*07324
REF*DP*043
DTM*999*20100611
RMR*IK*732420100613*PI*12*12*0
REF*PO*0020100613
REF*ST*07324
REF*DP*043
DTM*999*20100612
RMR*IK*732420100614*PI*44*44*0
REF*PO*0020100614
REF*ST*07324
REF*DP*043
DTM*999*20100613
RMR*IK*732620100608*PI*44*44*0
REF*PO*0020100608
REF*ST*07326
REF*DP*043
DTM*999*20100607
RMR*IK*732620100609*PI*20*20*0
REF*PO*0020100609
REF*ST*07326
REF*DP*043
DTM*999*20100608
RMR*IK*732620100610*PI*32*32*0
REF*PO*0020100610
REF*ST*07326
REF*DP*043
DTM*999*20100609
RMR*IK*732620100611*PI*20*20*0
REF*PO*0020100611
REF*ST*07326
REF*DP*043
DTM*999*20100610
RMR*IK*732620100612*PI*20*20*0
REF*PO*0020100612
REF*ST*07326
REF*DP*043
DTM*999*20100611
RMR*IK*732620100613*PI*24*24*0
REF*PO*0020100613
REF*ST*07326
REF*DP*043
DTM*999*20100612
RMR*IK*732620100614*PI*20*20*0
REF*PO*0020100614
REF*ST*07326
REF*DP*043
DTM*999*20100613
RMR*IK*740920100608*PI*28*28*0
REF*PO*0020100608
REF*ST*07409
REF*DP*043
DTM*999*20100607
RMR*IK*740920100609*PI*8*8*0
REF*PO*0020100609
REF*ST*07409
REF*DP*043
DTM*999*20100608
RMR*IK*740920100610*PI*36*36*0
REF*PO*0020100610
REF*ST*07409
REF*DP*043
DTM*999*20100609
RMR*IK*740920100612*PI*43.35*43.35*0
REF*PO*0020100612
REF*ST*07409
REF*DP*043
DTM*999*20100611
RMR*IK*740920100613*PI*24*24*0
REF*PO*0020100613
REF*ST*07409
REF*DP*043
DTM*999*20100612
RMR*IK*740920100614*PI*8*8*0
REF*PO*0020100614
REF*ST*07409
REF*DP*043
DTM*999*20100613
RMR*IK*744420100609*PI*6.45*6.45*0
REF*PO*0020100609
REF*ST*07444
REF*DP*043
DTM*999*20100608
RMR*IK*744420100610*PI*14.45*14.45*0
REF*PO*0020100610
REF*ST*07444
REF*DP*043
DTM*999*20100609
RMR*IK*744420100612*PI*16*16*0
REF*PO*0020100612
REF*ST*07444
REF*DP*043
DTM*999*20100611
RMR*IK*744420100613*PI*4*4*0
REF*PO*0020100613
REF*ST*07444
REF*DP*043
DTM*999*20100612
RMR*IK*744420100614*PI*12*12*0
REF*PO*0020100614
REF*ST*07444
REF*DP*043
DTM*999*20100613
RMR*IK*748420100608*PI*155.01*155.01*0
REF*PO*0020100608
REF*ST*07484
REF*DP*043
DTM*999*20100607
RMR*IK*748420100609*PI*155.05*155.05*0
REF*PO*0020100609
REF*ST*07484
REF*DP*043
DTM*999*20100608
RMR*IK*748420100610*PI*214.67*214.67*0
REF*PO*0020100610
REF*ST*07484
REF*DP*043
DTM*999*20100609
RMR*IK*748420100611*PI*229.33*229.33*0
REF*PO*0020100611
REF*ST*07484
REF*DP*043
DTM*999*20100610
RMR*IK*748420100612*PI*98.95*98.95*0
REF*PO*0020100612
REF*ST*07484
REF*DP*043
DTM*999*20100611
RMR*IK*748420100613*PI*208.01*208.01*0
REF*PO*0020100613
REF*ST*07484
REF*DP*043
DTM*999*20100612
RMR*IK*748420100614*PI*231.34*231.34*0
REF*PO*0020100614
REF*ST*07484
REF*DP*043
DTM*999*20100613
RMR*IK*749320100608*PI*103.91*103.91*0
REF*PO*0020100608
REF*ST*07493
REF*DP*043
DTM*999*20100607
RMR*IK*749320100609*PI*103.44*103.44*0
REF*PO*0020100609
REF*ST*07493
REF*DP*043
DTM*999*20100608
RMR*IK*749320100610*PI*95.89*95.89*0
REF*PO*0020100610
REF*ST*07493
REF*DP*043
DTM*999*20100609
RMR*IK*749320100611*PI*69.4*69.4*0
REF*PO*0020100611
REF*ST*07493
REF*DP*043
DTM*999*20100610
RMR*IK*749320100612*PI*111.13*111.13*0
REF*PO*0020100612
REF*ST*07493
REF*DP*043
DTM*999*20100611
RMR*IK*749320100613*PI*162.68*162.68*0
REF*PO*0020100613
REF*ST*07493
REF*DP*043
DTM*999*20100612
RMR*IK*749320100614*PI*147.9*147.9*0
REF*PO*0020100614
REF*ST*07493
REF*DP*043
DTM*999*20100613
RMR*IK*752620100612*PI*8*8*0
REF*PO*0020100612
REF*ST*07526
REF*DP*043
DTM*999*20100611
RMR*IK*752620100613*PI*16*16*0
REF*PO*0020100613
REF*ST*07526
REF*DP*043
DTM*999*20100612
RMR*IK*752620100615*PI*-8*-8*0
REF*PO*0020100615
REF*ST*07526
REF*DP*043
DTM*999*20100614
RMR*IK*754320100608*PI*64.9*64.9*0
REF*PO*0020100608
REF*ST*07543
REF*DP*043
DTM*999*20100607
RMR*IK*754320100609*PI*21.75*21.75*0
REF*PO*0020100609
REF*ST*07543
REF*DP*043
DTM*999*20100608
RMR*IK*754320100610*PI*14.5*14.5*0
REF*PO*0020100610
REF*ST*07543
REF*DP*043
DTM*999*20100609
RMR*IK*754320100611*PI*34.8*34.8*0
REF*PO*0020100611
REF*ST*07543
REF*DP*043
DTM*999*20100610
RMR*IK*754320100612*PI*35.9*35.9*0
REF*PO*0020100612
REF*ST*07543
REF*DP*043
DTM*999*20100611
RMR*IK*754320100613*PI*17.4*17.4*0
REF*PO*0020100613
REF*ST*07543
REF*DP*043
DTM*999*20100612
RMR*IK*754320100614*PI*2.9*2.9*0
REF*PO*0020100614
REF*ST*07543
REF*DP*043
DTM*999*20100613
RMR*IK*757920100608*PI*247.92*247.92*0
REF*PO*0020100608
REF*ST*07579
REF*DP*043
DTM*999*20100607
RMR*IK*757920100609*PI*133.44*133.44*0
REF*PO*0020100609
REF*ST*07579
REF*DP*043
DTM*999*20100608
RMR*IK*757920100610*PI*303.53*303.53*0
REF*PO*0020100610
REF*ST*07579
REF*DP*043
DTM*999*20100609
RMR*IK*757920100611*PI*132.71*132.71*0
REF*PO*0020100611
REF*ST*07579
REF*DP*043
DTM*999*20100610
RMR*IK*757920100612*PI*287.52*287.52*0
REF*PO*0020100612
REF*ST*07579
REF*DP*043
DTM*999*20100611
RMR*IK*757920100613*PI*171.06*171.06*0
REF*PO*0020100613
REF*ST*07579
REF*DP*043
DTM*999*20100612
RMR*IK*757920100614*PI*265.84*265.84*0
REF*PO*0020100614
REF*ST*07579
REF*DP*043
DTM*999*20100613
RMR*IK*758320100608*PI*189.27*189.27*0
REF*PO*0020100608
REF*ST*07583
REF*DP*043
DTM*999*20100607
RMR*IK*758320100609*PI*48.1*48.1*0
REF*PO*0020100609
REF*ST*07583
REF*DP*043
DTM*999*20100608
RMR*IK*758320100610*PI*145*145*0
REF*PO*0020100610
REF*ST*07583
REF*DP*043
DTM*999*20100609
RMR*IK*758320100611*PI*36.53*36.53*0
REF*PO*0020100611
REF*ST*07583
REF*DP*043
DTM*999*20100610
RMR*IK*758320100612*PI*122.72*122.72*0
REF*PO*0020100612
REF*ST*07583
REF*DP*043
DTM*999*20100611
RMR*IK*758320100613*PI*121.27*121.27*0
REF*PO*0020100613
REF*ST*07583
REF*DP*043
DTM*999*20100612
RMR*IK*758320100614*PI*59.4*59.4*0
REF*PO*0020100614
REF*ST*07583
REF*DP*043
DTM*999*20100613
RMR*IK*762020100608*PI*76*76*0
REF*PO*0020100608
REF*ST*07620
REF*DP*043
DTM*999*20100607
RMR*IK*762020100609*PI*44*44*0
REF*PO*0020100609
REF*ST*07620
REF*DP*043
DTM*999*20100608
RMR*IK*762020100610*PI*72*72*0
REF*PO*0020100610
REF*ST*07620
REF*DP*043
DTM*999*20100609
RMR*IK*762020100611*PI*64*64*0
REF*PO*0020100611
REF*ST*07620
REF*DP*043
DTM*999*20100610
RMR*IK*762020100612*PI*36*36*0
REF*PO*0020100612
REF*ST*07620
REF*DP*043
DTM*999*20100611
RMR*IK*762020100613*PI*140*140*0
REF*PO*0020100613
REF*ST*07620
REF*DP*043
DTM*999*20100612
RMR*IK*762020100614*PI*36*36*0
REF*PO*0020100614
REF*ST*07620
REF*DP*043
DTM*999*20100613
RMR*IK*763220100608*PI*60*60*0
REF*PO*0020100608
REF*ST*07632
REF*DP*043
DTM*999*20100607
RMR*IK*763220100609*PI*8*8*0
REF*PO*0020100609
REF*ST*07632
REF*DP*043
DTM*999*20100608
RMR*IK*763220100610*PI*44*44*0
REF*PO*0020100610
REF*ST*07632
REF*DP*043
DTM*999*20100609
RMR*IK*763220100611*PI*16*16*0
REF*PO*0020100611
REF*ST*07632
REF*DP*043
DTM*999*20100610
RMR*IK*763220100612*PI*28*28*0
REF*PO*0020100612
REF*ST*07632
REF*DP*043
DTM*999*20100611
RMR*IK*763220100613*PI*4*4*0
REF*PO*0020100613
REF*ST*07632
REF*DP*043
DTM*999*20100612
RMR*IK*763220100614*PI*24*24*0
REF*PO*0020100614
REF*ST*07632
REF*DP*043
DTM*999*20100613
RMR*IK*764820100608*PI*136*136*0
REF*PO*0020100608
REF*ST*07648
REF*DP*043
DTM*999*20100607
RMR*IK*764820100609*PI*36*36*0
REF*PO*0020100609
REF*ST*07648
REF*DP*043
DTM*999*20100608
RMR*IK*764820100610*PI*100*100*0
REF*PO*0020100610
REF*ST*07648
REF*DP*043
DTM*999*20100609
RMR*IK*764820100611*PI*103.35*103.35*0
REF*PO*0020100611
REF*ST*07648
REF*DP*043
DTM*999*20100610
RMR*IK*764820100612*PI*33.8*33.8*0
REF*PO*0020100612
REF*ST*07648
REF*DP*043
DTM*999*20100611
RMR*IK*764820100613*PI*145.4*145.4*0
REF*PO*0020100613
REF*ST*07648
REF*DP*043
DTM*999*20100612
RMR*IK*764820100614*PI*86.45*86.45*0
REF*PO*0020100614
REF*ST*07648
REF*DP*043
DTM*999*20100613
RMR*IK*764920100608*PI*48*48*0
REF*PO*0020100608
REF*ST*07649
REF*DP*043
DTM*999*20100607
RMR*IK*764920100609*PI*-4*-4*0
REF*PO*0020100609
REF*ST*07649
REF*DP*043
DTM*999*20100608
RMR*IK*764920100610*PI*8*8*0
REF*PO*0020100610
REF*ST*07649
REF*DP*043
DTM*999*20100609
RMR*IK*764920100611*PI*36*36*0
REF*PO*0020100611
REF*ST*07649
REF*DP*043
DTM*999*20100610
RMR*IK*764920100612*PI*80.75*80.75*0
REF*PO*0020100612
REF*ST*07649
REF*DP*043
DTM*999*20100611
RMR*IK*764920100613*PI*73.15*73.15*0
REF*PO*0020100613
REF*ST*07649
REF*DP*043
DTM*999*20100612
RMR*IK*764920100614*PI*58.05*58.05*0
REF*PO*0020100614
REF*ST*07649
REF*DP*043
DTM*999*20100613
RMR*IK*765620100608*PI*4*4*0
REF*PO*0020100608
REF*ST*07656
REF*DP*043
DTM*999*20100607
RMR*IK*765620100609*PI*12*12*0
REF*PO*0020100609
REF*ST*07656
REF*DP*043
DTM*999*20100608
RMR*IK*765620100612*PI*8*8*0
REF*PO*0020100612
REF*ST*07656
REF*DP*043
DTM*999*20100611
RMR*IK*765620100613*PI*48*48*0
REF*PO*0020100613
REF*ST*07656
REF*DP*043
DTM*999*20100612
RMR*IK*765620100614*PI*16*16*0
REF*PO*0020100614
REF*ST*07656
REF*DP*043
DTM*999*20100613
RMR*IK*771020100608*PI*64.9*64.9*0
REF*PO*0020100608
REF*ST*07710
REF*DP*043
DTM*999*20100607
RMR*IK*771020100609*PI*10.45*10.45*0
REF*PO*0020100609
REF*ST*07710
REF*DP*043
DTM*999*20100608
RMR*IK*771020100610*PI*16*16*0
REF*PO*0020100610
REF*ST*07710
REF*DP*043
DTM*999*20100609
RMR*IK*771020100611*PI*55.35*55.35*0
REF*PO*0020100611
REF*ST*07710
REF*DP*043
DTM*999*20100610
RMR*IK*771020100612*PI*35.35*35.35*0
REF*PO*0020100612
REF*ST*07710
REF*DP*043
DTM*999*20100611
RMR*IK*771020100613*PI*24.6*24.6*0
REF*PO*0020100613
REF*ST*07710
REF*DP*043
DTM*999*20100612
RMR*IK*771020100614*PI*12*12*0
REF*PO*0020100614
REF*ST*07710
REF*DP*043
DTM*999*20100613
RMR*IK*776720100608*PI*67.98*67.98*0
REF*PO*0020100608
REF*ST*07767
REF*DP*043
DTM*999*20100607
RMR*IK*776720100609*PI*48.48*48.48*0
REF*PO*0020100609
REF*ST*07767
REF*DP*043
DTM*999*20100608
RMR*IK*776720100610*PI*78.59*78.59*0
REF*PO*0020100610
REF*ST*07767
REF*DP*043
DTM*999*20100609
RMR*IK*776720100611*PI*16.05*16.05*0
REF*PO*0020100611
REF*ST*07767
REF*DP*043
DTM*999*20100610
RMR*IK*776720100612*PI*56.01*56.01*0
REF*PO*0020100612
REF*ST*07767
REF*DP*043
DTM*999*20100611
RMR*IK*776720100613*PI*93.13*93.13*0
REF*PO*0020100613
REF*ST*07767
REF*DP*043
DTM*999*20100612
RMR*IK*776720100614*PI*116.85*116.85*0
REF*PO*0020100614
REF*ST*07767
REF*DP*043
DTM*999*20100613
RMR*IK*906520100608*PI*12*12*0
REF*PO*0020100608
REF*ST*09065
REF*DP*043
DTM*999*20100607
RMR*IK*906520100609*PI*8*8*0
REF*PO*0020100609
REF*ST*09065
REF*DP*043
DTM*999*20100608
RMR*IK*906520100610*PI*4*4*0
REF*PO*0020100610
REF*ST*09065
REF*DP*043
DTM*999*20100609
RMR*IK*906520100611*PI*12*12*0
REF*PO*0020100611
REF*ST*09065
REF*DP*043
DTM*999*20100610
RMR*IK*906520100612*PI*4*4*0
REF*PO*0020100612
REF*ST*09065
REF*DP*043
DTM*999*20100611
RMR*IK*906520100614*PI*4*4*0
REF*PO*0020100614
REF*ST*09065
REF*DP*043
DTM*999*20100613
RMR*IK*910520100608*PI*24*24*0
REF*PO*0020100608
REF*ST*09105
REF*DP*043
DTM*999*20100607
RMR*IK*910520100612*PI*4*4*0
REF*PO*0020100612
REF*ST*09105
REF*DP*043
DTM*999*20100611
RMR*IK*910520100614*PI*8*8*0
REF*PO*0020100614
REF*ST*09105
REF*DP*043
DTM*999*20100613
RMR*IK*918420100608*PI*32*32*0
REF*PO*0020100608
REF*ST*09184
REF*DP*043
DTM*999*20100607
RMR*IK*918420100609*PI*24*24*0
REF*PO*0020100609
REF*ST*09184
REF*DP*043
DTM*999*20100608
RMR*IK*918420100612*PI*8*8*0
REF*PO*0020100612
REF*ST*09184
REF*DP*043
DTM*999*20100611
RMR*IK*918420100613*PI*8*8*0
REF*PO*0020100613
REF*ST*09184
REF*DP*043
DTM*999*20100612
RMR*IK*920420100608*PI*48*48*0
REF*PO*0020100608
REF*ST*09204
REF*DP*043
DTM*999*20100607
RMR*IK*920420100609*PI*36*36*0
REF*PO*0020100609
REF*ST*09204
REF*DP*043
DTM*999*20100608
RMR*IK*920420100610*PI*48*48*0
REF*PO*0020100610
REF*ST*09204
REF*DP*043
DTM*999*20100609
RMR*IK*920420100611*PI*28*28*0
REF*PO*0020100611
REF*ST*09204
REF*DP*043
DTM*999*20100610
RMR*IK*920420100612*PI*4*4*0
REF*PO*0020100612
REF*ST*09204
REF*DP*043
DTM*999*20100611
RMR*IK*920420100613*PI*28*28*0
REF*PO*0020100613
REF*ST*09204
REF*DP*043
DTM*999*20100612
RMR*IK*920420100614*PI*8*8*0
REF*PO*0020100614
REF*ST*09204
REF*DP*043
DTM*999*20100613
RMR*IK*922020100608*PI*121.64*121.64*0
REF*PO*0020100608
REF*ST*09220
REF*DP*043
DTM*999*20100607
RMR*IK*922020100609*PI*211.15*211.15*0
REF*PO*0020100609
REF*ST*09220
REF*DP*043
DTM*999*20100608
RMR*IK*922020100610*PI*244.76*244.76*0
REF*PO*0020100610
REF*ST*09220
REF*DP*043
DTM*999*20100609
RMR*IK*922020100611*PI*146.76*146.76*0
REF*PO*0020100611
REF*ST*09220
REF*DP*043
DTM*999*20100610
RMR*IK*922020100612*PI*14.4*14.4*0
REF*PO*0020100612
REF*ST*09220
REF*DP*043
DTM*999*20100611
RMR*IK*922020100613*PI*295.71*295.71*0
REF*PO*0020100613
REF*ST*09220
REF*DP*043
DTM*999*20100612
RMR*IK*922020100614*PI*104.12*104.12*0
REF*PO*0020100614
REF*ST*09220
REF*DP*043
DTM*999*20100613
RMR*IK*922220100608*PI*46.4*46.4*0
REF*PO*0020100608
REF*ST*09222
REF*DP*043
DTM*999*20100607
RMR*IK*922220100609*PI*24.3*24.3*0
REF*PO*0020100609
REF*ST*09222
REF*DP*043
DTM*999*20100608
RMR*IK*922220100610*PI*40.6*40.6*0
REF*PO*0020100610
REF*ST*09222
REF*DP*043
DTM*999*20100609
RMR*IK*922220100611*PI*16.35*16.35*0
REF*PO*0020100611
REF*ST*09222
REF*DP*043
DTM*999*20100610
RMR*IK*922220100612*PI*64.6*64.6*0
REF*PO*0020100612
REF*ST*09222
REF*DP*043
DTM*999*20100611
RMR*IK*922220100613*PI*26.1*26.1*0
REF*PO*0020100613
REF*ST*09222
REF*DP*043
DTM*999*20100612
RMR*IK*922220100614*PI*30.85*30.85*0
REF*PO*0020100614
REF*ST*09222
REF*DP*043
DTM*999*20100613
RMR*IK*923320100608*PI*213.24*213.24*0
REF*PO*0020100608
REF*ST*09233
REF*DP*043
DTM*999*20100607
RMR*IK*923320100609*PI*140.77*140.77*0
REF*PO*0020100609
REF*ST*09233
REF*DP*043
DTM*999*20100608
RMR*IK*923320100610*PI*150.66*150.66*0
REF*PO*0020100610
REF*ST*09233
REF*DP*043
DTM*999*20100609
RMR*IK*923320100611*PI*196.67*196.67*0
REF*PO*0020100611
REF*ST*09233
REF*DP*043
DTM*999*20100610
RMR*IK*923320100612*PI*110.01*110.01*0
REF*PO*0020100612
REF*ST*09233
REF*DP*043
DTM*999*20100611
RMR*IK*923320100613*PI*178.78*178.78*0
REF*PO*0020100613
REF*ST*09233
REF*DP*043
DTM*999*20100612
RMR*IK*923320100614*PI*139.72*139.72*0
REF*PO*0020100614
REF*ST*09233
REF*DP*043
DTM*999*20100613
RMR*IK*924320100608*PI*96.5*96.5*0
REF*PO*0020100608
REF*ST*09243
REF*DP*043
DTM*999*20100607
RMR*IK*924320100609*PI*17.4*17.4*0
REF*PO*0020100609
REF*ST*09243
REF*DP*043
DTM*999*20100608
RMR*IK*924320100610*PI*94.75*94.75*0
REF*PO*0020100610
REF*ST*09243
REF*DP*043
DTM*999*20100609
RMR*IK*924320100611*PI*19.95*19.95*0
REF*PO*0020100611
REF*ST*09243
REF*DP*043
DTM*999*20100610
RMR*IK*924320100612*PI*28.3*28.3*0
REF*PO*0020100612
REF*ST*09243
REF*DP*043
DTM*999*20100611
RMR*IK*924320100613*PI*54.8*54.8*0
REF*PO*0020100613
REF*ST*09243
REF*DP*043
DTM*999*20100612
RMR*IK*924320100614*PI*27.95*27.95*0
REF*PO*0020100614
REF*ST*09243
REF*DP*043
DTM*999*20100613
RMR*IK*927320100608*PI*12*12*0
REF*PO*0020100608
REF*ST*09273
REF*DP*043
DTM*999*20100607
RMR*IK*927320100609*PI*20*20*0
REF*PO*0020100609
REF*ST*09273
REF*DP*043
DTM*999*20100608
RMR*IK*927320100610*PI*28*28*0
REF*PO*0020100610
REF*ST*09273
REF*DP*043
DTM*999*20100609
RMR*IK*927320100611*PI*12*12*0
REF*PO*0020100611
REF*ST*09273
REF*DP*043
DTM*999*20100610
RMR*IK*927320100612*PI*80*80*0
REF*PO*0020100612
REF*ST*09273
REF*DP*043
DTM*999*20100611
RMR*IK*927320100613*PI*56*56*0
REF*PO*0020100613
REF*ST*09273
REF*DP*043
DTM*999*20100612
RMR*IK*927320100614*PI*24*24*0
REF*PO*0020100614
REF*ST*09273
REF*DP*043
DTM*999*20100613
RMR*IK*930920100608*PI*112.54*112.54*0
REF*PO*0020100608
REF*ST*09309
REF*DP*043
DTM*999*20100607
RMR*IK*930920100609*PI*116.92*116.92*0
REF*PO*0020100609
REF*ST*09309
REF*DP*043
DTM*999*20100608
RMR*IK*930920100610*PI*181.53*181.53*0
REF*PO*0020100610
REF*ST*09309
REF*DP*043
DTM*999*20100609
RMR*IK*930920100611*PI*47.03*47.03*0
REF*PO*0020100611
REF*ST*09309
REF*DP*043
DTM*999*20100610
RMR*IK*930920100612*PI*89.18*89.18*0
REF*PO*0020100612
REF*ST*09309
REF*DP*043
DTM*999*20100611
RMR*IK*930920100613*PI*66.63*66.63*0
REF*PO*0020100613
REF*ST*09309
REF*DP*043
DTM*999*20100612
RMR*IK*930920100614*PI*26.85*26.85*0
REF*PO*0020100614
REF*ST*09309
REF*DP*043
DTM*999*20100613
RMR*IK*933120100608*PI*4*4*0
REF*PO*0020100608
REF*ST*09331
REF*DP*043
DTM*999*20100607
RMR*IK*933120100612*PI*12*12*0
REF*PO*0020100612
REF*ST*09331
REF*DP*043
DTM*999*20100611
RMR*IK*933120100613*PI*8*8*0
REF*PO*0020100613
REF*ST*09331
REF*DP*043
DTM*999*20100612
RMR*IK*933120100614*PI*12*12*0
REF*PO*0020100614
REF*ST*09331
REF*DP*043
DTM*999*20100613
RMR*IK*933420100608*PI*32*32*0
REF*PO*0020100608
REF*ST*09334
REF*DP*043
DTM*999*20100607
RMR*IK*933420100609*PI*8*8*0
REF*PO*0020100609
REF*ST*09334
REF*DP*043
DTM*999*20100608
RMR*IK*933420100610*PI*12*12*0
REF*PO*0020100610
REF*ST*09334
REF*DP*043
DTM*999*20100609
RMR*IK*933420100611*PI*40*40*0
REF*PO*0020100611
REF*ST*09334
REF*DP*043
DTM*999*20100610
RMR*IK*933420100612*PI*8*8*0
REF*PO*0020100612
REF*ST*09334
REF*DP*043
DTM*999*20100611
RMR*IK*933420100614*PI*-8*-8*0
REF*PO*0020100614
REF*ST*09334
REF*DP*043
DTM*999*20100613
RMR*IK*933620100608*PI*44.25*44.25*0
REF*PO*0020100608
REF*ST*09336
REF*DP*043
DTM*999*20100607
RMR*IK*933620100610*PI*17.45*17.45*0
REF*PO*0020100610
REF*ST*09336
REF*DP*043
DTM*999*20100609
RMR*IK*933620100611*PI*2.9*2.9*0
REF*PO*0020100611
REF*ST*09336
REF*DP*043
DTM*999*20100610
RMR*IK*933620100612*PI*37*37*0
REF*PO*0020100612
REF*ST*09336
REF*DP*043
DTM*999*20100611
RMR*IK*933620100613*PI*26.5*26.5*0
REF*PO*0020100613
REF*ST*09336
REF*DP*043
DTM*999*20100612
RMR*IK*933620100614*PI*31.55*31.55*0
REF*PO*0020100614
REF*ST*09336
REF*DP*043
DTM*999*20100613
RMR*IK*933820100608*PI*91.25*91.25*0
REF*PO*0020100608
REF*ST*09338
REF*DP*043
DTM*999*20100607
RMR*IK*933820100609*PI*14.45*14.45*0
REF*PO*0020100609
REF*ST*09338
REF*DP*043
DTM*999*20100608
RMR*IK*933820100610*PI*32.35*32.35*0
REF*PO*0020100610
REF*ST*09338
REF*DP*043
DTM*999*20100609
RMR*IK*933820100611*PI*78.05*78.05*0
REF*PO*0020100611
REF*ST*09338
REF*DP*043
DTM*999*20100610
RMR*IK*933820100612*PI*70.15*70.15*0
REF*PO*0020100612
REF*ST*09338
REF*DP*043
DTM*999*20100611
RMR*IK*933820100613*PI*68*68*0
REF*PO*0020100613
REF*ST*09338
REF*DP*043
DTM*999*20100612
RMR*IK*933820100614*PI*32.35*32.35*0
REF*PO*0020100614
REF*ST*09338
REF*DP*043
DTM*999*20100613
RMR*IK*935320100608*PI*8*8*0
REF*PO*0020100608
REF*ST*09353
REF*DP*043
DTM*999*20100607
RMR*IK*935320100609*PI*20*20*0
REF*PO*0020100609
REF*ST*09353
REF*DP*043
DTM*999*20100608
RMR*IK*935320100610*PI*20*20*0
REF*PO*0020100610
REF*ST*09353
REF*DP*043
DTM*999*20100609
RMR*IK*935320100611*PI*8*8*0
REF*PO*0020100611
REF*ST*09353
REF*DP*043
DTM*999*20100610
RMR*IK*935320100612*PI*4*4*0
REF*PO*0020100612
REF*ST*09353
REF*DP*043
DTM*999*20100611
RMR*IK*935320100613*PI*8*8*0
REF*PO*0020100613
REF*ST*09353
REF*DP*043
DTM*999*20100612
RMR*IK*935320100614*PI*12*12*0
REF*PO*0020100614
REF*ST*09353
REF*DP*043
DTM*999*20100613
RMR*IK*938320100608*PI*56*56*0
REF*PO*0020100608
REF*ST*09383
REF*DP*043
DTM*999*20100607
RMR*IK*938320100609*PI*12*12*0
REF*PO*0020100609
REF*ST*09383
REF*DP*043
DTM*999*20100608
RMR*IK*938320100610*PI*28*28*0
REF*PO*0020100610
REF*ST*09383
REF*DP*043
DTM*999*20100609
RMR*IK*938320100611*PI*28*28*0
REF*PO*0020100611
REF*ST*09383
REF*DP*043
DTM*999*20100610
RMR*IK*938320100612*PI*72*72*0
REF*PO*0020100612
REF*ST*09383
REF*DP*043
DTM*999*20100611
RMR*IK*938320100613*PI*56*56*0
REF*PO*0020100613
REF*ST*09383
REF*DP*043
DTM*999*20100612
RMR*IK*938320100614*PI*32*32*0
REF*PO*0020100614
REF*ST*09383
REF*DP*043
DTM*999*20100613
RMR*IK*939720100608*PI*24*24*0
REF*PO*0020100608
REF*ST*09397
REF*DP*043
DTM*999*20100607
RMR*IK*939720100610*PI*24*24*0
REF*PO*0020100610
REF*ST*09397
REF*DP*043
DTM*999*20100609
RMR*IK*939720100611*PI*12*12*0
REF*PO*0020100611
REF*ST*09397
REF*DP*043
DTM*999*20100610
RMR*IK*939720100612*PI*8*8*0
REF*PO*0020100612
REF*ST*09397
REF*DP*043
DTM*999*20100611
RMR*IK*939720100613*PI*28*28*0
REF*PO*0020100613
REF*ST*09397
REF*DP*043
DTM*999*20100612
RMR*IK*939720100614*PI*20*20*0
REF*PO*0020100614
REF*ST*09397
REF*DP*043
DTM*999*20100613
RMR*IK*953220100608*PI*24*24*0
REF*PO*0020100608
REF*ST*09532
REF*DP*043
DTM*999*20100607
RMR*IK*953220100609*PI*224.9*224.9*0
REF*PO*0020100609
REF*ST*09532
REF*DP*043
DTM*999*20100608
RMR*IK*953220100610*PI*67.8*67.8*0
REF*PO*0020100610
REF*ST*09532
REF*DP*043
DTM*999*20100609
RMR*IK*953220100611*PI*96*96*0
REF*PO*0020100611
REF*ST*09532
REF*DP*043
DTM*999*20100610
RMR*IK*953220100612*PI*66.9*66.9*0
REF*PO*0020100612
REF*ST*09532
REF*DP*043
DTM*999*20100611
RMR*IK*953220100613*PI*41.45*41.45*0
REF*PO*0020100613
REF*ST*09532
REF*DP*043
DTM*999*20100612
RMR*IK*953220100614*PI*141.8*141.8*0
REF*PO*0020100614
REF*ST*09532
REF*DP*043
DTM*999*20100613
RMR*IK*953420100608*PI*84*84*0
REF*PO*0020100608
REF*ST*09534
REF*DP*043
DTM*999*20100607
RMR*IK*953420100609*PI*32*32*0
REF*PO*0020100609
REF*ST*09534
REF*DP*043
DTM*999*20100608
RMR*IK*953420100610*PI*84*84*0
REF*PO*0020100610
REF*ST*09534
REF*DP*043
DTM*999*20100609
RMR*IK*953420100611*PI*36*36*0
REF*PO*0020100611
REF*ST*09534
REF*DP*043
DTM*999*20100610
RMR*IK*953420100612*PI*62.45*62.45*0
REF*PO*0020100612
REF*ST*09534
REF*DP*043
DTM*999*20100611
RMR*IK*953420100613*PI*144*144*0
REF*PO*0020100613
REF*ST*09534
REF*DP*043
DTM*999*20100612
RMR*IK*953420100614*PI*128*128*0
REF*PO*0020100614
REF*ST*09534
REF*DP*043
DTM*999*20100613
RMR*IK*953720100608*PI*36*36*0
REF*PO*0020100608
REF*ST*09537
REF*DP*043
DTM*999*20100607
RMR*IK*953720100609*PI*20*20*0
REF*PO*0020100609
REF*ST*09537
REF*DP*043
DTM*999*20100608
RMR*IK*953720100610*PI*16*16*0
REF*PO*0020100610
REF*ST*09537
REF*DP*043
DTM*999*20100609
RMR*IK*953720100611*PI*12*12*0
REF*PO*0020100611
REF*ST*09537
REF*DP*043
DTM*999*20100610
RMR*IK*953720100612*PI*20*20*0
REF*PO*0020100612
REF*ST*09537
REF*DP*043
DTM*999*20100611
RMR*IK*953720100613*PI*36*36*0
REF*PO*0020100613
REF*ST*09537
REF*DP*043
DTM*999*20100612
RMR*IK*953720100614*PI*24*24*0
REF*PO*0020100614
REF*ST*09537
REF*DP*043
DTM*999*20100613
RMR*IK*956420100608*PI*12*12*0
REF*PO*0020100608
REF*ST*09564
REF*DP*043
DTM*999*20100607
RMR*IK*956420100609*PI*8*8*0
REF*PO*0020100609
REF*ST*09564
REF*DP*043
DTM*999*20100608
RMR*IK*956420100610*PI*8*8*0
REF*PO*0020100610
REF*ST*09564
REF*DP*043
DTM*999*20100609
RMR*IK*956420100611*PI*16*16*0
REF*PO*0020100611
REF*ST*09564
REF*DP*043
DTM*999*20100610
RMR*IK*956420100612*PI*4*4*0
REF*PO*0020100612
REF*ST*09564
REF*DP*043
DTM*999*20100611
RMR*IK*956420100613*PI*8*8*0
REF*PO*0020100613
REF*ST*09564
REF*DP*043
DTM*999*20100612
RMR*IK*960020100608*PI*24*24*0
REF*PO*0020100608
REF*ST*09600
REF*DP*043
DTM*999*20100607
RMR*IK*960020100609*PI*56*56*0
REF*PO*0020100609
REF*ST*09600
REF*DP*043
DTM*999*20100608
RMR*IK*960020100610*PI*8*8*0
REF*PO*0020100610
REF*ST*09600
REF*DP*043
DTM*999*20100609
RMR*IK*960020100612*PI*8*8*0
REF*PO*0020100612
REF*ST*09600
REF*DP*043
DTM*999*20100611
RMR*IK*960020100613*PI*56*56*0
REF*PO*0020100613
REF*ST*09600
REF*DP*043
DTM*999*20100612
RMR*IK*960020100614*PI*12*12*0
REF*PO*0020100614
REF*ST*09600
REF*DP*043
DTM*999*20100613
RMR*IK*964720100608*PI*62.45*62.45*0
REF*PO*0020100608
REF*ST*09647
REF*DP*043
DTM*999*20100607
RMR*IK*964720100610*PI*28*28*0
REF*PO*0020100610
REF*ST*09647
REF*DP*043
DTM*999*20100609
RMR*IK*964720100611*PI*32.25*32.25*0
REF*PO*0020100611
REF*ST*09647
REF*DP*043
DTM*999*20100610
RMR*IK*964720100613*PI*8*8*0
REF*PO*0020100613
REF*ST*09647
REF*DP*043
DTM*999*20100612
RMR*IK*964720100614*PI*24*24*0
REF*PO*0020100614
REF*ST*09647
REF*DP*043
DTM*999*20100613
RMR*IK*968020100608*PI*60*60*0
REF*PO*0020100608
REF*ST*09680
REF*DP*043
DTM*999*20100607
RMR*IK*968020100609*PI*16*16*0
REF*PO*0020100609
REF*ST*09680
REF*DP*043
DTM*999*20100608
RMR*IK*968020100611*PI*16*16*0
REF*PO*0020100611
REF*ST*09680
REF*DP*043
DTM*999*20100610
RMR*IK*968020100612*PI*16*16*0
REF*PO*0020100612
REF*ST*09680
REF*DP*043
DTM*999*20100611
RMR*IK*968020100613*PI*12*12*0
REF*PO*0020100613
REF*ST*09680
REF*DP*043
DTM*999*20100612
RMR*IK*968920100608*PI*124*124*0
REF*PO*0020100608
REF*ST*09689
REF*DP*043
DTM*999*20100607
RMR*IK*968920100609*PI*60*60*0
REF*PO*0020100609
REF*ST*09689
REF*DP*043
DTM*999*20100608
RMR*IK*968920100610*PI*56*56*0
REF*PO*0020100610
REF*ST*09689
REF*DP*043
DTM*999*20100609
RMR*IK*968920100611*PI*40*40*0
REF*PO*0020100611
REF*ST*09689
REF*DP*043
DTM*999*20100610
RMR*IK*968920100612*PI*29.8*29.8*0
REF*PO*0020100612
REF*ST*09689
REF*DP*043
DTM*999*20100611
RMR*IK*968920100613*PI*64.5*64.5*0
REF*PO*0020100613
REF*ST*09689
REF*DP*043
DTM*999*20100612
RMR*IK*968920100614*PI*89.7*89.7*0
REF*PO*0020100614
REF*ST*09689
REF*DP*043
DTM*999*20100613
RMR*IK*970420100608*PI*28*28*0
REF*PO*0020100608
REF*ST*09704
REF*DP*043
DTM*999*20100607
RMR*IK*970420100610*PI*8*8*0
REF*PO*0020100610
REF*ST*09704
REF*DP*043
DTM*999*20100609
RMR*IK*970420100611*PI*28*28*0
REF*PO*0020100611
REF*ST*09704
REF*DP*043
DTM*999*20100610
RMR*IK*970420100612*PI*24*24*0
REF*PO*0020100612
REF*ST*09704
REF*DP*043
DTM*999*20100611
RMR*IK*970420100613*PI*8*8*0
REF*PO*0020100613
REF*ST*09704
REF*DP*043
DTM*999*20100612
RMR*IK*970420100614*PI*24*24*0
REF*PO*0020100614
REF*ST*09704
REF*DP*043
DTM*999*20100613
SE*4104*0001
GE*1*146
IEA*1*000000146
