ISA*00*          *00*          *08*9254291001     *12*6169631519     *120413*1000*U*00400*000002159*0*P*>
GS*RC*9254291001*6169631519*20120413*1000*2159*X*004010
ST*861*0001
BRA*201204120000035008*20120413*00*1
REF*IA*SBT00000065
DTM*097*20120413
N1*FR*KMART*1*008965873
RCD**1*CT
DTM*995*20120412
MAN*GM*00040997020002480856
N1*RL**92*03308
RCD**1*CT
DTM*995*20120412
MAN*GM*00040997020002480917
N1*RL**92*04059
RCD**1*CT
DTM*995*20120412
MAN*GM*00040997020002480962
N1*RL**92*04204
RCD**1*CT
DTM*995*20120412
MAN*GM*00040997020001813365
N1*RL**92*04795
RCD**1*CT
DTM*995*20120412
MAN*GM*00040997020001813402
N1*RL**92*07014
RCD**1*CT
DTM*995*20120412
MAN*GM*00040997020001813433
N1*RL**92*07524
RCD**1*CT
DTM*995*20120412
MAN*GM*00040997020002481020
N1*RL**92*07634
RCD**1*CT
DTM*995*20120412
MAN*GM*00040997020001813488
N1*RL**92*09186
RCD**1*CT
DTM*995*20120412
MAN*GM*00040997020001813532
N1*RL**92*09593
RCD**1*CT
DTM*995*20120412
MAN*GM*00040997020001813549
N1*RL**92*09640
CTT*10
SE*47*0001
GE*1*2159
IEA*1*000002159
ISA*00*          *00*          *09*006985290EFT   *12*6169631519     *120412*2333*U*00400*001000272*0*P*>
GS*RA*006985290EFT*6169631519*20120412*2333*1000272*X*004010
ST*820*0001
BPR*I*2322.59*C*ACH*CCP*01*061209756*DA*2079900567397*9008965873**01*072405455*DA*0024013642*20120416*VEN
TRN*3*771964717*9008965873
DTM*097*20120412
N1*PR*SEARS HOLDINGS MANAGEMENT CORP.*1*008965873
N1*PE*POST GARDENS OF BATTLE CR*92*00016728990
N1*SE*POST GARDENS OF BATTLE CR*92*00016728990
ENT*1
RMR*IK*312620120330*PI*32.95*32.95*0
REF*PO*0020120330
REF*ST*03126
REF*DP*043
DTM*999*20120329
RMR*IK*312620120331*PI*74.7*74.7*0
REF*PO*0020120331
REF*ST*03126
REF*DP*043
DTM*999*20120330
RMR*IK*320720120331*PI*4.9*4.9*0
REF*PO*0020120331
REF*ST*03207
REF*DP*043
DTM*999*20120330
RMR*IK*325420120325*PI*6.95*6.95*0
REF*PO*0020120325
REF*ST*03254
REF*DP*043
DTM*999*20120324
RMR*IK*325420120326*PI*4.9*4.9*0
REF*PO*0020120326
REF*ST*03254
REF*DP*043
DTM*999*20120325
RMR*IK*325420120327*PI*16.5*16.5*0
REF*PO*0020120327
REF*ST*03254
REF*DP*043
DTM*999*20120326
RMR*IK*325420120328*PI*24.95*24.95*0
REF*PO*0020120328
REF*ST*03254
REF*DP*043
DTM*999*20120327
RMR*IK*325420120329*PI*25.95*25.95*0
REF*PO*0020120329
REF*ST*03254
REF*DP*043
DTM*999*20120328
RMR*IK*325420120330*PI*9.8*9.8*0
REF*PO*0020120330
REF*ST*03254
REF*DP*043
DTM*999*20120329
RMR*IK*325420120331*PI*22.5*22.5*0
REF*PO*0020120331
REF*ST*03254
REF*DP*043
DTM*999*20120330
RMR*IK*330820120330*PI*18.4*18.4*0
REF*PO*0020120330
REF*ST*03308
REF*DP*043
DTM*999*20120329
RMR*IK*332720120330*PI*126.85*126.85*0
REF*PO*0020120330
REF*ST*03327
REF*DP*043
DTM*999*20120329
RMR*IK*332720120331*PI*82.4*82.4*0
REF*PO*0020120331
REF*ST*03327
REF*DP*043
DTM*999*20120330
RMR*IK*335120120331*PI*10.35*10.35*0
REF*PO*0020120331
REF*ST*03351
REF*DP*043
DTM*999*20120330
RMR*IK*354620120329*PI*16.73*16.73*0
REF*PO*0020120329
REF*ST*03546
REF*DP*043
DTM*999*20120328
RMR*IK*354620120330*PI*39.75*39.75*0
REF*PO*0020120330
REF*ST*03546
REF*DP*043
DTM*999*20120329
RMR*IK*354620120331*PI*24.3*24.3*0
REF*PO*0020120331
REF*ST*03546
REF*DP*043
DTM*999*20120330
RMR*IK*355620120325*PI*20.25*20.25*0
REF*PO*0020120325
REF*ST*03556
REF*DP*043
DTM*999*20120324
RMR*IK*355620120326*PI*11.25*11.25*0
REF*PO*0020120326
REF*ST*03556
REF*DP*043
DTM*999*20120325
RMR*IK*355620120327*PI*1.5*1.5*0
REF*PO*0020120327
REF*ST*03556
REF*DP*043
DTM*999*20120326
RMR*IK*355620120328*PI*1.5*1.5*0
REF*PO*0020120328
REF*ST*03556
REF*DP*043
DTM*999*20120327
RMR*IK*357020120330*PI*12.5*12.5*0
REF*PO*0020120330
REF*ST*03570
REF*DP*043
DTM*999*20120329
RMR*IK*357020120331*PI*22.6*22.6*0
REF*PO*0020120331
REF*ST*03570
REF*DP*043
DTM*999*20120330
RMR*IK*357120120325*PI*28.5*28.5*0
REF*PO*0020120325
REF*ST*03571
REF*DP*043
DTM*999*20120324
RMR*IK*357120120326*PI*12.75*12.75*0
REF*PO*0020120326
REF*ST*03571
REF*DP*043
DTM*999*20120325
RMR*IK*357120120328*PI*3*3*0
REF*PO*0020120328
REF*ST*03571
REF*DP*043
DTM*999*20120327
RMR*IK*357120120329*PI*3*3*0
REF*PO*0020120329
REF*ST*03571
REF*DP*043
DTM*999*20120328
RMR*IK*357120120330*PI*19.35*19.35*0
REF*PO*0020120330
REF*ST*03571
REF*DP*043
DTM*999*20120329
RMR*IK*357120120331*PI*1.5*1.5*0
REF*PO*0020120331
REF*ST*03571
REF*DP*043
DTM*999*20120330
RMR*IK*357520120329*PI*6.68*6.68*0
REF*PO*0020120329
REF*ST*03575
REF*DP*043
DTM*999*20120328
RMR*IK*357520120330*PI*9.2*9.2*0
REF*PO*0020120330
REF*ST*03575
REF*DP*043
DTM*999*20120329
RMR*IK*357520120331*PI*40.7*40.7*0
REF*PO*0020120331
REF*ST*03575
REF*DP*043
DTM*999*20120330
RMR*IK*366420120326*PI*10.5*10.5*0
REF*PO*0020120326
REF*ST*03664
REF*DP*043
DTM*999*20120325
RMR*IK*366420120327*PI*11.25*11.25*0
REF*PO*0020120327
REF*ST*03664
REF*DP*043
DTM*999*20120326
RMR*IK*366420120329*PI*4.5*4.5*0
REF*PO*0020120329
REF*ST*03664
REF*DP*043
DTM*999*20120328
RMR*IK*372320120412*PI*-2.68*-2.68*0
REF*PO*0020120412
REF*ST*03723
REF*DP*043
DTM*999*20120411
RMR*IK*373020120330*PI*75.6*75.6*0
REF*PO*0020120330
REF*ST*03730
REF*DP*043
DTM*999*20120329
RMR*IK*373020120331*PI*45.4*45.4*0
REF*PO*0020120331
REF*ST*03730
REF*DP*043
DTM*999*20120330
RMR*IK*405920120329*PI*2.23*2.23*0
REF*PO*0020120329
REF*ST*04059
REF*DP*043
DTM*999*20120328
RMR*IK*405920120330*PI*18.95*18.95*0
REF*PO*0020120330
REF*ST*04059
REF*DP*043
DTM*999*20120329
RMR*IK*405920120331*PI*54.8*54.8*0
REF*PO*0020120331
REF*ST*04059
REF*DP*043
DTM*999*20120330
RMR*IK*406720120326*PI*7.5*7.5*0
REF*PO*0020120326
REF*ST*04067
REF*DP*043
DTM*999*20120325
RMR*IK*409820120329*PI*7.25*7.25*0
REF*PO*0020120329
REF*ST*04098
REF*DP*043
DTM*999*20120328
RMR*IK*409820120330*PI*4.6*4.6*0
REF*PO*0020120330
REF*ST*04098
REF*DP*043
DTM*999*20120329
RMR*IK*409820120331*PI*24.25*24.25*0
REF*PO*0020120331
REF*ST*04098
REF*DP*043
DTM*999*20120330
RMR*IK*410520120331*PI*4.5*4.5*0
REF*PO*0020120331
REF*ST*04105
REF*DP*043
DTM*999*20120330
RMR*IK*410620120331*PI*3*3*0
REF*PO*0020120331
REF*ST*04106
REF*DP*043
DTM*999*20120330
RMR*IK*415220120325*PI*2.45*2.45*0
REF*PO*0020120325
REF*ST*04152
REF*DP*043
DTM*999*20120324
RMR*IK*415220120329*PI*2.45*2.45*0
REF*PO*0020120329
REF*ST*04152
REF*DP*043
DTM*999*20120328
RMR*IK*415220120330*PI*4.9*4.9*0
REF*PO*0020120330
REF*ST*04152
REF*DP*043
DTM*999*20120329
RMR*IK*417720120330*PI*9.95*9.95*0
REF*PO*0020120330
REF*ST*04177
REF*DP*043
DTM*999*20120329
RMR*IK*417720120331*PI*32.2*32.2*0
REF*PO*0020120331
REF*ST*04177
REF*DP*043
DTM*999*20120330
RMR*IK*418320120329*PI*11.13*11.13*0
REF*PO*0020120329
REF*ST*04183
REF*DP*043
DTM*999*20120328
RMR*IK*418320120330*PI*4.6*4.6*0
REF*PO*0020120330
REF*ST*04183
REF*DP*043
DTM*999*20120329
RMR*IK*418320120331*PI*41.95*41.95*0
REF*PO*0020120331
REF*ST*04183
REF*DP*043
DTM*999*20120330
RMR*IK*420420120330*PI*74.95*74.95*0
REF*PO*0020120330
REF*ST*04204
REF*DP*043
DTM*999*20120329
RMR*IK*420420120331*PI*52.1*52.1*0
REF*PO*0020120331
REF*ST*04204
REF*DP*043
DTM*999*20120330
RMR*IK*420620120330*PI*113.15*113.15*0
REF*PO*0020120330
REF*ST*04206
REF*DP*043
DTM*999*20120329
RMR*IK*420620120331*PI*27.4*27.4*0
REF*PO*0020120331
REF*ST*04206
REF*DP*043
DTM*999*20120330
RMR*IK*433120120331*PI*1.5*1.5*0
REF*PO*0020120331
REF*ST*04331
REF*DP*043
DTM*999*20120330
RMR*IK*440520120330*PI*64.6*64.6*0
REF*PO*0020120330
REF*ST*04405
REF*DP*043
DTM*999*20120329
RMR*IK*440520120331*PI*27.95*27.95*0
REF*PO*0020120331
REF*ST*04405
REF*DP*043
DTM*999*20120330
RMR*IK*448120120331*PI*9*9*0
REF*PO*0020120331
REF*ST*04481
REF*DP*043
DTM*999*20120330
RMR*IK*448820120329*PI*4.45*4.45*0
REF*PO*0020120329
REF*ST*04488
REF*DP*043
DTM*999*20120328
RMR*IK*448820120330*PI*55.4*55.4*0
REF*PO*0020120330
REF*ST*04488
REF*DP*043
DTM*999*20120329
RMR*IK*448820120331*PI*23.75*23.75*0
REF*PO*0020120331
REF*ST*04488
REF*DP*043
DTM*999*20120330
RMR*IK*485120120331*PI*9*9*0
REF*PO*0020120331
REF*ST*04851
REF*DP*043
DTM*999*20120330
RMR*IK*499520120329*PI*12.19*12.19*0
REF*PO*0020120329
REF*ST*04995
REF*DP*043
DTM*999*20120328
RMR*IK*499520120330*PI*25.25*25.25*0
REF*PO*0020120330
REF*ST*04995
REF*DP*043
DTM*999*20120329
RMR*IK*499520120331*PI*92.25*92.25*0
REF*PO*0020120331
REF*ST*04995
REF*DP*043
DTM*999*20120330
RMR*IK*499820120329*PI*4.81*4.81*0
REF*PO*0020120329
REF*ST*04998
REF*DP*043
DTM*999*20120328
RMR*IK*499820120330*PI*73*73*0
REF*PO*0020120330
REF*ST*04998
REF*DP*043
DTM*999*20120329
RMR*IK*499820120331*PI*20.25*20.25*0
REF*PO*0020120331
REF*ST*04998
REF*DP*043
DTM*999*20120330
RMR*IK*712720120325*PI*32.95*32.95*0
REF*PO*0020120325
REF*ST*07127
REF*DP*043
DTM*999*20120324
RMR*IK*712720120326*PI*24.6*24.6*0
REF*PO*0020120326
REF*ST*07127
REF*DP*043
DTM*999*20120325
RMR*IK*712720120327*PI*3*3*0
REF*PO*0020120327
REF*ST*07127
REF*DP*043
DTM*999*20120326
RMR*IK*712720120328*PI*1.5*1.5*0
REF*PO*0020120328
REF*ST*07127
REF*DP*043
DTM*999*20120327
RMR*IK*712720120329*PI*19.6*19.6*0
REF*PO*0020120329
REF*ST*07127
REF*DP*043
DTM*999*20120328
RMR*IK*712720120330*PI*2.45*2.45*0
REF*PO*0020120330
REF*ST*07127
REF*DP*043
DTM*999*20120329
RMR*IK*724320120325*PI*68.4*68.4*0
REF*PO*0020120325
REF*ST*07243
REF*DP*043
DTM*999*20120324
RMR*IK*724320120326*PI*14.25*14.25*0
REF*PO*0020120326
REF*ST*07243
REF*DP*043
DTM*999*20120325
RMR*IK*724320120327*PI*9*9*0
REF*PO*0020120327
REF*ST*07243
REF*DP*043
DTM*999*20120326
RMR*IK*724320120328*PI*8.45*8.45*0
REF*PO*0020120328
REF*ST*07243
REF*DP*043
DTM*999*20120327
RMR*IK*724320120329*PI*21.25*21.25*0
REF*PO*0020120329
REF*ST*07243
REF*DP*043
DTM*999*20120328
RMR*IK*724320120330*PI*15.35*15.35*0
REF*PO*0020120330
REF*ST*07243
REF*DP*043
DTM*999*20120329
RMR*IK*724320120331*PI*3.95*3.95*0
REF*PO*0020120331
REF*ST*07243
REF*DP*043
DTM*999*20120330
RMR*IK*763420120411*PI*-11.25*-11.25*0
REF*PO*0020120411
REF*ST*07634
REF*DP*043
DTM*999*20120410
RMR*IK*777520120325*PI*6*6*0
REF*PO*0020120325
REF*ST*07775
REF*DP*043
DTM*999*20120324
RMR*IK*777520120326*PI*39.65*39.65*0
REF*PO*0020120326
REF*ST*07775
REF*DP*043
DTM*999*20120325
RMR*IK*777520120327*PI*10.5*10.5*0
REF*PO*0020120327
REF*ST*07775
REF*DP*043
DTM*999*20120326
RMR*IK*777520120329*PI*9*9*0
REF*PO*0020120329
REF*ST*07775
REF*DP*043
DTM*999*20120328
RMR*IK*777520120330*PI*1.5*1.5*0
REF*PO*0020120330
REF*ST*07775
REF*DP*043
DTM*999*20120329
RMR*IK*777520120331*PI*1.5*1.5*0
REF*PO*0020120331
REF*ST*07775
REF*DP*043
DTM*999*20120330
RMR*IK*901820120325*PI*6*6*0
REF*PO*0020120325
REF*ST*09018
REF*DP*043
DTM*999*20120324
RMR*IK*901820120327*PI*6*6*0
REF*PO*0020120327
REF*ST*09018
REF*DP*043
DTM*999*20120326
RMR*IK*901820120328*PI*1.5*1.5*0
REF*PO*0020120328
REF*ST*09018
REF*DP*043
DTM*999*20120327
RMR*IK*901820120331*PI*4.9*4.9*0
REF*PO*0020120331
REF*ST*09018
REF*DP*043
DTM*999*20120330
RMR*IK*902620120325*PI*11.85*11.85*0
REF*PO*0020120325
REF*ST*09026
REF*DP*043
DTM*999*20120324
RMR*IK*902620120326*PI*19.6*19.6*0
REF*PO*0020120326
REF*ST*09026
REF*DP*043
DTM*999*20120325
RMR*IK*902620120327*PI*11.25*11.25*0
REF*PO*0020120327
REF*ST*09026
REF*DP*043
DTM*999*20120326
RMR*IK*902620120329*PI*11.25*11.25*0
REF*PO*0020120329
REF*ST*09026
REF*DP*043
DTM*999*20120328
RMR*IK*903020120325*PI*30.95*30.95*0
REF*PO*0020120325
REF*ST*09030
REF*DP*043
DTM*999*20120324
RMR*IK*903020120326*PI*45.45*45.45*0
REF*PO*0020120326
REF*ST*09030
REF*DP*043
DTM*999*20120325
RMR*IK*903020120327*PI*3*3*0
REF*PO*0020120327
REF*ST*09030
REF*DP*043
DTM*999*20120326
RMR*IK*903020120329*PI*16.2*16.2*0
REF*PO*0020120329
REF*ST*09030
REF*DP*043
DTM*999*20120328
RMR*IK*903020120330*PI*1.5*1.5*0
REF*PO*0020120330
REF*ST*09030
REF*DP*043
DTM*999*20120329
RMR*IK*903020120331*PI*9.4*9.4*0
REF*PO*0020120331
REF*ST*09030
REF*DP*043
DTM*999*20120330
RMR*IK*912220120325*PI*14.7*14.7*0
REF*PO*0020120325
REF*ST*09122
REF*DP*043
DTM*999*20120324
RMR*IK*912220120326*PI*14.7*14.7*0
REF*PO*0020120326
REF*ST*09122
REF*DP*043
DTM*999*20120325
RMR*IK*969520120325*PI*12*12*0
REF*PO*0020120325
REF*ST*09695
REF*DP*043
DTM*999*20120324
RMR*IK*969520120331*PI*11.25*11.25*0
REF*PO*0020120331
REF*ST*09695
REF*DP*043
DTM*999*20120330
SE*564*0001
GE*1*1000272
IEA*1*001000272
ISA*00*          *00*          *14*0722717110100  *12*6169631519     *120413*2312*|*00406*000009148*0*P*>
GS*PO*072271711*6169631519*20120413*2312*7571*X*004060
ST*850*000070542
BEG*00*CN*47064310**20120413*2747064310
CUR*BY*USD
DTM*038*20120418
DTM*002*20120420
DTM*061*20120427
N1*OB**92*2747
N3*1100 JOE MANN BLVD
N4*MIDLAND*MI*48642
REF*DP*028
REF*3J*0007
REF*MR*0000071134
REF*AGL*PAY BY SCAN
REF*4C*DTS - DIRECT TO STORE
PO1*0001*22*EA*2.2**VP*111988*SK*111988*UP*099702303007
PID*F****SPRING BULBS 4-PACK - POST
PO4**1*EA
PO1*0002*1*EA*1.17**VP*155097*SK*155097*UP*099702300143
PID*F****6PK ANNUAL (806) - POST
PO4**1*EA
PO1*0003*1*EA*5.28**VP*386804*SK*386804*UP*099702309405
PID*F****6-PACK WAVE PETUNIA - POST
PO4**1*EA
PO1*0004*8*EA*1.6**VP*387088*SK*387088*UP*099702350438
PID*F****WEATHER CHANNEL GARDEN MUM - POST
PO4**1*EA
PO1*0005*4*EA*3**VP*387155*SK*387155*UP*099702300099
PID*F****SUPER 6 PACK ANNUAL- POST
PO4**1*EA
PO1*0006*1*EA*5.25**VP*456114*SK*456114*UP*099702400508
PID*F****  VIGORO SELECT GALLON ANNUAL 1EA
PO4**1*EA
PO1*0007*4*EA*2.4**VP*591734*SK*591734*UP*099702117109
PID*F****KALANCHOE FLORAL 4IN
PO4**1*EA
PO1*0008*3*EA*1.45**VP*758753*SK*758753*UP*099702308668
PID*F****606 JUMBO ANNUAL POST
PO4**1*EA
PO1*0009*2*EA*4.25**VP*765088*SK*765088*UP*099702200535
PID*F****TROPICAL FOLIAGE 6" -POST
PO4**1*EA
PO1*0010*4*EA*1.6**VP*851095*SK*851095*UP*099919214806
PID*F**** WEATHER TOUGH ACCENT PLANTS 1 PINT
PO4**1*EA
PO1*0011*2*EA*2.63**VP*932464*SK*932464*UP*099702116133
PID*F****HYACINTH 6" - POST
PO4**1*EA
PO1*0012*19*EA*7.99**VP*947000*SK*947000*UP*099702216369
PID*F****10IN BOSTON FERN HB POST
PO4**1*EA
CTT*12*71
AMT*TT*328.89
SE*53*000070542
ST*850*000070543
BEG*00*CN*55056360**20120413*2755056360
CUR*BY*USD
DTM*038*20120418
DTM*002*20120420
DTM*061*20120427
N1*OB**92*2755
N3*1700 ANDERSON RD
N4*PETOSKEY*MI*49770
REF*DP*028
REF*3J*0007
REF*MR*0000071134
REF*AGL*PAY BY SCAN
REF*4C*DTS - DIRECT TO STORE
PO1*0001*1*EA*5**VP*977540*SK*977540*UP*099702121496
PID*F****6" BEGONIA - POST
PO4**1*EA
CTT*1*1
AMT*TT*5.97
SE*20*000070543
GE*2*7571
IEA*1*000009148
ISA*00*          *00*          *14*0722717110100  *12*6169631519     *120413*2328*|*00406*000009149*0*P*>
GS*PO*072271711*6169631519*20120413*2328*7572*X*004060
ST*850*000070544
BEG*00*CN*07008264**20120413*2707008264
CUR*BY*USD
DTM*038*20120418
DTM*002*20120420
DTM*061*20120427
N1*OB**92*2707
N3*20500 13 MILE ROAD
N4*ROSEVILLE*MI*48066
REF*DP*028
REF*3J*0007
REF*MR*0000071134
REF*AGL*PAY BY SCAN
REF*4C*DTS - DIRECT TO STORE
PO1*0001*4*EA*10.75**VP*111423*SK*111423*UP*099702300358
PID*F****DEVA COLOR BOWL 12" - POST
PO4**1*EA
PO1*0002*32*EA*2.2**VP*111988*SK*111988*UP*099702303007
PID*F****SPRING BULBS 4-PACK - POST
PO4**1*EA
PO1*0003*27*EA*1.17**VP*155097*SK*155097*UP*099702300143
PID*F****6PK ANNUAL (806) - POST
PO4**1*EA
PO1*0004*17*EA*4.25**VP*338407*SK*338407*UP*099702308859
PID*F****8T BUSHEL PANSY POST
PO4**1*EA
PO1*0005*10*EA*1.95**VP*386762*SK*386762*UP*099702300327
PID*F****ANNUAL 2QT - POST
PO4**1*EA
PO1*0006*12*EA*5.28**VP*386804*SK*386804*UP*099702309405
PID*F****6-PACK WAVE PETUNIA - POST
PO4**1*EA
PO1*0007*4*EA*1.6**VP*387088*SK*387088*UP*099702350438
PID*F****WEATHER CHANNEL GARDEN MUM - POST
PO4**1*EA
PO1*0008*11*EA*5.25**VP*456114*SK*456114*UP*099702400508
PID*F****  VIGORO SELECT GALLON ANNUAL 1EA
PO4**1*EA
PO1*0009*2*EA*2.4**VP*591734*SK*591734*UP*099702117109
PID*F****KALANCHOE FLORAL 4IN
PO4**1*EA
PO1*0010*1*EA*10.85**VP*626838*SK*626838*UP*099702400744
PID*F****RATTAN 11" HB-POST
PO4**1*EA
PO1*0011*32*EA*1.45**VP*758753*SK*758753*UP*099702308668
PID*F****606 JUMBO ANNUAL POST
PO4**1*EA
PO1*0012*2*EA*4.25**VP*765088*SK*765088*UP*099702200535
PID*F****TROPICAL FOLIAGE 6" -POST
PO4**1*EA
PO1*0013*5*EA*10.9**VP*765451*SK*765451*UP*099702200559
PID*F****TROPICAL FOLIAGE 10" - POST
PO4**1*EA
PO1*0014*5*EA*13**VP*765484*SK*765484*UP*099702219759
PID*F****PALM MAJESTY 10" -POST
PO4**1*EA
PO1*0015*1*EA*8.5**VP*771391*SK*771391*UP*099702200153
PID*F****8" PREMIUM FOLIAGE HANGING BSKT-POST
PO4**1*EA
PO1*0016*6*EA*2.7**VP*771424*SK*771424*UP*099702214211
PID*F****4" FOLIAGE - POST
PO4**1*EA
PO1*0017*5*EA*1.6**VP*851095*SK*851095*UP*099702311606
PID*F**** WEATHER TOUGH ACCENT PLANTS 1 PINT
PO4**1*EA
PO1*0018*7*EA*5.56**VP*892383*SK*892383*UP*842276003480
PID*F****VIVA! ASIATIC LILY LOOKS 2.6 QT S2
PO4**1*EA
PO1*0019*5*EA*6.75**VP*906278*SK*906278*UP*099702300266
PID*F****10IN STANDARD HANGING BASKET POST
PO4**1*EA
PO1*0020*15*EA*2.9**VP*906542*SK*906542*UP*099702500291
PID*F****PROVEN WINNER 4.5IN POST
PO4**1*EA
PO1*0021*1*EA*5.25**VP*932431*SK*932431*UP*099702114146
PID*F****DAFFODIL 6" - POST
PO4**1*EA
PO1*0022*14*EA*7.99**VP*947000*SK*947000*UP*099702216369
PID*F****10IN BOSTON FERN HB POST
PO4**1*EA
CTT*22*218
AMT*TT*1070.56
SE*83*000070544
GE*1*7572
IEA*1*000009149
ISA*00*          *00*          *14*0722717110100  *12*6169631519     *120414*0023*|*00406*000009150*0*P*>
GS*PO*072271711*6169631519*20120414*0023*7573*X*004060
ST*850*000070545
BEG*00*CN*17051993**20120413*2717051993
CUR*BY*USD
DTM*038*20120418
DTM*002*20120420
DTM*061*20120427
N1*OB**92*2717
N3*4245 E COURT ST
N4*BURTON*MI*48509
REF*DP*028
REF*3J*0007
REF*MR*0000071134
REF*AGL*PAY BY SCAN
REF*4C*DTS - DIRECT TO STORE
PO1*0001*17*EA*2.2**VP*111988*SK*111988*UP*099702303007
PID*F****SPRING BULBS 4-PACK - POST
PO4**1*EA
PO1*0002*29*EA*1.17**VP*155097*SK*155097*UP*099702300143
PID*F****6PK ANNUAL (806) - POST
PO4**1*EA
PO1*0003*1*EA*11**VP*183648*SK*183648*UP*099702520527
PID*F****LUCKY BAMBOO OPAQUE GLASS - POST
PO4**1*EA
PO1*0004*9*EA*1.06**VP*214824*SK*214824*UP*099702121304
PID*F****PRIMROSE 4" - POST
PO4**1*EA
PO1*0005*3*EA*1.95**VP*386762*SK*386762*UP*099702300327
PID*F****ANNUAL 2QT - POST
PO4**1*EA
PO1*0006*2*EA*5.28**VP*386804*SK*386804*UP*099702309405
PID*F****6-PACK WAVE PETUNIA - POST
PO4**1*EA
PO1*0007*3*EA*1.6**VP*387088*SK*387088*UP*099702350438
PID*F****WEATHER CHANNEL GARDEN MUM - POST
PO4**1*EA
PO1*0008*3*EA*3**VP*387155*SK*387155*UP*099702300099
PID*F****SUPER 6 PACK ANNUAL- POST
PO4**1*EA
PO1*0009*1*EA*2.4**VP*591734*SK*591734*UP*099702117109
PID*F****KALANCHOE FLORAL 4IN
PO4**1*EA
PO1*0010*3*EA*1.45**VP*758753*SK*758753*UP*099702308668
PID*F****606 JUMBO ANNUAL POST
PO4**1*EA
PO1*0011*2*EA*10.9**VP*765451*SK*765451*UP*099702200559
PID*F****TROPICAL FOLIAGE 10" - POST
PO4**1*EA
PO1*0012*2*EA*2.7**VP*771424*SK*771424*UP*099702214211
PID*F****4" FOLIAGE - POST
PO4**1*EA
PO1*0013*1*EA*6.75**VP*906278*SK*906278*UP*099702300266
PID*F****10IN STANDARD HANGING BASKET POST
PO4**1*EA
PO1*0014*5*EA*2.63**VP*932464*SK*932464*UP*099702116133
PID*F****HYACINTH 6" - POST
PO4**1*EA
PO1*0015*1*EA*2.62**VP*932497*SK*932497*UP*099702122042
PID*F****TULIP 6" - POST
PO4**1*EA
PO1*0016*9*EA*7.99**VP*947000*SK*947000*UP*099702216369
PID*F****10IN BOSTON FERN HB POST
PO4**1*EA
CTT*16*91
AMT*TT*313.21
SE*65*000070545
ST*850*000070546
BEG*00*CN*69099995**20120413*2769099995
CUR*BY*USD
DTM*038*20120418
DTM*002*20120420
DTM*061*20120427
N1*OB**92*2769
N3*2241 W HOUGHTON LAKE DR
N4*HOUGHTON LAKE*MI*48629
REF*DP*028
REF*3J*0007
REF*MR*0000071134
REF*AGL*PAY BY SCAN
REF*4C*DTS - DIRECT TO STORE
PO1*0001*3*EA*2.4**VP*591734*SK*591734*UP*099702117109
PID*F****KALANCHOE FLORAL 4IN
PO4**1*EA
PO1*0002*1*EA*3.05**VP*932365*SK*932365*UP*099702114313
PID*F****EASTER LILY 6" - POST
PO4**1*EA
PO1*0003*2*EA*5.25**VP*932431*SK*932431*UP*099702114146
PID*F****DAFFODIL 6" - POST
PO4**1*EA
PO1*0004*3*EA*2.63**VP*932464*SK*932464*UP*099702116133
PID*F****HYACINTH 6" - POST
PO4**1*EA
PO1*0005*2*EA*2.62**VP*932497*SK*932497*UP*099702122042
PID*F****TULIP 6" - POST
PO4**1*EA
PO1*0006*1*EA*6.1**VP*932596*SK*932596*UP*099702113736
PID*F****CYCLAMEN 6" - POST
PO4**1*EA
CTT*6*12
AMT*TT*46.3
SE*35*000070546
GE*2*7573
IEA*1*000009150
ISA*00*          *00*          *14*0722717110100  *12*6169631519     *120414*0033*|*00406*000009151*0*P*>
GS*PO*072271711*6169631519*20120414*0033*7574*X*004060
ST*850*000070547
BEG*00*CN*34085626**20120413*2034085626
CUR*BY*USD
DTM*038*20120418
DTM*002*20120430
DTM*061*20120507
N1*OB**92*2034
N3*311 SAGAMORE PARKWAY
N4*LAFAYETTE*IN*47904
REF*DP*028
REF*3J*0007
REF*MR*0000071134
REF*AGL*PAY BY SCAN
REF*4C*DTS - DIRECT TO STORE
PO1*0001*1*EA*5.25**VP*932431*SK*932431*UP*099702114146
PID*F****DAFFODIL 6" - POST
PO4**1*EA
PO1*0002*1*EA*2.63**VP*932464*SK*932464*UP*099702116133
PID*F****HYACINTH 6" - POST
PO4**1*EA
CTT*2*2
AMT*TT*8.96
SE*23*000070547
ST*850*000070548
BEG*00*CN*08091508**20120413*2708091508
CUR*BY*USD
DTM*038*20120418
DTM*002*20120420
DTM*061*20120427
N1*OB**92*2708
N3*45301 NORTHPOINTE BLVD
N4*UTICA*MI*48315
REF*DP*028
REF*3J*0007
REF*MR*0000071134
REF*AGL*PAY BY SCAN
REF*4C*DTS - DIRECT TO STORE
PO1*0001*3*EA*10.75**VP*111423*SK*111423*UP*099702300358
PID*F****DEVA COLOR BOWL 12" - POST
PO4**1*EA
PO1*0002*1*EA*1.17**VP*155097*SK*155097*UP*099702300143
PID*F****6PK ANNUAL (806) - POST
PO4**1*EA
PO1*0003*1*EA*9**VP*183764*SK*183764*UP*099702520541
PID*F****MONEY TREE 4.5" UPGRADE - POST
PO4**1*EA
PO1*0004*20*EA*1.6**VP*387088*SK*387088*UP*099702350438
PID*F****WEATHER CHANNEL GARDEN MUM - POST
PO4**1*EA
PO1*0005*1*EA*10.85**VP*626838*SK*626838*UP*099702400744
PID*F****RATTAN 11" HB-POST
PO4**1*EA
PO1*0006*8*EA*1.45**VP*758753*SK*758753*UP*099702308668
PID*F****606 JUMBO ANNUAL POST
PO4**1*EA
PO1*0007*3*EA*10.9**VP*765451*SK*765451*UP*099702200559
PID*F****TROPICAL FOLIAGE 10" - POST
PO4**1*EA
PO1*0008*1*EA*8.5**VP*771391*SK*771391*UP*099702200153
PID*F****8" PREMIUM FOLIAGE HANGING BSKT-POST
PO4**1*EA
PO1*0009*1*EA*2.7**VP*771424*SK*771424*UP*099702214211
PID*F****4" FOLIAGE - POST
PO4**1*EA
PO1*0010*13*EA*1.6**VP*851095*SK*851095*UP*099702311606
PID*F**** WEATHER TOUGH ACCENT PLANTS 1 PINT
PO4**1*EA
PO1*0011*2*EA*5.56**VP*892383*SK*892383*UP*842276003480
PID*F****VIVA! ASIATIC LILY LOOKS 2.6 QT S2
PO4**1*EA
PO1*0012*2*EA*2.9**VP*906542*SK*906542*UP*099702500291
PID*F****PROVEN WINNER 4.5IN POST
PO4**1*EA
PO1*0013*1*EA*5.25**VP*932431*SK*932431*UP*099702114146
PID*F****DAFFODIL 6" - POST
PO4**1*EA
PO1*0014*13*EA*7.99**VP*947000*SK*947000*UP*099702216369
PID*F****10IN BOSTON FERN HB POST
PO4**1*EA
CTT*14*70
AMT*TT*366.02
SE*59*000070548
ST*850*000070549
BEG*00*CN*14046268**20120413*2714046268
CUR*BY*USD
DTM*038*20120418
DTM*002*20120420
DTM*061*20120427
N1*OB**92*2714
N3*3132 BUCKER DRIVE
N4*SAGINAW*MI*48604
REF*DP*028
REF*3J*0007
REF*MR*0000071134
REF*AGL*PAY BY SCAN
REF*4C*DTS - DIRECT TO STORE
PO1*0001*1*EA*10.75**VP*111423*SK*111423*UP*099702300358
PID*F****DEVA COLOR BOWL 12" - POST
PO4**1*EA
PO1*0002*8*EA*2.2**VP*111988*SK*111988*UP*099702303007
PID*F****SPRING BULBS 4-PACK - POST
PO4**1*EA
PO1*0003*12*EA*1.17**VP*155097*SK*155097*UP*099702300143
PID*F****6PK ANNUAL (806) - POST
PO4**1*EA
PO1*0004*1*EA*9**VP*184820*SK*184820*UP*099702520565
PID*F****ODESSA BONSAI 4.5" - POST
PO4**1*EA
PO1*0005*14*EA*1.6**VP*387088*SK*387088*UP*099702350438
PID*F****WEATHER CHANNEL GARDEN MUM - POST
PO4**1*EA
PO1*0006*4*EA*3**VP*387155*SK*387155*UP*099702300099
PID*F****SUPER 6 PACK ANNUAL- POST
PO4**1*EA
PO1*0007*2*EA*2.4**VP*591734*SK*591734*UP*099702117109
PID*F****KALANCHOE FLORAL 4IN
PO4**1*EA
PO1*0008*2*EA*1.45**VP*758753*SK*758753*UP*099702308668
PID*F****606 JUMBO ANNUAL POST
PO4**1*EA
PO1*0009*13*EA*7.99**VP*947000*SK*947000*UP*099702216369
PID*F****10IN BOSTON FERN HB POST
PO4**1*EA
PO1*0010*2*EA*5**VP*977540*SK*977540*UP*099702121496
PID*F****6" BEGONIA - POST
PO4**1*EA
CTT*10*59
AMT*TT*256.82
SE*47*000070549
ST*850*000070550
BEG*00*CN*16021854**20120413*2716021854
CUR*BY*USD
DTM*038*20120418
DTM*002*20120420
DTM*061*20120427
N1*OB**92*2716
N3*4380 W CORUNNA RD
N4*FLINT*MI*48532
REF*DP*028
REF*3J*0007
REF*MR*0000071134
REF*AGL*PAY BY SCAN
REF*4C*DTS - DIRECT TO STORE
PO1*0001*1*EA*10.75**VP*111423*SK*111423*UP*099702300358
PID*F****DEVA COLOR BOWL 12" - POST
PO4**1*EA
PO1*0002*7*EA*2.2**VP*111988*SK*111988*UP*099702303007
PID*F****SPRING BULBS 4-PACK - POST
PO4**1*EA
PO1*0003*8*EA*1.17**VP*155097*SK*155097*UP*099702300143
PID*F****6PK ANNUAL (806) - POST
PO4**1*EA
PO1*0004*20*EA*1.06**VP*214824*SK*214824*UP*099702121304
PID*F****PRIMROSE 4" - POST
PO4**1*EA
PO1*0005*2*EA*1.95**VP*386762*SK*386762*UP*099702300327
PID*F****ANNUAL 2QT - POST
PO4**1*EA
PO1*0006*4*EA*1.6**VP*387088*SK*387088*UP*099702350438
PID*F****WEATHER CHANNEL GARDEN MUM - POST
PO4**1*EA
PO1*0007*1*EA*3**VP*387155*SK*387155*UP*099702300099
PID*F****SUPER 6 PACK ANNUAL- POST
PO4**1*EA
PO1*0008*2*EA*4.25**VP*765088*SK*765088*UP*099702200535
PID*F****TROPICAL FOLIAGE 6" -POST
PO4**1*EA
PO1*0009*3*EA*10.9**VP*765451*SK*765451*UP*099702200559
PID*F****TROPICAL FOLIAGE 10" - POST
PO4**1*EA
PO1*0010*2*EA*5.56**VP*819883*SK*819883*UP*842276002445
PID*F****VIVA! PENNISETUM FIREWORKS 2.6QT S2
PO4**1*EA
PO1*0011*1*EA*1.6**VP*851095*SK*851095*UP*099702311606
PID*F**** WEATHER TOUGH ACCENT PLANTS 1 PINT
PO4**1*EA
PO1*0012*2*EA*5.25**VP*932431*SK*932431*UP*099702114146
PID*F****DAFFODIL 6" - POST
PO4**1*EA
PO1*0013*3*EA*2.63**VP*932464*SK*932464*UP*099702116133
PID*F****HYACINTH 6" - POST
PO4**1*EA
PO1*0014*10*EA*2.62**VP*932497*SK*932497*UP*099702122042
PID*F****TULIP 6" - POST
PO4**1*EA
PO1*0015*6*EA*7.99**VP*947000*SK*947000*UP*099702216369
PID*F****10IN BOSTON FERN HB POST
PO4**1*EA
CTT*15*72
AMT*TT*263.5
SE*62*000070550
ST*850*000070551
BEG*00*CN*23034437**20120413*2723034437
CUR*BY*USD
DTM*038*20120418
DTM*002*20120420
DTM*061*20120427
N1*OB**92*2723
N3*1749 NEWMAN RD
N4*OKEMOS*MI*48864
REF*DP*028
REF*3J*0007
REF*MR*0000071134
REF*AGL*PAY BY SCAN
REF*4C*DTS - DIRECT TO STORE
PO1*0001*2*EA*2.4**VP*591734*SK*591734*UP*099702117109
PID*F****KALANCHOE FLORAL 4IN
PO4**1*EA
PO1*0002*1*EA*3.05**VP*932365*SK*932365*UP*099702114313
PID*F****EASTER LILY 6" - POST
PO4**1*EA
PO1*0003*3*EA*2.63**VP*932464*SK*932464*UP*099702116133
PID*F****HYACINTH 6" - POST
PO4**1*EA
CTT*3*6
AMT*TT*18.42
SE*26*000070551
ST*850*000070552
BEG*00*CN*25091716**20120413*2725091716
CUR*BY*USD
DTM*038*20120418
DTM*002*20120420
DTM*061*20120427
N1*OB**92*2725
N3*936 S WAVERLY RD
N4*LANSING*MI*48917
REF*DP*028
REF*3J*0007
REF*MR*0000071134
REF*AGL*PAY BY SCAN
REF*4C*DTS - DIRECT TO STORE
PO1*0001*11*EA*2.4**VP*591734*SK*591734*UP*099702117109
PID*F****KALANCHOE FLORAL 4IN
PO4**1*EA
PO1*0002*2*EA*3.05**VP*932365*SK*932365*UP*099702114313
PID*F****EASTER LILY 6" - POST
PO4**1*EA
PO1*0003*1*EA*2.63**VP*932464*SK*932464*UP*099702116133
PID*F****HYACINTH 6" - POST
PO4**1*EA
CTT*3*14
AMT*TT*42.75
SE*26*000070552
ST*850*000070553
BEG*00*CN*26018456**20120413*2726018456
CUR*BY*USD
DTM*038*20120418
DTM*002*20120420
DTM*061*20120427
N1*OB**92*2726
N3*2522 CROSSING CIRCLE
N4*TRAVERSE CITY*MI*49684
REF*DP*028
REF*3J*0007
REF*MR*0000071134
REF*AGL*PAY BY SCAN
REF*4C*DTS - DIRECT TO STORE
PO1*0001*1*EA*2.4**VP*591734*SK*591734*UP*099702117109
PID*F****KALANCHOE FLORAL 4IN
PO4**1*EA
PO1*0002*2*EA*2.62**VP*932497*SK*932497*UP*099702122042
PID*F****TULIP 6" - POST
PO4**1*EA
CTT*2*3
AMT*TT*8.96
SE*23*000070553
ST*850*000070554
BEG*00*CN*32045909**20120413*2732045909
CUR*BY*USD
DTM*038*20120418
DTM*002*20120420
DTM*061*20120427
N1*OB**92*2732
N3*5650 E PICKARD ST
N4*MOUNT PLEASANT*MI*48858
REF*DP*028
REF*3J*0007
REF*MR*0000071134
REF*AGL*PAY BY SCAN
REF*4C*DTS - DIRECT TO STORE
PO1*0001*1*EA*10.75**VP*111423*SK*111423*UP*099702300358
PID*F****DEVA COLOR BOWL 12" - POST
PO4**1*EA
PO1*0002*8*EA*1.17**VP*155097*SK*155097*UP*099702300143
PID*F****6PK ANNUAL (806) - POST
PO4**1*EA
PO1*0003*1*EA*9**VP*184820*SK*184820*UP*099702520565
PID*F****ODESSA BONSAI 4.5" - POST
PO4**1*EA
PO1*0004*5*EA*3**VP*387155*SK*387155*UP*099702300099
PID*F****SUPER 6 PACK ANNUAL- POST
PO4**1*EA
PO1*0005*1*EA*2.4**VP*591734*SK*591734*UP*099702117109
PID*F****KALANCHOE FLORAL 4IN
PO4**1*EA
PO1*0006*1*EA*1.45**VP*758753*SK*758753*UP*099702308668
PID*F****606 JUMBO ANNUAL POST
PO4**1*EA
PO1*0007*1*EA*4.25**VP*765088*SK*765088*UP*099702200535
PID*F****TROPICAL FOLIAGE 6" -POST
PO4**1*EA
PO1*0008*6*EA*7.99**VP*947000*SK*947000*UP*099702216369
PID*F****10IN BOSTON FERN HB POST
PO4**1*EA
CTT*8*24
AMT*TT*121.82
SE*41*000070554
ST*850*000070555
BEG*00*CN*33075882**20120413*2733075882
CUR*BY*USD
DTM*038*20120418
DTM*002*20120420
DTM*061*20120427
N1*OB**92*2733
N3*4195 24TH AVENUE*LIGHT HOUSE POINT
N4*FORT GRATIOT*MI*48059
REF*DP*028
REF*3J*0007
REF*MR*0000071134
REF*AGL*PAY BY SCAN
REF*4C*DTS - DIRECT TO STORE
PO1*0001*2*EA*10.75**VP*111423*SK*111423*UP*099702300358
PID*F****DEVA COLOR BOWL 12" - POST
PO4**1*EA
PO1*0002*9*EA*2.2**VP*111988*SK*111988*UP*099702303007
PID*F****SPRING BULBS 4-PACK - POST
PO4**1*EA
PO1*0003*5*EA*1.17**VP*155097*SK*155097*UP*099702300143
PID*F****6PK ANNUAL (806) - POST
PO4**1*EA
PO1*0004*1*EA*3**VP*387155*SK*387155*UP*099702300099
PID*F****SUPER 6 PACK ANNUAL- POST
PO4**1*EA
PO1*0005*1*EA*2.4**VP*591734*SK*591734*UP*099702117109
PID*F****KALANCHOE FLORAL 4IN
PO4**1*EA
PO1*0006*14*EA*1.45**VP*758753*SK*758753*UP*099702308668
PID*F****606 JUMBO ANNUAL POST
PO4**1*EA
PO1*0007*1*EA*8.5**VP*771391*SK*771391*UP*099702200153
PID*F****8" PREMIUM FOLIAGE HANGING BSKT-POST
PO4**1*EA
PO1*0008*21*EA*2.9**VP*906542*SK*906542*UP*099702500291
PID*F****PROVEN WINNER 4.5IN POST
PO4**1*EA
PO1*0009*1*EA*2.62**VP*932497*SK*932497*UP*099702122042
PID*F****TULIP 6" - POST
PO4**1*EA
PO1*0010*10*EA*7.99**VP*947000*SK*947000*UP*099702216369
PID*F****10IN BOSTON FERN HB POST
PO4**1*EA
PO1*0011*2*EA*5**VP*977540*SK*977540*UP*099702121496
PID*F****6" BEGONIA - POST
PO4**1*EA
CTT*11*67
AMT*TT*296.7
SE*50*000070555
ST*850*000070556
BEG*00*CN*34091300**20120413*2734091300
CUR*BY*USD
DTM*038*20120418
DTM*002*20120420
DTM*061*20120427
N1*OB**92*2734
N3*51315 GRATIOT AVE
N4*CHESTERFIELD TWSP*MI*48051
REF*DP*028
REF*3J*0007
REF*MR*0000071134
REF*AGL*PAY BY SCAN
REF*4C*DTS - DIRECT TO STORE
PO1*0001*33*EA*2.2**VP*111988*SK*111988*UP*099702303007
PID*F****SPRING BULBS 4-PACK - POST
PO4**1*EA
PO1*0002*1*EA*9**VP*183764*SK*183764*UP*099702520541
PID*F****MONEY TREE 4.5" UPGRADE - POST
PO4**1*EA
PO1*0003*3*EA*1.95**VP*386762*SK*386762*UP*099702300327
PID*F****ANNUAL 2QT - POST
PO4**1*EA
PO1*0004*2*EA*1.6**VP*387088*SK*387088*UP*099702350438
PID*F****WEATHER CHANNEL GARDEN MUM - POST
PO4**1*EA
PO1*0005*1*EA*3**VP*387155*SK*387155*UP*099702300099
PID*F****SUPER 6 PACK ANNUAL- POST
PO4**1*EA
PO1*0006*1*EA*10.85**VP*626838*SK*626838*UP*099702400744
PID*F****RATTAN 11" HB-POST
PO4**1*EA
PO1*0007*13*EA*1.45**VP*758753*SK*758753*UP*099702308668
PID*F****606 JUMBO ANNUAL POST
PO4**1*EA
PO1*0008*1*EA*12.65**VP*760857*SK*760857*UP*099702200702
PID*F****DECO TROPICAL FOLIAGE #10-POST
PO4**1*EA
PO1*0009*1*EA*6.75**VP*906278*SK*906278*UP*724754906394
PID*F****10IN STANDARD HANGING BASKET POST
PO4**1*EA
PO1*0010*4*EA*2.9**VP*906542*SK*906542*UP*099702500291
PID*F****PROVEN WINNER 4.5IN POST
PO4**1*EA
PO1*0011*3*EA*7.99**VP*947000*SK*947000*UP*099702216369
PID*F****10IN BOSTON FERN HB POST
PO4**1*EA
PO1*0012*1*EA*13.75**VP*954574*SK*954574*UP*099702212125
PID*F****BROMELIAD 6" - POST
PO4**1*EA
PO1*0013*1*EA*12.75**VP*954607*SK*954607*UP*099702134007
PID*F****ORCHID IN MYLAR 5" - POST
PO4**1*EA
CTT*13*65
AMT*TT*267.29
SE*56*000070556
ST*850*000070557
BEG*00*CN*36062551**20120413*2736062551
CUR*BY*USD
DTM*038*20120418
DTM*002*20120420
DTM*061*20120427
N1*OB**92*2736
N3*1500 SUMMIT DRIVE
N4*LAPEER*MI*48446
REF*DP*028
REF*3J*0007
REF*MR*0000071134
REF*AGL*PAY BY SCAN
REF*4C*DTS - DIRECT TO STORE
PO1*0001*1*EA*10.75**VP*111423*SK*111423*UP*099702300358
PID*F****DEVA COLOR BOWL 12" - POST
PO4**1*EA
PO1*0002*4*EA*2.2**VP*111988*SK*111988*UP*099702303007
PID*F****SPRING BULBS 4-PACK - POST
PO4**1*EA
PO1*0003*3*EA*1.17**VP*155097*SK*155097*UP*099702300143
PID*F****6PK ANNUAL (806) - POST
PO4**1*EA
PO1*0004*1*EA*4.39**VP*236849*SK*236849*UP*099702301201
PID*F****ANNUAL 306 PACK-POST
PO4**1*EA
PO1*0005*2*EA*1.95**VP*386762*SK*386762*UP*099702300327
PID*F****ANNUAL 2QT - POST
PO4**1*EA
PO1*0006*4*EA*3**VP*387155*SK*387155*UP*099702300099
PID*F****SUPER 6 PACK ANNUAL- POST
PO4**1*EA
PO1*0007*2*EA*5.25**VP*456114*SK*456114*UP*099702400508
PID*F****  VIGORO SELECT GALLON ANNUAL 1EA
PO4**1*EA
PO1*0008*1*EA*10.85**VP*626838*SK*626838*UP*099702400744
PID*F****RATTAN 11" HB-POST
PO4**1*EA
PO1*0009*5*EA*1.45**VP*758753*SK*758753*UP*099702308668
PID*F****606 JUMBO ANNUAL POST
PO4**1*EA
PO1*0010*1*EA*13**VP*765484*SK*765484*UP*099702219759
PID*F****PALM MAJESTY 10" -POST
PO4**1*EA
PO1*0011*2*EA*3.5**VP*932398*SK*932398*UP*099702112630
PID*F****FLORIST MUM 6.5" - POST
PO4**1*EA
PO1*0012*1*EA*5.25**VP*932431*SK*932431*UP*099702114146
PID*F****DAFFODIL 6" - POST
PO4**1*EA
PO1*0013*1*EA*2.63**VP*932464*SK*932464*UP*099702116133
PID*F****HYACINTH 6" - POST
PO4**1*EA
PO1*0014*5*EA*2.62**VP*932497*SK*932497*UP*099702122042
PID*F****TULIP 6" - POST
PO4**1*EA
PO1*0015*9*EA*7.99**VP*947000*SK*947000*UP*099702216369
PID*F****10IN BOSTON FERN HB POST
PO4**1*EA
PO1*0016*1*EA*12.75**VP*954607*SK*954607*UP*099702134007
PID*F****ORCHID IN MYLAR 5" - POST
PO4**1*EA
CTT*16*43
AMT*TT*240.04
SE*65*000070557
ST*850*000070558
BEG*00*CN*39050997**20120413*2739050997
CUR*BY*USD
DTM*038*20120418
DTM*002*20120420
DTM*061*20120427
N1*OB**92*2739
N3*3860 STATE STREET
N4*BAY CITY*MI*48706
REF*DP*028
REF*3J*0007
REF*MR*0000071134
REF*AGL*PAY BY SCAN
REF*4C*DTS - DIRECT TO STORE
PO1*0001*1*EA*10.75**VP*111423*SK*111423*UP*099702300358
PID*F****DEVA COLOR BOWL 12" - POST
PO4**1*EA
PO1*0002*6*EA*2.2**VP*111988*SK*111988*UP*099702303007
PID*F****SPRING BULBS 4-PACK - POST
PO4**1*EA
PO1*0003*24*EA*1.95**VP*386762*SK*386762*UP*099702300327
PID*F****ANNUAL 2QT - POST
PO4**1*EA
PO1*0004*3*EA*1.6**VP*387088*SK*387088*UP*099702350438
PID*F****WEATHER CHANNEL GARDEN MUM - POST
PO4**1*EA
PO1*0005*2*EA*5.25**VP*456114*SK*456114*UP*099702400508
PID*F****  VIGORO SELECT GALLON ANNUAL 1EA
PO4**1*EA
PO1*0006*3*EA*2.4**VP*591734*SK*591734*UP*099702117109
PID*F****KALANCHOE FLORAL 4IN
PO4**1*EA
PO1*0007*4*EA*1.45**VP*758753*SK*758753*UP*099702308668
PID*F****606 JUMBO ANNUAL POST
PO4**1*EA
PO1*0008*1*EA*8**VP*765253*SK*765253*UP*099702221837
PID*F****SPATHIPHYLLUM 6" - POST
PO4**1*EA
PO1*0009*2*EA*10.9**VP*765451*SK*765451*UP*099702200559
PID*F****TROPICAL FOLIAGE 10" - POST
PO4**1*EA
PO1*0010*2*EA*2.7**VP*771424*SK*771424*UP*099702214211
PID*F****4" FOLIAGE - POST
PO4**1*EA
PO1*0011*2*EA*5.56**VP*819883*SK*819883*UP*842276002445
PID*F****VIVA! PENNISETUM FIREWORKS 2.6QT S2
PO4**1*EA
PO1*0012*18*EA*2.63**VP*932464*SK*932464*UP*099702116133
PID*F****HYACINTH 6" - POST
PO4**1*EA
PO1*0013*1*EA*2.62**VP*932497*SK*932497*UP*099702122042
PID*F****TULIP 6" - POST
PO4**1*EA
PO1*0014*28*EA*7.99**VP*947000*SK*947000*UP*099702216369
PID*F****10IN BOSTON FERN HB POST
PO4**1*EA
CTT*14*97
AMT*TT*503.92
SE*59*000070558
ST*850*000070559
BEG*00*CN*40093168**20120413*2740093168
CUR*BY*USD
DTM*038*20120418
DTM*002*20120420
DTM*061*20120427
N1*OB**92*2740
N3*37000 VAN DYKE AVE
N4*STERLING HEIGHTS*MI*48312
REF*DP*028
REF*3J*0007
REF*MR*0000071134
REF*AGL*PAY BY SCAN
REF*4C*DTS - DIRECT TO STORE
PO1*0001*1*EA*10.75**VP*111423*SK*111423*UP*099702300358
PID*F****DEVA COLOR BOWL 12" - POST
PO4**1*EA
PO1*0002*11*EA*2.2**VP*111988*SK*111988*UP*099702303007
PID*F****SPRING BULBS 4-PACK - POST
PO4**1*EA
PO1*0003*19*EA*1.17**VP*155097*SK*155097*UP*099702300143
PID*F****6PK ANNUAL (806) - POST
PO4**1*EA
PO1*0004*7*EA*1.95**VP*386762*SK*386762*UP*099702300327
PID*F****ANNUAL 2QT - POST
PO4**1*EA
PO1*0005*1*EA*1.6**VP*387088*SK*387088*UP*099702350438
PID*F****WEATHER CHANNEL GARDEN MUM - POST
PO4**1*EA
PO1*0006*2*EA*3**VP*387155*SK*387155*UP*099702300099
PID*F****SUPER 6 PACK ANNUAL- POST
PO4**1*EA
PO1*0007*10*EA*10.85**VP*626838*SK*626838*UP*099702400744
PID*F****RATTAN 11" HB-POST
PO4**1*EA
PO1*0008*16*EA*1.45**VP*758753*SK*758753*UP*099702308668
PID*F****606 JUMBO ANNUAL POST
PO4**1*EA
PO1*0009*2*EA*10.9**VP*765451*SK*765451*UP*099702200559
PID*F****TROPICAL FOLIAGE 10" - POST
PO4**1*EA
PO1*0010*1*EA*24**VP*765781*SK*765781*UP*099702200689
PID*F****TROPICAL PREMIUM 12" -POST
PO4**1*EA
PO1*0011*12*EA*1.6**VP*851095*SK*851095*UP*099702311606
PID*F**** WEATHER TOUGH ACCENT PLANTS 1 PINT
PO4**1*EA
PO1*0012*2*EA*5.56**VP*892383*SK*892383*UP*842276003480
PID*F****VIVA! ASIATIC LILY LOOKS 2.6 QT S2
PO4**1*EA
PO1*0013*1*EA*6.75**VP*906278*SK*906278*UP*724754906394
PID*F****10IN STANDARD HANGING BASKET POST
PO4**1*EA
PO1*0014*13*EA*2.9**VP*906542*SK*906542*UP*099702500291
PID*F****PROVEN WINNER 4.5IN POST
PO4**1*EA
PO1*0015*16*EA*7.99**VP*947000*SK*947000*UP*099702216369
PID*F****10IN BOSTON FERN HB POST
PO4**1*EA
CTT*15*114
AMT*TT*594.33
SE*62*000070559
ST*850*000070560
BEG*00*CN*41061963**20120413*2741061963
CUR*BY*USD
DTM*038*20120418
DTM*002*20120420
DTM*061*20120427
N1*OB**92*2741
N3*15255 SILVER PKWY
N4*FENTON*MI*48430
REF*DP*028
REF*3J*0007
REF*MR*0000071134
REF*AGL*PAY BY SCAN
REF*4C*DTS - DIRECT TO STORE
PO1*0001*4*EA*10.75**VP*111423*SK*111423*UP*099702300358
PID*F****DEVA COLOR BOWL 12" - POST
PO4**1*EA
PO1*0002*10*EA*2.2**VP*111988*SK*111988*UP*099702303007
PID*F****SPRING BULBS 4-PACK - POST
PO4**1*EA
PO1*0003*6*EA*1.17**VP*155097*SK*155097*UP*099702300143
PID*F****6PK ANNUAL (806) - POST
PO4**1*EA
PO1*0004*18*EA*1.95**VP*386762*SK*386762*UP*099702300327
PID*F****ANNUAL 2QT - POST
PO4**1*EA
PO1*0005*3*EA*1.6**VP*387088*SK*387088*UP*099702350438
PID*F****WEATHER CHANNEL GARDEN MUM - POST
PO4**1*EA
PO1*0006*1*EA*5.25**VP*456114*SK*456114*UP*048834711136
PID*F****  VIGORO SELECT GALLON ANNUAL 1EA
PO4**1*EA
PO1*0007*66*EA*1.45**VP*758753*SK*758753*UP*099702308668
PID*F****606 JUMBO ANNUAL POST
PO4**1*EA
PO1*0008*1*EA*2.7**VP*771424*SK*771424*UP*099702214211
PID*F****4" FOLIAGE - POST
PO4**1*EA
PO1*0009*4*EA*6.75**VP*906278*SK*906278*UP*724754906394
PID*F****10IN STANDARD HANGING BASKET POST
PO4**1*EA
PO1*0010*8*EA*2.9**VP*906542*SK*906542*UP*099702500291
PID*F****PROVEN WINNER 4.5IN POST
PO4**1*EA
PO1*0011*1*EA*2.62**VP*932497*SK*932497*UP*099702122042
PID*F****TULIP 6" - POST
PO4**1*EA
PO1*0012*1*EA*6.1**VP*932596*SK*932596*UP*099702113736
PID*F****CYCLAMEN 6" - POST
PO4**1*EA
PO1*0013*23*EA*7.99**VP*947000*SK*947000*UP*099702216369
PID*F****10IN BOSTON FERN HB POST
PO4**1*EA
PO1*0014*2*EA*12.75**VP*954607*SK*954607*UP*099702134007
PID*F****ORCHID IN MYLAR 5" - POST
PO4**1*EA
PO1*0015*1*EA*5**VP*977540*SK*977540*UP*099702121496
PID*F****6" BEGONIA - POST
PO4**1*EA
CTT*15*149
AMT*TT*622.87
SE*62*000070560
ST*850*000070561
BEG*00*CN*48096489**20120413*2748096489
CUR*BY*USD
DTM*038*20120418
DTM*002*20120420
DTM*061*20120427
N1*OB**92*2748
N3*4900 WILSON AVE SW
N4*GRANDVILLE*MI*49418
REF*DP*028
REF*3J*0007
REF*MR*0000071134
REF*AGL*PAY BY SCAN
REF*4C*DTS - DIRECT TO STORE
PO1*0001*1*EA*2.4**VP*591734*SK*591734*UP*099702117109
PID*F****KALANCHOE FLORAL 4IN
PO4**1*EA
CTT*1*1
AMT*TT*2.98
SE*20*000070561
ST*850*000070562
BEG*00*CN*52035730**20120413*2752035730
CUR*BY*USD
DTM*038*20120418
DTM*002*20120420
DTM*061*20120427
N1*OB**92*2752
N3*3786 S US 131
N4*CADILLAC*MI*49601
REF*DP*028
REF*3J*0007
REF*MR*0000071134
REF*AGL*PAY BY SCAN
REF*4C*DTS - DIRECT TO STORE
PO1*0001*1*EA*3.5**VP*932398*SK*932398*UP*099702112630
PID*F****FLORIST MUM 6.5" - POST
PO4**1*EA
PO1*0002*2*EA*2.63**VP*932464*SK*932464*UP*099702116133
PID*F****HYACINTH 6" - POST
PO4**1*EA
PO1*0003*1*EA*2.62**VP*932497*SK*932497*UP*099702122042
PID*F****TULIP 6" - POST
PO4**1*EA
PO1*0004*1*EA*6.1**VP*932596*SK*932596*UP*099702113736
PID*F****CYCLAMEN 6" - POST
PO4**1*EA
CTT*4*5
AMT*TT*19.94
SE*29*000070562
ST*850*000070563
BEG*00*CN*58051289**20120413*2758051289
CUR*BY*USD
DTM*038*20120418
DTM*002*20120420
DTM*061*20120427
N1*OB**92*2758
N3*8760 26 MILE ROAD
N4*SHELBY TOWNSHIP*MI*48316
REF*DP*028
REF*3J*0007
REF*MR*0000071134
REF*AGL*PAY BY SCAN
REF*4C*DTS - DIRECT TO STORE
PO1*0001*10*EA*10.75**VP*111423*SK*111423*UP*099702300358
PID*F****DEVA COLOR BOWL 12" - POST
PO4**1*EA
PO1*0002*8*EA*2.2**VP*111988*SK*111988*UP*099702303007
PID*F****SPRING BULBS 4-PACK - POST
PO4**1*EA
PO1*0003*17*EA*1.95**VP*386762*SK*386762*UP*099702300327
PID*F****ANNUAL 2QT - POST
PO4**1*EA
PO1*0004*2*EA*3**VP*387155*SK*387155*UP*099702300099
PID*F****SUPER 6 PACK ANNUAL- POST
PO4**1*EA
PO1*0005*1*EA*5.25**VP*456114*SK*456114*UP*099702400508
PID*F****  VIGORO SELECT GALLON ANNUAL 1EA
PO4**1*EA
PO1*0006*2*EA*2.4**VP*591734*SK*591734*UP*099702117109
PID*F****KALANCHOE FLORAL 4IN
PO4**1*EA
PO1*0007*1*EA*10.85**VP*626838*SK*626838*UP*099702400744
PID*F****RATTAN 11" HB-POST
PO4**1*EA
PO1*0008*24*EA*1.45**VP*758753*SK*758753*UP*099702308668
PID*F****606 JUMBO ANNUAL POST
PO4**1*EA
PO1*0009*1*EA*24**VP*765781*SK*765781*UP*099702200689
PID*F****TROPICAL PREMIUM 12" -POST
PO4**1*EA
PO1*0010*2*EA*2.7**VP*771424*SK*771424*UP*099702214211
PID*F****4" FOLIAGE - POST
PO4**1*EA
PO1*0011*1*EA*1.6**VP*851095*SK*851095*UP*099919214806
PID*F**** WEATHER TOUGH ACCENT PLANTS 1 PINT
PO4**1*EA
PO1*0012*5*EA*5.56**VP*892383*SK*892383*UP*842276003480
PID*F****VIVA! ASIATIC LILY LOOKS 2.6 QT S2
PO4**1*EA
PO1*0013*15*EA*6.75**VP*906278*SK*906278*UP*724754906394
PID*F****10IN STANDARD HANGING BASKET POST
PO4**1*EA
PO1*0014*17*EA*2.9**VP*906542*SK*906542*UP*099702500291
PID*F****PROVEN WINNER 4.5IN POST
PO4**1*EA
PO1*0015*3*EA*3.05**VP*932365*SK*932365*UP*099702114313
PID*F****EASTER LILY 6" - POST
PO4**1*EA
PO1*0016*2*EA*5.25**VP*932431*SK*932431*UP*099702114146
PID*F****DAFFODIL 6" - POST
PO4**1*EA
PO1*0017*10*EA*7.99**VP*947000*SK*947000*UP*099702216369
PID*F****10IN BOSTON FERN HB POST
PO4**1*EA
PO1*0018*1*EA*12.75**VP*954607*SK*954607*UP*099702134007
PID*F****ORCHID IN MYLAR 5" - POST
PO4**1*EA
CTT*18*122
AMT*TT*725.06
SE*71*000070563
ST*850*000070564
BEG*00*CN*59097762**20120413*2759097762
CUR*BY*USD
DTM*038*20120418
DTM*002*20120420
DTM*061*20120427
N1*OB**92*2759
N3*1381 W MAIN STREET
N4*GAYLORD*MI*49735
REF*DP*028
REF*3J*0007
REF*MR*0000071134
REF*AGL*PAY BY SCAN
REF*4C*DTS - DIRECT TO STORE
PO1*0001*17*EA*2.4**VP*591734*SK*591734*UP*099702117109
PID*F****KALANCHOE FLORAL 4IN
PO4**1*EA
PO1*0002*1*EA*3.05**VP*932365*SK*932365*UP*099702114313
PID*F****EASTER LILY 6" - POST
PO4**1*EA
PO1*0003*2*EA*2.63**VP*932464*SK*932464*UP*099702116133
PID*F****HYACINTH 6" - POST
PO4**1*EA
PO1*0004*2*EA*2.62**VP*932497*SK*932497*UP*099702122042
PID*F****TULIP 6" - POST
PO4**1*EA
CTT*4*22
AMT*TT*66.11
SE*29*000070564
ST*850*000070565
BEG*00*CN*60003944**20120413*2760003944
CUR*BY*USD
DTM*038*20120418
DTM*002*20120420
DTM*061*20120427
N1*OB**92*2760
N3*1348 M-32
N4*ALPENA*MI*49707
REF*DP*028
REF*3J*0007
REF*MR*0000071134
REF*AGL*PAY BY SCAN
REF*4C*DTS - DIRECT TO STORE
PO1*0001*1*EA*2.4**VP*591734*SK*591734*UP*099702117109
PID*F****KALANCHOE FLORAL 4IN
PO4**1*EA
PO1*0002*1*EA*12.75**VP*954607*SK*954607*UP*099702134007
PID*F****ORCHID IN MYLAR 5" - POST
PO4**1*EA
CTT*2*2
AMT*TT*17.96
SE*23*000070565
ST*850*000070566
BEG*00*CN*61022118**20120413*2761022118
CUR*BY*USD
DTM*038*20120418
DTM*002*20120420
DTM*061*20120427
N1*OB**92*2761
N3*257 54TH STREET SW
N4*WYOMING*MI*49548
REF*DP*028
REF*3J*0007
REF*MR*0000071134
REF*AGL*PAY BY SCAN
REF*4C*DTS - DIRECT TO STORE
PO1*0001*1*EA*2.4**VP*591734*SK*591734*UP*099702117109
PID*F****KALANCHOE FLORAL 4IN
PO4**1*EA
CTT*1*1
AMT*TT*2.98
SE*20*000070566
ST*850*000070567
BEG*00*CN*63077985**20120413*2763077985
CUR*BY*USD
DTM*038*20120418
DTM*002*20120420
DTM*061*20120427
N1*OB**92*2763
N3*1222 WEST HILL RD
N4*FLINT*MI*48507
REF*DP*028
REF*3J*0007
REF*MR*0000071134
REF*AGL*PAY BY SCAN
REF*4C*DTS - DIRECT TO STORE
PO1*0001*2*EA*10.75**VP*111423*SK*111423*UP*099702300358
PID*F****DEVA COLOR BOWL 12" - POST
PO4**1*EA
PO1*0002*14*EA*2.2**VP*111988*SK*111988*UP*099702303007
PID*F****SPRING BULBS 4-PACK - POST
PO4**1*EA
PO1*0003*1*EA*9**VP*183764*SK*183764*UP*099702520541
PID*F****MONEY TREE 4.5" UPGRADE - POST
PO4**1*EA
PO1*0004*12*EA*1.6**VP*387088*SK*387088*UP*099702350438
PID*F****WEATHER CHANNEL GARDEN MUM - POST
PO4**1*EA
PO1*0005*3*EA*5.25**VP*456114*SK*456114*UP*099702400508
PID*F****  VIGORO SELECT GALLON ANNUAL 1EA
PO4**1*EA
PO1*0006*11*EA*1.45**VP*758753*SK*758753*UP*099702308668
PID*F****606 JUMBO ANNUAL POST
PO4**1*EA
PO1*0007*1*EA*4.25**VP*765088*SK*765088*UP*099702200535
PID*F****TROPICAL FOLIAGE 6" -POST
PO4**1*EA
PO1*0008*1*EA*10.9**VP*765451*SK*765451*UP*099702200559
PID*F****TROPICAL FOLIAGE 10" - POST
PO4**1*EA
PO1*0009*2*EA*13**VP*765484*SK*765484*UP*099702219759
PID*F****PALM MAJESTY 10" -POST
PO4**1*EA
PO1*0010*1*EA*2.7**VP*771424*SK*771424*UP*099702214211
PID*F****4" FOLIAGE - POST
PO4**1*EA
PO1*0011*5*EA*5.56**VP*819883*SK*819883*UP*842276002445
PID*F****VIVA! PENNISETUM FIREWORKS 2.6QT S2
PO4**1*EA
PO1*0012*15*EA*1.6**VP*851095*SK*851095*UP*099919214806
PID*F**** WEATHER TOUGH ACCENT PLANTS 1 PINT
PO4**1*EA
PO1*0013*7*EA*2.9**VP*906542*SK*906542*UP*099702500291
PID*F****PROVEN WINNER 4.5IN POST
PO4**1*EA
PO1*0014*3*EA*2.63**VP*932464*SK*932464*UP*099702116133
PID*F****HYACINTH 6" - POST
PO4**1*EA
PO1*0015*15*EA*7.99**VP*947000*SK*947000*UP*099702216369
PID*F****10IN BOSTON FERN HB POST
PO4**1*EA
PO1*0016*1*EA*13.75**VP*954574*SK*954574*UP*099702212125
PID*F****BROMELIAD 6" - POST
PO4**1*EA
PO1*0017*7*EA*5**VP*977540*SK*977540*UP*099702121496
PID*F****6" BEGONIA - POST
PO4**1*EA
CTT*17*101
AMT*TT*510.09
SE*68*000070567
ST*850*000070568
BEG*00*CN*65075709**20120413*2765075709
CUR*BY*USD
DTM*038*20120418
DTM*002*20120420
DTM*061*20120427
N1*OB**92*2765
N3*5300 PIERSON ROAD
N4*FLUSHING*MI*48433
REF*DP*028
REF*3J*0007
REF*MR*0000071134
REF*AGL*PAY BY SCAN
REF*4C*DTS - DIRECT TO STORE
PO1*0001*10*EA*2.2**VP*111988*SK*111988*UP*099702303007
PID*F****SPRING BULBS 4-PACK - POST
PO4**1*EA
PO1*0002*16*EA*1.17**VP*155097*SK*155097*UP*099702300143
PID*F****6PK ANNUAL (806) - POST
PO4**1*EA
PO1*0003*1*EA*23.5**VP*287072*SK*287072*UP*099702555574
PID*F****BLACK 4-TIER HB STAND - POST
PO4**1*EA
PO1*0004*12*EA*1.6**VP*387088*SK*387088*UP*099702350438
PID*F****WEATHER CHANNEL GARDEN MUM - POST
PO4**1*EA
PO1*0005*1*EA*5.25**VP*456114*SK*456114*UP*099702400508
PID*F****  VIGORO SELECT GALLON ANNUAL 1EA
PO4**1*EA
PO1*0006*1*EA*8.8**VP*753807*SK*753807*UP*099702214303
PID*F****6" CERAMIC PREMIUM FOLIAGE -POST
PO4**1*EA
PO1*0007*6*EA*1.45**VP*758753*SK*758753*UP*099702308668
PID*F****606 JUMBO ANNUAL POST
PO4**1*EA
PO1*0008*5*EA*4.25**VP*765088*SK*765088*UP*099702200535
PID*F****TROPICAL FOLIAGE 6" -POST
PO4**1*EA
PO1*0009*1*EA*10.9**VP*765451*SK*765451*UP*099702200559
PID*F****TROPICAL FOLIAGE 10" - POST
PO4**1*EA
PO1*0010*11*EA*5.56**VP*819883*SK*819883*UP*842276002445
PID*F****VIVA! PENNISETUM FIREWORKS 2.6QT S2
PO4**1*EA
PO1*0011*2*EA*1.6**VP*851095*SK*851095*UP*099919214806
PID*F**** WEATHER TOUGH ACCENT PLANTS 1 PINT
PO4**1*EA
PO1*0012*2*EA*6.75**VP*906278*SK*906278*UP*724754906394
PID*F****10IN STANDARD HANGING BASKET POST
PO4**1*EA
PO1*0013*4*EA*7.99**VP*947000*SK*947000*UP*099702216369
PID*F****10IN BOSTON FERN HB POST
PO4**1*EA
PO1*0014*1*EA*13.75**VP*954574*SK*954574*UP*099702212125
PID*F****BROMELIAD 6" - POST
PO4**1*EA
CTT*14*73
AMT*TT*336.5
SE*59*000070568
ST*850*000070569
BEG*00*CN*66092343**20120413*2766092343
CUR*BY*USD
DTM*038*20120418
DTM*002*20120420
DTM*061*20120427
N1*OB**92*2766
N3*825 E CHICAGO
N4*COLDWATER*MI*49036
REF*DP*028
REF*3J*0007
REF*MR*0000071134
REF*AGL*PAY BY SCAN
REF*4C*DTS - DIRECT TO STORE
PO1*0001*3*EA*2.4**VP*591734*SK*591734*UP*099702117109
PID*F****KALANCHOE FLORAL 4IN
PO4**1*EA
PO1*0002*1*EA*2.63**VP*932464*SK*932464*UP*099702116133
PID*F****HYACINTH 6" - POST
PO4**1*EA
PO1*0003*1*EA*2.62**VP*932497*SK*932497*UP*099702122042
PID*F****TULIP 6" - POST
PO4**1*EA
CTT*3*5
AMT*TT*14.92
SE*26*000070569
ST*850*000070570
BEG*00*CN*67048162**20120413*2767048162
CUR*BY*USD
DTM*038*20120418
DTM*002*20120420
DTM*061*20120427
N1*OB**92*2767
N3*3865 W US 10
N4*LUDINGTON*MI*49431
REF*DP*028
REF*3J*0007
REF*MR*0000071134
REF*AGL*PAY BY SCAN
REF*4C*DTS - DIRECT TO STORE
PO1*0001*1*EA*2.4**VP*591734*SK*591734*UP*099702117109
PID*F****KALANCHOE FLORAL 4IN
PO4**1*EA
PO1*0002*7*EA*3.05**VP*932365*SK*932365*UP*099702114313
PID*F****EASTER LILY 6" - POST
PO4**1*EA
CTT*2*8
AMT*TT*27.41
SE*23*000070570
ST*850*000070571
BEG*00*CN*68029841**20120413*2768029841
CUR*BY*USD
DTM*038*20120418
DTM*002*20120420
DTM*061*20120427
N1*OB**92*2768
N3*2075 PIPESTONE RD
N4*BENTON HARBOR*MI*49022
REF*DP*028
REF*3J*0007
REF*MR*0000071134
REF*AGL*PAY BY SCAN
REF*4C*DTS - DIRECT TO STORE
PO1*0001*8*EA*2.4**VP*591734*SK*591734*UP*099702117109
PID*F****KALANCHOE FLORAL 4IN
PO4**1*EA
PO1*0002*1*EA*2.63**VP*932464*SK*932464*UP*099702116133
PID*F****HYACINTH 6" - POST
PO4**1*EA
CTT*2*9
AMT*TT*26.83
SE*23*000070571
ST*850*000070572
BEG*00*CN*70001785**20120413*2770001785
CUR*BY*USD
DTM*038*20120418
DTM*002*20120420
DTM*061*20120427
N1*OB**92*2770
N3*1400 N WISNER RD
N4*JACKSON*MI*49202
REF*DP*028
REF*3J*0007
REF*MR*0000071134
REF*AGL*PAY BY SCAN
REF*4C*DTS - DIRECT TO STORE
PO1*0001*13*EA*2.4**VP*591734*SK*591734*UP*099702117109
PID*F****KALANCHOE FLORAL 4IN
PO4**1*EA
PO1*0002*5*EA*2.63**VP*932464*SK*932464*UP*099702116133
PID*F****HYACINTH 6" - POST
PO4**1*EA
PO1*0003*4*EA*2.62**VP*932497*SK*932497*UP*099702122042
PID*F****TULIP 6" - POST
PO4**1*EA
PO1*0004*1*EA*6.1**VP*932596*SK*932596*UP*099702113736
PID*F****CYCLAMEN 6" - POST
PO4**1*EA
CTT*4*23
AMT*TT*72.63
SE*29*000070572
ST*850*000070573
BEG*00*CN*71071870**20120413*2771071870
CUR*BY*USD
DTM*038*20120418
DTM*002*20120420
DTM*061*20120427
N1*OB**92*2771
N3*1227 M89
N4*PLAINWELL*MI*49080
REF*DP*028
REF*3J*0007
REF*MR*0000071134
REF*AGL*PAY BY SCAN
REF*4C*DTS - DIRECT TO STORE
PO1*0001*1*EA*3.5**VP*932398*SK*932398*UP*099702112630
PID*F****FLORIST MUM 6.5" - POST
PO4**1*EA
PO1*0002*3*EA*5.25**VP*932431*SK*932431*UP*099702114146
PID*F****DAFFODIL 6" - POST
PO4**1*EA
CTT*2*4
AMT*TT*21.9
SE*23*000070573
ST*850*000070574
BEG*00*CN*72009541**20120413*2772009541
CUR*BY*USD
DTM*038*20120418
DTM*002*20120420
DTM*061*20120427
N1*OB**92*2772
N3*2205 EAST M21
N4*OWOSSO*MI*48867
REF*DP*028
REF*3J*0007
REF*MR*0000071134
REF*AGL*PAY BY SCAN
REF*4C*DTS - DIRECT TO STORE
PO1*0001*17*EA*2.2**VP*111988*SK*111988*UP*099702303007
PID*F****SPRING BULBS 4-PACK - POST
PO4**1*EA
PO1*0002*34*EA*1.17**VP*155097*SK*155097*UP*099702300143
PID*F****6PK ANNUAL (806) - POST
PO4**1*EA
PO1*0003*16*EA*1.6**VP*387088*SK*387088*UP*099702350438
PID*F****WEATHER CHANNEL GARDEN MUM - POST
PO4**1*EA
PO1*0004*1*EA*3**VP*387155*SK*387155*UP*099702300099
PID*F****SUPER 6 PACK ANNUAL- POST
PO4**1*EA
PO1*0005*1*EA*5.25**VP*456114*SK*456114*UP*099702400508
PID*F****  VIGORO SELECT GALLON ANNUAL 1EA
PO4**1*EA
PO1*0006*17*EA*2.4**VP*591734*SK*591734*UP*099702117109
PID*F****KALANCHOE FLORAL 4IN
PO4**1*EA
PO1*0007*22*EA*1.45**VP*758753*SK*758753*UP*099702308668
PID*F****606 JUMBO ANNUAL POST
PO4**1*EA
PO1*0008*2*EA*5.56**VP*819883*SK*819883*UP*842276002445
PID*F****VIVA! PENNISETUM FIREWORKS 2.6QT S2
PO4**1*EA
PO1*0009*15*EA*1.6**VP*851095*SK*851095*UP*099919214806
PID*F**** WEATHER TOUGH ACCENT PLANTS 1 PINT
PO4**1*EA
PO1*0010*3*EA*6.75**VP*906278*SK*906278*UP*724754906394
PID*F****10IN STANDARD HANGING BASKET POST
PO4**1*EA
PO1*0011*9*EA*2.9**VP*906542*SK*906542*UP*099702500291
PID*F****PROVEN WINNER 4.5IN POST
PO4**1*EA
PO1*0012*3*EA*3.05**VP*932365*SK*932365*UP*099702114313
PID*F****EASTER LILY 6" - POST
PO4**1*EA
PO1*0013*1*EA*5.25**VP*932431*SK*932431*UP*099702114146
PID*F****DAFFODIL 6" - POST
PO4**1*EA
PO1*0014*7*EA*2.63**VP*932464*SK*932464*UP*099702116133
PID*F****HYACINTH 6" - POST
PO4**1*EA
PO1*0015*20*EA*2.62**VP*932497*SK*932497*UP*099702122042
PID*F****TULIP 6" - POST
PO4**1*EA
PO1*0016*1*EA*6.25**VP*932530*SK*932530*UP*099702114337
PID*F****EASTER LILY 8" - POST
PO4**1*EA
PO1*0017*19*EA*7.99**VP*947000*SK*947000*UP*099702216369
PID*F****10IN BOSTON FERN HB POST
PO4**1*EA
PO1*0018*6*EA*5**VP*977540*SK*977540*UP*099702121496
PID*F****6" BEGONIA - POST
PO4**1*EA
CTT*18*194
AMT*TT*674.85
SE*71*000070574
ST*850*000070575
BEG*00*CN*76086242**20120413*2776086242
CUR*BY*USD
DTM*038*20120418
DTM*002*20120420
DTM*061*20120427
N1*OB**92*2776
N3*20777 HALL ROAD
N4*MACOMB TOWNSHIP*MI*48044
REF*DP*028
REF*3J*0007
REF*MR*0000071134
REF*AGL*PAY BY SCAN
REF*4C*DTS - DIRECT TO STORE
PO1*0001*11*EA*2.2**VP*111988*SK*111988*UP*099702303007
PID*F****SPRING BULBS 4-PACK - POST
PO4**1*EA
PO1*0002*11*EA*1.95**VP*386762*SK*386762*UP*099702300327
PID*F****ANNUAL 2QT - POST
PO4**1*EA
PO1*0003*2*EA*1.6**VP*387088*SK*387088*UP*099702350438
PID*F****WEATHER CHANNEL GARDEN MUM - POST
PO4**1*EA
PO1*0004*17*EA*1.45**VP*758753*SK*758753*UP*099702308668
PID*F****606 JUMBO ANNUAL POST
PO4**1*EA
PO1*0005*1*EA*8.5**VP*771391*SK*771391*UP*099702200153
PID*F****8" PREMIUM FOLIAGE HANGING BSKT-POST
PO4**1*EA
PO1*0006*1*EA*2.7**VP*771424*SK*771424*UP*099702214211
PID*F****4" FOLIAGE - POST
PO4**1*EA
PO1*0007*2*EA*6.75**VP*906278*SK*906278*UP*724754906394
PID*F****10IN STANDARD HANGING BASKET POST
PO4**1*EA
PO1*0008*3*EA*7.99**VP*947000*SK*947000*UP*099702216369
PID*F****10IN BOSTON FERN HB POST
PO4**1*EA
CTT*8*48
AMT*TT*164.23
SE*41*000070575
ST*850*000070576
BEG*00*CN*79051494**20120413*2779051494
CUR*BY*USD
DTM*038*20120418
DTM*002*20120420
DTM*061*20120427
N1*OB**92*2779
N3*8670 GRATIOT RD
N4*SAGINAW*MI*48609
REF*DP*028
REF*3J*0007
REF*MR*0000071134
REF*AGL*PAY BY SCAN
REF*4C*DTS - DIRECT TO STORE
PO1*0001*2*EA*2.2**VP*111988*SK*111988*UP*099702303007
PID*F****SPRING BULBS 4-PACK - POST
PO4**1*EA
PO1*0002*2*EA*1.6**VP*387088*SK*387088*UP*099702350438
PID*F****WEATHER CHANNEL GARDEN MUM - POST
PO4**1*EA
PO1*0003*1*EA*1.85**VP*672204*SK*672204*UP*099702111008
PID*F****AFRICAN VIOLET 4" - POST
PO4**1*EA
PO1*0004*1*EA*1.45**VP*758753*SK*758753*UP*099702308668
PID*F****606 JUMBO ANNUAL POST
PO4**1*EA
PO1*0005*1*EA*5.56**VP*819883*SK*819883*UP*842276002445
PID*F****VIVA! PENNISETUM FIREWORKS 2.6QT S2
PO4**1*EA
PO1*0006*17*EA*7.99**VP*947000*SK*947000*UP*099702216369
PID*F****10IN BOSTON FERN HB POST
PO4**1*EA
CTT*6*24
AMT*TT*173.32
SE*35*000070576
ST*850*000070577
BEG*00*CN*80047837**20120413*2780047837
CUR*BY*USD
DTM*038*20120418
DTM*002*20120420
DTM*061*20120427
N1*OB**92*2780
N3*900 JACKSON STREET
N4*GRAND HAVEN*MI*49417
REF*DP*028
REF*3J*0007
REF*MR*0000071134
REF*AGL*PAY BY SCAN
REF*4C*DTS - DIRECT TO STORE
PO1*0001*1*EA*5**VP*977540*SK*977540*UP*099702121496
PID*F****6" BEGONIA - POST
PO4**1*EA
CTT*1*1
AMT*TT*5.97
SE*20*000070577
GE*31*7574
IEA*1*000009151
ISA*00*          *00*          *14*0722717110100  *12*6169631519     *120414*0043*|*00406*000009152*0*P*>
GS*PO*072271711*6169631519*20120414*0043*7575*X*004060
ST*850*000070578
BEG*00*CN*18027854**20120413*2718027854
CUR*BY*USD
DTM*038*20120418
DTM*002*20120420
DTM*061*20120427
N1*OB**92*2718
N3*20300 KELLY RD
N4*HARPER WOODS*MI*48225
REF*DP*028
REF*3J*0007
REF*MR*0000071134
REF*AGL*PAY BY SCAN
REF*4C*DTS - DIRECT TO STORE
PO1*0001*2*EA*10.75**VP*111423*SK*111423*UP*099702300358
PID*F****DEVA COLOR BOWL 12" - POST
PO4**1*EA
PO1*0002*16*EA*2.2**VP*111988*SK*111988*UP*099702303007
PID*F****SPRING BULBS 4-PACK - POST
PO4**1*EA
PO1*0003*51*EA*1.17**VP*155097*SK*155097*UP*099702300143
PID*F****6PK ANNUAL (806) - POST
PO4**1*EA
PO1*0004*1*EA*9**VP*184820*SK*184820*UP*099702520565
PID*F****ODESSA BONSAI 4.5" - POST
PO4**1*EA
PO1*0005*4*EA*4.39**VP*236849*SK*236849*UP*099702301201
PID*F****ANNUAL 306 PACK-POST
PO4**1*EA
PO1*0006*7*EA*1.95**VP*386762*SK*386762*UP*099702300327
PID*F****ANNUAL 2QT - POST
PO4**1*EA
PO1*0007*7*EA*1.6**VP*387088*SK*387088*UP*099702350438
PID*F****WEATHER CHANNEL GARDEN MUM - POST
PO4**1*EA
PO1*0008*5*EA*5.25**VP*456114*SK*456114*UP*099702400508
PID*F****  VIGORO SELECT GALLON ANNUAL 1EA
PO4**1*EA
PO1*0009*4*EA*1.45**VP*758753*SK*758753*UP*099702308668
PID*F****606 JUMBO ANNUAL POST
PO4**1*EA
PO1*0010*4*EA*4.25**VP*765088*SK*765088*UP*099702200535
PID*F****TROPICAL FOLIAGE 6" -POST
PO4**1*EA
PO1*0011*5*EA*10.9**VP*765451*SK*765451*UP*099702200559
PID*F****TROPICAL FOLIAGE 10" - POST
PO4**1*EA
PO1*0012*2*EA*18.5**VP*771259*SK*771259*UP*099702200740
PID*F****TROPICAL FANCY 10" -POST
PO4**1*EA
PO1*0013*5*EA*2.7**VP*771424*SK*771424*UP*099702214211
PID*F****4" FOLIAGE - POST
PO4**1*EA
PO1*0014*4*EA*1.6**VP*851095*SK*851095*UP*099919214806
PID*F**** WEATHER TOUGH ACCENT PLANTS 1 PINT
PO4**1*EA
PO1*0015*2*EA*5.56**VP*892383*SK*892383*UP*842276003480
PID*F****VIVA! ASIATIC LILY LOOKS 2.6 QT S2
PO4**1*EA
PO1*0016*1*EA*6.75**VP*906278*SK*906278*UP*724754906394
PID*F****10IN STANDARD HANGING BASKET POST
PO4**1*EA
PO1*0017*21*EA*2.9**VP*906542*SK*906542*UP*099702500291
PID*F****PROVEN WINNER 4.5IN POST
PO4**1*EA
PO1*0018*4*EA*5.25**VP*932431*SK*932431*UP*099702114146
PID*F****DAFFODIL 6" - POST
PO4**1*EA
PO1*0019*4*EA*2.62**VP*932497*SK*932497*UP*099702122042
PID*F****TULIP 6" - POST
PO4**1*EA
PO1*0020*1*EA*6.1**VP*932596*SK*932596*UP*099702113736
PID*F****CYCLAMEN 6" - POST
PO4**1*EA
PO1*0021*5*EA*7.99**VP*947000*SK*947000*UP*099702216369
PID*F****10IN BOSTON FERN HB POST
PO4**1*EA
PO1*0022*1*EA*13.75**VP*954574*SK*954574*UP*099702212125
PID*F****BROMELIAD 6" - POST
PO4**1*EA
PO1*0023*2*EA*12.75**VP*954607*SK*954607*UP*099702134007
PID*F****ORCHID IN MYLAR 5" - POST
PO4**1*EA
PO1*0024*1*EA*5**VP*977540*SK*977540*UP*099702121496
PID*F****6" BEGONIA - POST
PO4**1*EA
CTT*24*159
AMT*TT*675.56
SE*89*000070578
ST*850*000070579
BEG*00*CN*27027067**20120413*2727027067
CUR*BY*USD
DTM*038*20120418
DTM*002*20120420
DTM*061*20120427
N1*OB**92*2727
N3*225 AVON ROAD
N4*ROCHESTER HILLS*MI*48307
REF*DP*028
REF*3J*0007
REF*MR*0000071134
REF*AGL*PAY BY SCAN
REF*4C*DTS - DIRECT TO STORE
PO1*0001*4*EA*10.75**VP*111423*SK*111423*UP*099702300358
PID*F****DEVA COLOR BOWL 12" - POST
PO4**1*EA
PO1*0002*2*EA*2.2**VP*111988*SK*111988*UP*099702303007
PID*F****SPRING BULBS 4-PACK - POST
PO4**1*EA
PO1*0003*8*EA*1.17**VP*155097*SK*155097*UP*099702300143
PID*F****6PK ANNUAL (806) - POST
PO4**1*EA
PO1*0004*6*EA*4.39**VP*236849*SK*236849*UP*099702301201
PID*F****ANNUAL 306 PACK-POST
PO4**1*EA
PO1*0005*4*EA*4.25**VP*338407*SK*338407*UP*099702308859
PID*F****8T BUSHEL PANSY POST
PO4**1*EA
PO1*0006*4*EA*1.95**VP*386762*SK*386762*UP*099702300327
PID*F****ANNUAL 2QT - POST
PO4**1*EA
PO1*0007*2*EA*3**VP*387155*SK*387155*UP*099702300099
PID*F****SUPER 6 PACK ANNUAL- POST
PO4**1*EA
PO1*0008*3*EA*2.7**VP*453574*SK*453574*UP*099702300297
PID*F****VIGORO SELECT CA 1QT ANNUAL
PO4**1*EA
PO1*0009*3*EA*5.25**VP*456114*SK*456114*UP*099702400508
PID*F****  VIGORO SELECT GALLON ANNUAL 1EA
PO4**1*EA
PO1*0010*70*EA*1.45**VP*758753*SK*758753*UP*099702308668
PID*F****606 JUMBO ANNUAL POST
PO4**1*EA
PO1*0011*1*EA*.7**VP*760968*SK*760968*UP*099702550074
PID*F****REDUCED 6.5" MUM - POST
PO4**1*EA
PO1*0012*2*EA*4.25**VP*765088*SK*765088*UP*099702200535
PID*F****TROPICAL FOLIAGE 6" -POST
PO4**1*EA
PO1*0013*1*EA*10.9**VP*765451*SK*765451*UP*099702200559
PID*F****TROPICAL FOLIAGE 10" - POST
PO4**1*EA
PO1*0014*1*EA*5.56**VP*892383*SK*892383*UP*842276003480
PID*F****VIVA! ASIATIC LILY LOOKS 2.6 QT S2
PO4**1*EA
PO1*0015*8*EA*2.9**VP*906542*SK*906542*UP*099702500291
PID*F****PROVEN WINNER 4.5IN POST
PO4**1*EA
PO1*0016*4*EA*5.25**VP*932431*SK*932431*UP*099702114146
PID*F****DAFFODIL 6" - POST
PO4**1*EA
PO1*0017*3*EA*2.63**VP*932464*SK*932464*UP*099702116133
PID*F****HYACINTH 6" - POST
PO4**1*EA
PO1*0018*1*EA*2.62**VP*932497*SK*932497*UP*099702122042
PID*F****TULIP 6" - POST
PO4**1*EA
PO1*0019*6*EA*7.99**VP*947000*SK*947000*UP*099702216369
PID*F****10IN BOSTON FERN HB POST
PO4**1*EA
PO1*0020*1*EA*12.75**VP*954607*SK*954607*UP*099702134007
PID*F****ORCHID IN MYLAR 5" - POST
PO4**1*EA
CTT*20*134
AMT*TT*488.49
SE*77*000070579
GE*2*7575
IEA*1*000009152
ISA*00*          *00*          *14*0722717110100  *12*6169631519     *120414*0051*|*00406*000009153*0*P*>
GS*PO*072271711*6169631519*20120414*0051*7576*X*004060
ST*850*000070580
BEG*00*CN*02001382**20120413*2702001382
CUR*BY*USD
DTM*038*20120418
DTM*002*20120420
DTM*061*20120427
N1*OB**92*2702
N3*25879 HOOVER ROAD
N4*WARREN*MI*48089
REF*DP*028
REF*3J*0007
REF*MR*0000071134
REF*AGL*PAY BY SCAN
REF*4C*DTS - DIRECT TO STORE
PO1*0001*5*EA*10.75**VP*111423*SK*111423*UP*099702300358
PID*F****DEVA COLOR BOWL 12" - POST
PO4**1*EA
PO1*0002*18*EA*2.2**VP*111988*SK*111988*UP*099702303007
PID*F****SPRING BULBS 4-PACK - POST
PO4**1*EA
PO1*0003*32*EA*1.17**VP*155097*SK*155097*UP*099702300143
PID*F****6PK ANNUAL (806) - POST
PO4**1*EA
PO1*0004*2*EA*4.39**VP*236849*SK*236849*UP*099702301201
PID*F****ANNUAL 306 PACK-POST
PO4**1*EA
PO1*0005*5*EA*1.95**VP*386762*SK*386762*UP*099702300327
PID*F****ANNUAL 2QT - POST
PO4**1*EA
PO1*0006*1*EA*5.28**VP*386804*SK*386804*UP*099702309405
PID*F****6-PACK WAVE PETUNIA - POST
PO4**1*EA
PO1*0007*8*EA*1.6**VP*387088*SK*387088*UP*099702350438
PID*F****WEATHER CHANNEL GARDEN MUM - POST
PO4**1*EA
PO1*0008*11*EA*5.25**VP*456114*SK*456114*UP*099702400508
PID*F****  VIGORO SELECT GALLON ANNUAL 1EA
PO4**1*EA
PO1*0009*2*EA*2.4**VP*591734*SK*591734*UP*099702117109
PID*F****KALANCHOE FLORAL 4IN
PO4**1*EA
PO1*0010*1*EA*10.85**VP*626838*SK*626838*UP*099702400744
PID*F****RATTAN 11" HB-POST
PO4**1*EA
PO1*0011*26*EA*1.45**VP*758753*SK*758753*UP*099702308668
PID*F****606 JUMBO ANNUAL POST
PO4**1*EA
PO1*0012*2*EA*10.9**VP*765451*SK*765451*UP*099702200559
PID*F****TROPICAL FOLIAGE 10" - POST
PO4**1*EA
PO1*0013*1*EA*13**VP*765484*SK*765484*UP*099702219759
PID*F****PALM MAJESTY 10" -POST
PO4**1*EA
PO1*0014*2*EA*8.5**VP*771391*SK*771391*UP*099702200153
PID*F****8" PREMIUM FOLIAGE HANGING BSKT-POST
PO4**1*EA
PO1*0015*4*EA*2.7**VP*771424*SK*771424*UP*099702214211
PID*F****4" FOLIAGE - POST
PO4**1*EA
PO1*0016*5*EA*1.6**VP*851095*SK*851095*UP*099919214806
PID*F**** WEATHER TOUGH ACCENT PLANTS 1 PINT
PO4**1*EA
PO1*0017*2*EA*5.56**VP*892383*SK*892383*UP*842276003480
PID*F****VIVA! ASIATIC LILY LOOKS 2.6 QT S2
PO4**1*EA
PO1*0018*1*EA*6.75**VP*906278*SK*906278*UP*724754906394
PID*F****10IN STANDARD HANGING BASKET POST
PO4**1*EA
PO1*0019*8*EA*2.9**VP*906542*SK*906542*UP*099702500291
PID*F****PROVEN WINNER 4.5IN POST
PO4**1*EA
PO1*0020*3*EA*5.25**VP*932431*SK*932431*UP*099702114146
PID*F****DAFFODIL 6" - POST
PO4**1*EA
PO1*0021*13*EA*7.99**VP*947000*SK*947000*UP*099702216369
PID*F****10IN BOSTON FERN HB POST
PO4**1*EA
PO1*0022*1*EA*12.75**VP*954607*SK*954607*UP*099702134007
PID*F****ORCHID IN MYLAR 5" - POST
PO4**1*EA
CTT*22*153
AMT*TT*667.94
SE*83*000070580
GE*1*7576
IEA*1*000009153
ISA*00*          *00*          *08*9254291001     *12*6169631519     *120414*0422*U*00400*000002160*0*P*>
GS*PD*9254291001*6169631519*20120414*0422*2160*X*004010
ST*852*0001
XQ*H*20120414
N9*AD*T00000065
LIN**IN*001893033*ZZ*43*UP*099702200153*****DG*1*VS*00000
ZA*QS***006*20120413
CTP**UCP*9
SDQ*EA*ZZ*3570*1*4995*1
LIN**IN*001893033*ZZ*43*UP*099702200153*****DG*5*VS*00000
ZA*QS***006*20120413
CTP**UCP*9
SDQ*EA*ZZ*3730*1
LIN**IN*002165375*ZZ*43*UP*099702300242*****DG*1*VS*00000
ZA*QS***006*20120413
CTP**UCP*5.55
SDQ*EA*ZZ*3938*2*4067*1*4430*7*9385*1*9557*1
LIN**IN*025543211*ZZ*43*UP*099702308859*****DG*1*VS*00000
ZA*QS***006*20120413
CTP**UCP*4.1
SDQ*EA*ZZ*3126*4*3207*2*3254*2*3279*4*3546*3*3570*5*3575*5*3804*3*3864*2*3959*3
SDQ*EA*ZZ*4059*4*4091*3*4098*2*4105*2*4163*1*4168*1*4206*7*4331*2*4430*2*4481*4
SDQ*EA*ZZ*4488*6*4795*1*4851*4*4998*1*7014*2*7068*2*7127*4*7205*2*7243*1*7634*2
SDQ*EA*ZZ*7660*2*7733*4*9026*1*9030*1*9088*4*9186*1*9385*4*9557*3*9593*1*9640*5
SDQ*EA*ZZ*9693*3*9745*3
LIN**IN*081884811*ZZ*43*UP*099702303007*****DG*1*VS*00000
ZA*QS***006*20120413
CTP**UCP*2.45
SDQ*EA*ZZ*3126*2*3207*6*3254*7*3327*1*3546*1*3556*2*3570*7*3571*2*3819*6*3820*8
SDQ*EA*ZZ*3841*1*3864*2*4067*9*4091*2*4098*6*4152*8*4163*6*4168*1*4177*5*4331*19
SDQ*EA*ZZ*4430*4*4481*7*4488*1*4700*1*4795*1*4995*3*4998*14*7127*2*7524*1*7660*2
SDQ*EA*ZZ*7733*5*7775*6*9018*4*9030*14*9186*3*9245*9*9385*4*9593*16*9693*4*9695*2
LIN**IN*097423411*ZZ*43*UP*099702300358*****DG*1*VS*00000
ZA*QS***006*20120413
CTP**UCP*11.25
SDQ*EA*ZZ*3126*1*3254*1*3570*1*3730*1*4105*2*4796*1*4998*1*7733*1*9088*2*9186*1
LIN**IN*097424511*ZZ*43*UP*099702306862*****DG*3*VS*00000
ZA*QS***006*20120413
CTP**UCP*1.5
SDQ*EA*ZZ*3254*2*7243*2
LIN**IN*097424512*ZZ*43*UP*099702308668*****DG*1*VS*00000
ZA*QS***006*20120413
CTP**UCP*1.5
SDQ*EA*ZZ*3279*2*3805*1*3820*1*4091*5*4845*1*7524*1*7660*2*7733*24*9088*6*9385*1
SDQ*EA*ZZ*9557*8*9586*2*9593*10*9640*7*9745*12
LIN**IN*097424512*ZZ*43*UP*099702308668*****DG*3*VS*00000
ZA*QS***006*20120413
CTP**UCP*1.5
SDQ*EA*ZZ*3126*3*3207*2*3254*1*3308*1*3327*3*3570*7*3819*9*4000*1*4059*1*4067*2
SDQ*EA*ZZ*4098*1*4106*2*4177*11*4206*6*4331*2*4430*5*4488*5*4796*3*4851*3*4998*4
SDQ*EA*ZZ*9018*2*9030*3*9693*2*9695*3*9814*2
LIN**IN*097424611*ZZ*43*UP*099702300266*****DG*1*VS*00000
ZA*QS***006*20120413
CTP**UCP*8.75
SDQ*EA*ZZ*3664*1*3723*3*3820*1*4105*1*4795*2*7014*1*7068*1*7733*2*9186*4*9385*2
SDQ*EA*ZZ*9586*1*9772*2
LIN**IN*097424611*ZZ*43*UP*099702300266*****DG*3*VS*00000
ZA*QS***006*20120413
CTP**UCP*8.75
SDQ*EA*ZZ*3126*1*3207*2*3254*2*3575*3*3819*2*3841*4*4106*3*4152*3*4168*1*4430*3
SDQ*EA*ZZ*4481*1*4488*4*4851*2*9026*1
LIN**IN*097424711*ZZ*43*UP*099702306930*****DG*3*VS*00000
ZA*QS***006*20120413
CTP**UCP*8
SDQ*EA*ZZ*3126*1*3308*2*3570*4*3575*2*4183*2*4488*1
LIN**IN*097470211*ZZ*43*UP*099702114313*****DG*1*VS*00000
ZA*QS***006*20120413
CTP**UCP*2.68
SDQ*EA*ZZ*3723*1*4177*4*4206*1
LIN**IN*097470311*ZZ*43*UP*099702116133*****DG*1*VS*00000
ZA*QS***006*20120413
CTP**UCP*4.6
SDQ*EA*ZZ*3126*3*3308*1*4000*3*4995*1
LIN**IN*097470411*ZZ*43*UP*099702122042*****DG*1*VS*00000
ZA*QS***006*20120413
CTP**UCP*4.6
SDQ*EA*ZZ*9814*1
LIN**IN*097470511*ZZ*43*UP*099702112630*****DG*1*VS*00000
ZA*QS***006*20120413
CTP**UCP*6.25
SDQ*EA*ZZ*4177*1*4995*1*9814*1
CTT*16
SE*81*0001
GE*1*2160
IEA*1*000002160
