ISA*00*          *00*          *08*925485CA00     *12*2044827533     *120419*1034*:*00501*100000001*0*T*>
GS*RA*925485CA00*2044827533*20120419*1034*100000001*X*005010
ST*820*0001
BPR*I*6765.74*C*CHK************20110628*VEN
TRN*3*5266435
CUR*PR*USD
N1*PR*WAL-MART STORES, INC.*UL*0078742000008
N1*PE*replace_supplier_name
REF*IA*replace_vendor_nbr_dept_seq
ENT*1
ADX*202.91*A9*DB*178633
REF*ST*0078742062532
REF*6O*025
REF*DP*00026
REF*MR*0007
REF*MC*123456789
ADX*-15.44*F1*CM*112472080
REF*ST*0078742012193
REF*6O*094
REF*DP*00026
REF*MC*987654321
ADX*-17.75*F1*CM*121661393
REF*ST*0078742021201
REF*6O*094
REF*DP*00026
REF*MC*987654321
RMR*IV*123123*PO*6166.91*6166.91
REF*DP*00026
REF*MR*0033
REF*PO*1234567890
REF*MC*123456789
REF*19*07
REF*ST*0078742030364
DTM*097*20110414
RMR*IV*987987*PO*122.6*122.6
REF*DP*00026
REF*MR*0033
REF*PO*0987654321
REF*MC*0123456789
REF*19*07
REF*ST*0078742038599
DTM*097*20110415
RMR*IV*6546546*PO*163.47*163.47
REF*DP*00026
REF*MR*0033
REF*PO*0123456789
REF*MC*123456789
REF*19*07
REF*ST*0078742030098
DTM*097*20110415
RMR*IV*1112222*PO*143.04*143.04
REF*DP*00026
REF*MR*0033
REF*PO*0987654321
REF*MC*123123123
REF*19*07
REF*ST*0078742029375
DTM*097*20110418
SE*57*0001
GE*1*100000001
IEA*1*100000001
