ISA*00*          *00*          *01*006097142      *01*056021462      *100720*0901*U*00400*000001320*0*P*>
GS*FA*006097142*056021462*20100720*0901*1200*X*004010
ST*997*000001200
AK1*IN*11595
AK9*A*1*1*1
SE*4*000001200
GE*1*1200
IEA*1*000001320
ISA*00*          *00*          *14*0722717110100  *01*056021462      *100720*1234*|*00406*000005137*0*P*>
GS*PO*072271711*056021462*20100720*1234*4321*X*004060
ST*850*000079923
BEG*00*CN*51035845**20100720*0951035845
CUR*BY*USD
SAC*A*I170****3*.5*****02
DTM*038*20100722
N1*OB**92*0951
N3*197 ROUTE 72 WEST
N4*STAFFORD TWP*NJ*08050
REF*DP*028
REF*3J*0003
REF*MR*0000071689
REF*AGL*DTS STORE
PO1*0001*18*EA*6**VP*273593*SK*273593*UP*008914394444
PID*F****PERENNIAL 2G(5.56L)-GSG
PO4**1*EA
PO1*0002*3*EA*5**VP*845662*SK*845662*UP*008914008532
PID*F****PROVEN WINNER PERENNIAL #1 GSG
PO4**1*EA
PO1*0003*1*EA*6.2**VP*909463*SK*909463*UP*842276003022
PID*F****VIVA! ECHINACEA 2.6 QUART S6
PO4**1*EA
PO1*0004*1*EA*6.85**VP*930086*SK*930086*UP*008914769150
PID*F****TWICE AS NICE PERENNIAL 10IN
PO4**1*EA
PO1*0005*25*EA*7.5**VP*991946*SK*991946*UP*008914394703
PID*F****VIGORO #2 PREMIUM PERENNIAL
PO4**1*EA
PO1*0006*10*EA*5**VP*998942*SK*998942*UP*008914620208
PID*F****VIGORO #1 GALLON PERENNIAL- GSG
PO4**1*EA
CTT*6*58
AMT*TT*538.4
SE*33*000079923
GE*1*4321
IEA*1*000005137
ISA*00*          *00*          *09*006985290EFT   *01*056021462      *100719*2332*U*00400*001000890*0*P*>
GS*RA*006985290EFT*056021462*20100719*2332*1000890*X*004010
ST*820*0001
BPR*I*1817.42*C*ACH*CCP*01*061209756*DA*2079900567397*9008965873**01*021200339*DA*8153619485*20100721*VEN
TRN*3*771484414*9008965873
DTM*097*20100719
N1*PR*SEARS HOLDINGS MANAGEMENT CORP.*1*008965873
N1*PE*GARDEN STATE GROWERS*92*00056021462
N1*SE*GARDEN STATE GROWERS*92*00056021462
ENT*1
RMR*IK*302820100712*PI*15.08*15.08*0
REF*PO*0020100712
REF*ST*03028
REF*DP*043
DTM*999*20100711
RMR*IK*305020100712*PI*19.68*19.68*0
REF*PO*0020100712
REF*ST*03050
REF*DP*043
DTM*999*20100711
RMR*IK*305620100712*PI*20.73*20.73*0
REF*PO*0020100712
REF*ST*03056
REF*DP*043
DTM*999*20100711
RMR*IK*307120100712*PI*132.13*132.13*0
REF*PO*0020100712
REF*ST*03071
REF*DP*043
DTM*999*20100711
RMR*IK*311720100712*PI*9.98*9.98*0
REF*PO*0020100712
REF*ST*03117
REF*DP*043
DTM*999*20100711
RMR*IK*313120100712*PI*17.4*17.4*0
REF*PO*0020100712
REF*ST*03131
REF*DP*043
DTM*999*20100711
RMR*IK*316720100712*PI*5.24*5.24*0
REF*PO*0020100712
REF*ST*03167
REF*DP*043
DTM*999*20100711
RMR*IK*318720100712*PI*7.15*7.15*0
REF*PO*0020100712
REF*ST*03187
REF*DP*043
DTM*999*20100711
RMR*IK*319620100712*PI*21.28*21.28*0
REF*PO*0020100712
REF*ST*03196
REF*DP*043
DTM*999*20100711
RMR*IK*322920100712*PI*21.52*21.52*0
REF*PO*0020100712
REF*ST*03229
REF*DP*043
DTM*999*20100711
RMR*IK*327720100712*PI*37.75*37.75*0
REF*PO*0020100712
REF*ST*03277
REF*DP*043
DTM*999*20100711
RMR*IK*331820100712*PI*9.8*9.8*0
REF*PO*0020100712
REF*ST*03318
REF*DP*043
DTM*999*20100711
RMR*IK*332520100712*PI*8.3*8.3*0
REF*PO*0020100712
REF*ST*03325
REF*DP*043
DTM*999*20100711
RMR*IK*335020100712*PI*4.58*4.58*0
REF*PO*0020100712
REF*ST*03350
REF*DP*043
DTM*999*20100711
RMR*IK*336120100712*PI*15.1*15.1*0
REF*PO*0020100712
REF*ST*03361
REF*DP*043
DTM*999*20100711
RMR*IK*351720100712*PI*94.67*94.67*0
REF*PO*0020100712
REF*ST*03517
REF*DP*043
DTM*999*20100711
RMR*IK*352920100712*PI*7.25*7.25*0
REF*PO*0020100712
REF*ST*03529
REF*DP*043
DTM*999*20100711
RMR*IK*356120100712*PI*58.78*58.78*0
REF*PO*0020100712
REF*ST*03561
REF*DP*043
DTM*999*20100711
RMR*IK*358620100712*PI*7.06*7.06*0
REF*PO*0020100712
REF*ST*03586
REF*DP*043
DTM*999*20100711
RMR*IK*370920100712*PI*23.75*23.75*0
REF*PO*0020100712
REF*ST*03709
REF*DP*043
DTM*999*20100711
RMR*IK*373720100712*PI*310.42*310.42*0
REF*PO*0020100712
REF*ST*03737
REF*DP*043
DTM*999*20100711
RMR*IK*379620100712*PI*35.9*35.9*0
REF*PO*0020100712
REF*ST*03796
REF*DP*043
DTM*999*20100711
RMR*IK*379820100712*PI*10.44*10.44*0
REF*PO*0020100712
REF*ST*03798
REF*DP*043
DTM*999*20100711
RMR*IK*380720100712*PI*4.5*4.5*0
REF*PO*0020100712
REF*ST*03807
REF*DP*043
DTM*999*20100711
RMR*IK*399020100712*PI*8.81*8.81*0
REF*PO*0020100712
REF*ST*03990
REF*DP*043
DTM*999*20100711
RMR*IK*401020100712*PI*8.45*8.45*0
REF*PO*0020100712
REF*ST*04010
REF*DP*043
DTM*999*20100711
RMR*IK*434420100712*PI*64.51*64.51*0
REF*PO*0020100712
REF*ST*04344
REF*DP*043
DTM*999*20100711
RMR*IK*436120100712*PI*3*3*0
REF*PO*0020100712
REF*ST*04361
REF*DP*043
DTM*999*20100711
RMR*IK*439720100712*PI*7.6*7.6*0
REF*PO*0020100712
REF*ST*04397
REF*DP*043
DTM*999*20100711
RMR*IK*439920100712*PI*24.12*24.12*0
REF*PO*0020100712
REF*ST*04399
REF*DP*043
DTM*999*20100711
RMR*IK*447020100712*PI*108.92*108.92*0
REF*PO*0020100712
REF*ST*04470
REF*DP*043
DTM*999*20100711
RMR*IK*447820100712*PI*33.28*33.28*0
REF*PO*0020100712
REF*ST*04478
REF*DP*043
DTM*999*20100711
RMR*IK*479320100712*PI*.75*.75*0
REF*PO*0020100712
REF*ST*04793
REF*DP*043
DTM*999*20100711
RMR*IK*486020100712*PI*144.71*144.71*0
REF*PO*0020100712
REF*ST*04860
REF*DP*043
DTM*999*20100711
RMR*IK*493620100712*PI*12.45*12.45*0
REF*PO*0020100712
REF*ST*04936
REF*DP*043
DTM*999*20100711
RMR*IK*712020100712*PI*3*3*0
REF*PO*0020100712
REF*ST*07120
REF*DP*043
DTM*999*20100711
RMR*IK*718220100712*PI*17.56*17.56*0
REF*PO*0020100712
REF*ST*07182
REF*DP*043
DTM*999*20100711
RMR*IK*719220100712*PI*34.21*34.21*0
REF*PO*0020100712
REF*ST*07192
REF*DP*043
DTM*999*20100711
RMR*IK*719720100712*PI*3.45*3.45*0
REF*PO*0020100712
REF*ST*07197
REF*DP*043
DTM*999*20100711
RMR*IK*720920100712*PI*2.5*2.5*0
REF*PO*0020100712
REF*ST*07209
REF*DP*043
DTM*999*20100711
RMR*IK*723520100712*PI*52.01*52.01*0
REF*PO*0020100712
REF*ST*07235
REF*DP*043
DTM*999*20100711
RMR*IK*725720100712*PI*46.16*46.16*0
REF*PO*0020100712
REF*ST*07257
REF*DP*043
DTM*999*20100711
RMR*IK*760220100712*PI*62.18*62.18*0
REF*PO*0020100712
REF*ST*07602
REF*DP*043
DTM*999*20100711
RMR*IK*767320100712*PI*145.58*145.58*0
REF*PO*0020100712
REF*ST*07673
REF*DP*043
DTM*999*20100711
RMR*IK*771320100712*PI*81.62*81.62*0
REF*PO*0020100712
REF*ST*07713
REF*DP*043
DTM*999*20100711
RMR*IK*912520100712*PI*49.91*49.91*0
REF*PO*0020100712
REF*ST*09125
REF*DP*043
DTM*999*20100711
RMR*IK*943820100712*PI*4.15*4.15*0
REF*PO*0020100712
REF*ST*09438
REF*DP*043
DTM*999*20100711
SE*244*0001
GE*1*1000890
IEA*1*001000890
ISA*00*          *00*          *01*006097142      *01*056021462      *100720*1502*U*00400*000001321*0*P*>
GS*FA*006097142*056021462*20100720*1502*1201*X*004010
ST*997*000001201
AK1*IN*11596
AK9*A*3*3*3
SE*4*000001201
GE*1*1201
IEA*1*000001321
ISA*00*          *00*          *14*0722717110100  *01*056021462      *100720*1936*|*00406*000005138*0*P*>
GS*CD*072271711*056021462*20100720*1936*268*X*004060
ST*812*000006112
BCD*20100719*009019650*O*1851*D**0000000000******ST*901
N9*VR*000297831
N9*RZ*CONSIGNMENT MERCH
N9*DP*28
N9*L1*25
N9*ZZ*14
N9*MB*0000000000
FOB*CC
SHD*0*0*CT
N1*BT*GARDEN STATE GROWERS
N3*99 LOCUST GROVE ROAD
N4*PITTSTOWN*NJ*08867
N1*SN*E HANOVER
N3*902 MURRAY RD
N4*EAST HANOVER*NJ*07936
CDD*RM*D*****2*EA**UCP*3.33*ICL*6.66*PROVEN WINNER ANNUAL @4.5
LIN**SK*307038*VP*307038
CDD*RM*D*****3*EA**UCP*3.95*ICL*11.85*1 GAL LIRIOPE- GSG
LIN**SK*993431*VP*993431
SE*21*000006112
ST*812*000006113
BCD*20100719*009032077*O*925*D**0000000000******ST*903
N9*VR*000297831
N9*RZ*CONSIGNMENT MERCH
N9*DP*28
N9*L1*25
N9*ZZ*14
N9*MB*0000000000
FOB*CC
SHD*0*0*CT
N1*BT*GARDEN STATE GROWERS
N3*99 LOCUST GROVE ROAD
N4*PITTSTOWN*NJ*08867
N1*SN*S PLAINFIELD
N3*3100 HAMILTON BLVD
N4*SOUTH PLAINFIELD*NJ*07080
CDD*RM*D*****1*EA**UCP*9.25*ICL*9.25*PERENNIAL 13IN CASTELLA
LIN**SK*979982*VP*979982
SE*19*000006113
ST*812*000006114
BCD*20100719*009069842*O*964*D**0000000000******ST*906
N9*VR*000297831
N9*RZ*CONSIGNMENT MERCH
N9*DP*28
N9*L1*25
N9*ZZ*14
N9*MB*0000000000
FOB*CC
SHD*0*0*CT
N1*BT*GARDEN STATE GROWERS
N3*99 LOCUST GROVE ROAD
N4*PITTSTOWN*NJ*08867
N1*SN*WATCHUNG
N3*1515 ROUTE 22
N4*WATCHUNG*NJ*07069
CDD*RM*D*****1*EA**UCP*9.64*ICL*9.64*CLEMATIS 1G (2.391L)
LIN**SK*176643*VP*176643
SE*19*000006114
ST*812*000006115
BCD*20100719*009070697*O*925*D**0000000000******ST*907
N9*VR*000297831
N9*RZ*CONSIGNMENT MERCH
N9*DP*28
N9*L1*25
N9*ZZ*14
N9*MB*0000000000
FOB*CC
SHD*0*0*CT
N1*BT*GARDEN STATE GROWERS
N3*99 LOCUST GROVE ROAD
N4*PITTSTOWN*NJ*08867
N1*SN*W LONG BRANCH
N3*310 STATE HWY 36 STE 100
N4*WEST LONG BRANCH*NJ*07764
CDD*RM*D*****1*EA**UCP*9.25*ICL*9.25*PERENNIAL 13IN CASTELLA
LIN**SK*979982*VP*979982
SE*19*000006115
ST*812*000006116
BCD*20100719*009086475*O*11860*D**0000000000******ST*908
N9*VR*000297831
N9*RZ*CONSIGNMENT MERCH
N9*DP*28
N9*L1*25
N9*ZZ*14
N9*MB*0000000000
FOB*CC
SHD*0*0*CT
N1*BT*GARDEN STATE GROWERS
N3*99 LOCUST GROVE ROAD
N4*PITTSTOWN*NJ*08867
N1*SN*CLIFTON
N3*955 BLOOMFIELD AVE
N4*CLIFTON*NJ*07012
CDD*RM*D*****1*EA**UCP*9*ICL*9*12IN PLECTRANTHUS HANGING BASKET
LIN**SK*802911*VP*802911
CDD*RM*D*****16*EA**UCP*6.85*ICL*109.6*TWICE AS NICE PERENNIAL 10IN
LIN**SK*930086*VP*930086
SE*21*000006116
ST*812*000006117
BCD*20100719*009154727*O*3593*D**0000000000******ST*915
N9*VR*000297831
N9*RZ*CONSIGNMENT MERCH
N9*DP*28
N9*L1*25
N9*ZZ*14
N9*MB*0000000000
FOB*CC
SHD*0*0*CT
N1*BT*GARDEN STATE GROWERS
N3*99 LOCUST GROVE ROAD
N4*PITTSTOWN*NJ*08867
N1*SN*UNION/VAUXHALL
N3*2445 SPRINGFIELD AVE
N4*VAUXHALL*NJ*07088
CDD*RM*D*****1*EA**UCP*4.4*ICL*4.4*PERENNIAL 4IN
LIN**SK*396702*VP*396702
CDD*RM*D*****3*EA**UCP*5.35*ICL*16.05*ANNUAL PREM 8IN- KURTZ/GDN STATE
LIN**SK*577507*VP*577507
CDD*RM*D*****1*EA**UCP*5*ICL*5*PROVEN WINNER PERENNIAL #1 GSG
LIN**SK*845662*VP*845662
CDD*RM*D*****1*EA**UCP*10.48*ICL*10.48*PERENNIAL COLOR POT 2G- GARDEN STATE
LIN**SK*928964*VP*928964
SE*25*000006117
ST*812*000006118
BCD*20100719*009199740*O*3240*D**0000000000******ST*919
N9*VR*000297831
N9*RZ*CONSIGNMENT MERCH
N9*DP*28
N9*L1*25
N9*ZZ*14
N9*MB*0000000000
FOB*CC
SHD*0*0*CT
N1*BT*GARDEN STATE GROWERS
N3*99 LOCUST GROVE ROAD
N4*PITTSTOWN*NJ*08867
N1*SN*RIVERDALE, NJ
N3*106 ROUTE 23 NORTH
N4*RIVERDALE*NJ*07457
CDD*RM*D*****2*EA**UCP*6.2*ICL*12.4*VIVA! ECHINACEA 2.6 QUART S6
LIN**SK*909463*VP*909463
CDD*RM*D*****4*EA**UCP*5*ICL*20*VIGORO #1 GALLON PERENNIAL- GSG
LIN**SK*998942*VP*998942
SE*21*000006118
ST*812*000006119
BCD*20100719*009217062*O*1500*D**0000000000******ST*921
N9*VR*000297831
N9*RZ*CONSIGNMENT MERCH
N9*DP*28
N9*L1*25
N9*ZZ*14
N9*MB*0000000000
FOB*CC
SHD*0*0*CT
N1*BT*GARDEN STATE GROWERS
N3*99 LOCUST GROVE ROAD
N4*PITTSTOWN*NJ*08867
N1*SN*W WINDSOR
N3*701 NASSAU PARK BLVD
N4*PRINCETON*NJ*08540
CDD*RM*D*****3*EA**UCP*5*ICL*15*VIGORO #1 GALLON PERENNIAL- GSG
LIN**SK*998942*VP*998942
SE*19*000006119
ST*812*000006120
BCD*20100719*009227247*O*1870*D**0000000000******ST*922
N9*VR*000297831
N9*RZ*CONSIGNMENT MERCH
N9*DP*28
N9*L1*25
N9*ZZ*14
N9*MB*0000000000
FOB*CC
SHD*0*0*CT
N1*BT*GARDEN STATE GROWERS
N3*99 LOCUST GROVE ROAD
N4*PITTSTOWN*NJ*08867
N1*SN*TOTOWA
N3*545 ROUTE 46
N4*TOTOWA*NJ*07512
CDD*RM*D*****2*EA**UCP*6.85*ICL*13.7*TWICE AS NICE PERENNIAL 10IN
LIN**SK*930086*VP*930086
CDD*RM*D*****1*EA**UCP*5*ICL*5*VIGORO #1 GALLON PERENNIAL- GSG
LIN**SK*998942*VP*998942
SE*21*000006120
ST*812*000006121
BCD*20100719*009267229*O*660*D**0000000000******ST*926
N9*VR*000297831
N9*RZ*CONSIGNMENT MERCH
N9*DP*28
N9*L1*25
N9*ZZ*14
N9*MB*0000000000
FOB*CC
SHD*0*0*CT
N1*BT*GARDEN STATE GROWERS
N3*99 LOCUST GROVE ROAD
N4*PITTSTOWN*NJ*08867
N1*SN*HAZLET
N3*3700 HIGHWAY 35
N4*HAZLET*NJ*07730
CDD*RM*D*****1*EA**UCP*6.6*ICL*6.6*PROVEN WINNER #1 GAL PERENNIAL- GSG
LIN**SK*993464*VP*993464
SE*19*000006121
ST*812*000006122
BCD*20100719*009286214*O*1306*D**0000000000******ST*928
N9*VR*000297831
N9*RZ*CONSIGNMENT MERCH
N9*DP*28
N9*L1*25
N9*ZZ*14
N9*MB*0000000000
FOB*CC
SHD*0*0*CT
N1*BT*GARDEN STATE GROWERS
N3*99 LOCUST GROVE ROAD
N4*PITTSTOWN*NJ*08867
N1*SN*BLOOMFIELD
N3*60 ORANGE ST
N4*BLOOMFIELD*NJ*07003
CDD*RM*D*****2*EA**UCP*6.53*ICL*13.06*PREM ANNUAL FLOWERING HANGING BASKET
LIN**SK*793230*VP*793230
SE*19*000006122
ST*812*000006123
BCD*20100719*009351877*O*1535*D**0000000000******ST*935
N9*VR*000297831
N9*RZ*CONSIGNMENT MERCH
N9*DP*28
N9*L1*25
N9*ZZ*14
N9*MB*0000000000
FOB*CC
SHD*0*0*CT
N1*BT*GARDEN STATE GROWERS
N3*99 LOCUST GROVE ROAD
N4*PITTSTOWN*NJ*08867
N1*SN*JERSEY CITY
N3*440 ROUTE 440
N4*JERSEY CITY*NJ*07302
CDD*RM*D*****1*EA**UCP*10.75*ICL*10.75*PREMIUM CASABELLA HANGING BASKET #12
LIN**SK*305217*VP*305217
CDD*RM*D*****2*EA**UCP*2.3*ICL*4.6*CHRYSANTHEMUM 6.5IN HARDY MUM GS
LIN**SK*325330*VP*325330
SE*21*000006123
ST*812*000006124
BCD*20100719*009426778*O*1500*D**0000000000******ST*942
N9*VR*000297831
N9*RZ*CONSIGNMENT MERCH
N9*DP*28
N9*L1*25
N9*ZZ*14
N9*MB*0000000000
FOB*CC
SHD*0*0*CT
N1*BT*GARDEN STATE GROWERS
N3*99 LOCUST GROVE ROAD
N4*PITTSTOWN*NJ*08867
N1*SN*WASHINGTON TWSP/MONROE
N3*2735 ROUTE 42
N4*SICKLERVILLE*NJ*08081
CDD*RM*D*****3*EA**UCP*5*ICL*15*VIGORO #1 GALLON PERENNIAL- GSG
LIN**SK*998942*VP*998942
SE*19*000006124
ST*812*000006125
BCD*20100719*009447433*O*2501*D**0000000000******ST*944
N9*VR*000297831
N9*RZ*CONSIGNMENT MERCH
N9*DP*28
N9*L1*25
N9*ZZ*14
N9*MB*0000000000
FOB*CC
SHD*0*0*CT
N1*BT*GARDEN STATE GROWERS
N3*99 LOCUST GROVE ROAD
N4*PITTSTOWN*NJ*08867
N1*SN*EDISON
N3*1035 ROUTE 1 SOUTH
N4*EDISON*NJ*08837
CDD*RM*D*****1*EA**UCP*25.01*ICL*25.01*CALLA LILY TUSCANY 12IN
LIN**SK*929888*VP*929888
SE*19*000006125
ST*812*000006126
BCD*20100719*009464084*O*500*D**0000000000******ST*946
N9*VR*000297831
N9*RZ*CONSIGNMENT MERCH
N9*DP*28
N9*L1*25
N9*ZZ*14
N9*MB*0000000000
FOB*CC
SHD*0*0*CT
N1*BT*GARDEN STATE GROWERS
N3*99 LOCUST GROVE ROAD
N4*PITTSTOWN*NJ*08867
N1*SN*VINELAND
N3*3849 SOUTH DELSEA DR
N4*VINELAND*NJ*08360
CDD*RM*D*****1*EA**UCP*5*ICL*5*VIGORO #1 GALLON PERENNIAL- GSG
LIN**SK*998942*VP*998942
SE*19*000006126
ST*812*000006127
BCD*20100719*009538841*O*535*D**0000000000******ST*953
N9*VR*000297831
N9*RZ*CONSIGNMENT MERCH
N9*DP*28
N9*L1*25
N9*ZZ*14
N9*MB*0000000000
FOB*CC
SHD*0*0*CT
N1*BT*GARDEN STATE GROWERS
N3*99 LOCUST GROVE ROAD
N4*PITTSTOWN*NJ*08867
N1*SN*HACKETTSTOWN
N3*2045 STATE ROUTE 57
N4*HACKETTSTOWN*NJ*07840
CDD*RM*D*****1*EA**UCP*5.35*ICL*5.35*ANNUAL PREM 8IN- KURTZ/GDN STATE
LIN**SK*577507*VP*577507
SE*19*000006127
ST*812*000006128
BCD*20100719*009541694*O*3000*D**0000000000******ST*954
N9*VR*000297831
N9*RZ*CONSIGNMENT MERCH
N9*DP*28
N9*L1*25
N9*ZZ*14
N9*MB*0000000000
FOB*CC
SHD*0*0*CT
N1*BT*GARDEN STATE GROWERS
N3*99 LOCUST GROVE ROAD
N4*PITTSTOWN*NJ*08867
N1*SN*UNION - RT 22
N3*930 SPRINGFIELD RD SOUTH
N4*UNION*NJ*07083
CDD*RM*D*****6*EA**UCP*5*ICL*30*VIGORO #1 GALLON PERENNIAL- GSG
LIN**SK*998942*VP*998942
SE*19*000006128
ST*812*000006129
BCD*20100719*009597774*O*625*D**0000000000******ST*959
N9*VR*000297831
N9*RZ*CONSIGNMENT MERCH
N9*DP*28
N9*L1*25
N9*ZZ*14
N9*MB*0000000000
FOB*CC
SHD*0*0*CT
N1*BT*GARDEN STATE GROWERS
N3*99 LOCUST GROVE ROAD
N4*PITTSTOWN*NJ*08867
N1*SN*PATERSON
N3*75 MCLEAN BLVD
N4*PATERSON*NJ*07514
CDD*RM*D*****1*EA**UCP*6.25*ICL*6.25*ANNUAL #208- GSG
LIN**SK*993563*VP*993563
SE*19*000006129
ST*812*000006130
BCD*20100719*009652820*O*1048*D**0000000000******ST*965
N9*VR*000297831
N9*RZ*CONSIGNMENT MERCH
N9*DP*28
N9*L1*25
N9*ZZ*14
N9*MB*0000000000
FOB*CC
SHD*0*0*CT
N1*BT*GARDEN STATE GROWERS
N3*99 LOCUST GROVE ROAD
N4*PITTSTOWN*NJ*08867
N1*SN*MONTVILLE
N3*79 ROUTE 46
N4*MONTVILLE*NJ*07045
CDD*RM*D*****1*EA**UCP*10.48*ICL*10.48*PERENNIAL COLOR POT 2G- GARDEN STATE
LIN**SK*928964*VP*928964
SE*19*000006130
ST*812*000006131
BCD*20100719*009770344*O*600*D**0000000000******ST*977
N9*VR*000297831
N9*RZ*CONSIGNMENT MERCH
N9*DP*28
N9*L1*25
N9*ZZ*14
N9*MB*0000000000
FOB*CC
SHD*0*0*CT
N1*BT*GARDEN STATE GROWERS
N3*99 LOCUST GROVE ROAD
N4*PITTSTOWN*NJ*08867
N1*SN*PARSIPPANY
N3*780 ROUTE 46 WEST
N4*PARSIPPANY*NJ*07054
CDD*RM*D*****1*EA**UCP*6*ICL*6*PERENNIAL 2G(5.56L)-GSG
LIN**SK*273593*VP*273593
SE*19*000006131
ST*812*000006132
BCD*20100719*009842876*O*439*D**0000000000******ST*984
N9*VR*000297831
N9*RZ*CONSIGNMENT MERCH
N9*DP*28
N9*L1*25
N9*ZZ*14
N9*MB*0000000000
FOB*CC
SHD*0*0*CT
N1*BT*GARDEN STATE GROWERS
N3*99 LOCUST GROVE ROAD
N4*PITTSTOWN*NJ*08867
N1*SN*NEWTON
N3*7 NORTH PARK DRIVE
N4*NEWTON*NJ*07860
CDD*RM*D*****1*EA**UCP*4.39*ICL*4.39*ANNUAL FLOWERING HANGING BASKET #10
LIN**SK*304840*VP*304840
SE*19*000006132
ST*812*000006133
BCD*20100719*069059848*O*1460*D**0000000000******ST*6905
N9*VR*000297831
N9*RZ*CONSIGNMENT MERCH
N9*DP*28
N9*L1*25
N9*ZZ*14
N9*MB*0000000000
FOB*CC
SHD*0*0*CT
N1*BT*GARDEN STATE GROWERS
N3*99 LOCUST GROVE ROAD
N4*PITTSTOWN*NJ*08867
N1*SN*VH-ELIZABETH
N3*977 W GRAND STREET
N4*ELIZABETH*NJ*07202
CDD*RM*D*****1*EA**UCP*2.3*ICL*2.3*CHRYSANTHEMUM 6.5IN HARDY MUM GS
LIN**SK*325330*VP*325330
CDD*RM*D*****6*EA**UCP*2.05*ICL*12.3*PANSY #6- GSG
LIN**SK*994586*VP*994586
SE*21*000006133
ST*812*000006134
BCD*20100719*084754912*O*1945*D**0000000000******ST*8475
N9*VR*000297831
N9*RZ*CONSIGNMENT MERCH
N9*DP*28
N9*L1*25
N9*ZZ*14
N9*MB*0000000000
FOB*CC
SHD*0*0*CT
N1*BT*GARDEN STATE GROWERS
N3*99 LOCUST GROVE ROAD
N4*PITTSTOWN*NJ*08867
N1*SN*NORTH BERGEN
N3*7605 TONNELLE AVENUE
N4*NORTH BERGEN*NJ*07047
CDD*RM*D*****1*EA**UCP*5.35*ICL*5.35*ANNUAL PREM 8IN- KURTZ/GDN STATE
LIN**SK*577507*VP*577507
CDD*RM*D*****1*EA**UCP*7.5*ICL*7.5*#2 GALLON PREMIUM PERENNIAL -GSG
LIN**SK*991946*VP*991946
CDD*RM*D*****1*EA**UCP*6.6*ICL*6.6*PROVEN WINNER #1 GAL PERENNIAL- GSG
LIN**SK*993464*VP*993464
SE*23*000006134
GE*23*268
IEA*1*000005138
ISA*00*          *00*          *14*0722717110100  *01*056021462      *100721*0310*|*00406*000005139*0*P*>
GS*PO*072271711*056021462*20100721*0310*4322*X*004060
ST*850*000079924
BEG*00*CN*01011552**20100721*0901011552
CUR*BY*USD
SAC*A*I170****3*.5*****02
DTM*038*20100723
N1*OB**92*0901
N3*902 MURRAY RD
N4*EAST HANOVER*NJ*07936
REF*DP*028
REF*3J*0003
REF*MR*0000071689
REF*AGL*DTS STORE
PO1*0001*2*EA*3.95**VP*272942*SK*272942*UP*008914620048
PID*F****PERENNIAL 1G(2.391L)-GSG
PO4**1*EA
PO1*0002*8*EA*6**VP*273593*SK*273593*UP*008914394444
PID*F****PERENNIAL 2G(5.56L)-GSG
PO4**1*EA
PO1*0003*23*EA*2.3**VP*325330*SK*325330*UP*008914350464
PID*F****CHRYSANTHEMUM 6.5IN HARDY MUM GS
PO4**1*EA
PO1*0004*5*EA*5**VP*845662*SK*845662*UP*008914008532
PID*F****PROVEN WINNER PERENNIAL #1 GSG
PO4**1*EA
PO1*0005*2*EA*6.2**VP*909463*SK*909463*UP*842276003022
PID*F****VIVA! ECHINACEA 2.6 QUART S6
PO4**1*EA
PO1*0006*1*EA*6.85**VP*930086*SK*930086*UP*008914769150
PID*F****TWICE AS NICE PERENNIAL 10IN
PO4**1*EA
PO1*0007*1*EA*9.25**VP*979982*SK*979982*UP*008914007535
PID*F****PERENNIAL 13IN CASTELLA
PO4**1*EA
PO1*0008*23*EA*7.5**VP*991946*SK*991946*UP*008914394994
PID*F****VIGORO #2 PREMIUM PERENNIAL
PO4**1*EA
PO1*0009*1*EA*3.95**VP*993431*SK*993431*UP*008914009461
PID*F****1 GAL LIRIOPE- GSG
PO4**1*EA
PO1*0010*32*EA*5**VP*998942*SK*998942*UP*008914620208
PID*F****VIGORO #1 GALLON PERENNIAL- GSG
PO4**1*EA
CTT*10*98
AMT*TT*702.74
SE*45*000079924
ST*850*000079925
BEG*00*CN*02043623**20100721*0902043623
CUR*BY*USD
SAC*A*I170****3*.5*****02
DTM*038*20100723
N1*OB**92*0902
N3*1900 SHORROCK RD
N4*LAKEWOOD*NJ*08701
REF*DP*028
REF*3J*0003
REF*MR*0000071689
REF*AGL*DTS STORE
PO1*0001*1*EA*3.95**VP*272942*SK*272942*UP*008914009157
PID*F****PERENNIAL 1G(2.391L)-GSG
PO4**1*EA
PO1*0002*1*EA*5**VP*845662*SK*845662*UP*008914008532
PID*F****PROVEN WINNER PERENNIAL #1 GSG
PO4**1*EA
PO1*0003*2*EA*6.2**VP*909463*SK*909463*UP*842276003022
PID*F****VIVA! ECHINACEA 2.6 QUART S6
PO4**1*EA
PO1*0004*4*EA*7.5**VP*991946*SK*991946*UP*008914394703
PID*F****VIGORO #2 PREMIUM PERENNIAL
PO4**1*EA
PO1*0005*1*EA*5.15**VP*992078*SK*992078*UP*008914008006
PID*F****306 PREMIUM GROUNDCOVER 6PK- GSG
PO4**1*EA
PO1*0006*1*EA*3.95**VP*993431*SK*993431*UP*008914009461
PID*F****1 GAL LIRIOPE- GSG
PO4**1*EA
PO1*0007*17*EA*5**VP*998942*SK*998942*UP*008914620383
PID*F****VIGORO #1 GALLON PERENNIAL- GSG
PO4**1*EA
CTT*7*27
AMT*TT*202.4
SE*36*000079925
ST*850*000079926
BEG*00*CN*03080747**20100721*0903080747
CUR*BY*USD
SAC*A*I170****3*.5*****02
DTM*038*20100723
N1*OB**92*0903
N3*3100 HAMILTON BLVD
N4*SOUTH PLAINFIELD*NJ*07080
REF*DP*028
REF*3J*0003
REF*MR*0000071689
REF*AGL*DTS STORE
PO1*0001*1*EA*3.95**VP*272942*SK*272942*UP*008914620048
PID*F****PERENNIAL 1G(2.391L)-GSG
PO4**1*EA
PO1*0002*2*EA*6.85**VP*930086*SK*930086*UP*008914769150
PID*F****TWICE AS NICE PERENNIAL 10IN
PO4**1*EA
PO1*0003*4*EA*7.5**VP*991946*SK*991946*UP*008914394994
PID*F****VIGORO #2 PREMIUM PERENNIAL
PO4**1*EA
PO1*0004*5*EA*5**VP*998942*SK*998942*UP*008914620208
PID*F****VIGORO #1 GALLON PERENNIAL- GSG
PO4**1*EA
CTT*4*12
AMT*TT*100.69
SE*27*000079926
ST*850*000079927
BEG*00*CN*07015321**20100721*0907015321
CUR*BY*USD
SAC*A*I170****3*.5*****02
DTM*038*20100723
N1*OB**92*0907
N3*310 STATE HWY 36 STE 100
N4*WEST LONG BRANCH*NJ*07764
REF*DP*028
REF*3J*0003
REF*MR*0000071689
REF*AGL*DTS STORE
PO1*0001*3*EA*3.95**VP*993431*SK*993431*UP*008914009461
PID*F****1 GAL LIRIOPE- GSG
PO4**1*EA
PO1*0002*19*EA*5**VP*998942*SK*998942*UP*008914620208
PID*F****VIGORO #1 GALLON PERENNIAL- GSG
PO4**1*EA
CTT*2*22
AMT*TT*150.53
SE*21*000079927
ST*850*000079928
BEG*00*CN*08084070**20100721*0908084070
CUR*BY*USD
SAC*A*I170****3*.5*****02
DTM*038*20100723
N1*OB**92*0908
N3*955 BLOOMFIELD AVE
N4*CLIFTON*NJ*07012
REF*DP*028
REF*3J*0003
REF*MR*0000071689
REF*AGL*DTS STORE
PO1*0001*3*EA*3.95**VP*272942*SK*272942*UP*008914009157
PID*F****PERENNIAL 1G(2.391L)-GSG
PO4**1*EA
PO1*0002*4*EA*6**VP*273593*SK*273593*UP*008914394277
PID*F****PERENNIAL 2G(5.56L)-GSG
PO4**1*EA
PO1*0003*16*EA*2.3**VP*325330*SK*325330*UP*008914350464
PID*F****CHRYSANTHEMUM 6.5IN HARDY MUM GS
PO4**1*EA
PO1*0004*3*EA*5**VP*845662*SK*845662*UP*008914008532
PID*F****PROVEN WINNER PERENNIAL #1 GSG
PO4**1*EA
PO1*0005*2*EA*6.85**VP*930086*SK*930086*UP*008914769150
PID*F****TWICE AS NICE PERENNIAL 10IN
PO4**1*EA
PO1*0006*7*EA*7.5**VP*991946*SK*991946*UP*008914394994
PID*F****VIGORO #2 PREMIUM PERENNIAL
PO4**1*EA
PO1*0007*7*EA*5**VP*998942*SK*998942*UP*008914008938
PID*F****VIGORO #1 GALLON PERENNIAL- GSG
PO4**1*EA
CTT*7*42
AMT*TT*270.6
SE*36*000079928
ST*850*000079929
BEG*00*CN*09022705**20100721*0909022705
CUR*BY*USD
SAC*A*I170****3*.5*****02
DTM*038*20100723
N1*OB**92*0909
N3*281 ROUTE 10 STE 04
N4*SUCCASUNNA*NJ*07876
REF*DP*028
REF*3J*0003
REF*MR*0000071689
REF*AGL*DTS STORE
PO1*0001*1*EA*6**VP*273593*SK*273593*UP*008914394277
PID*F****PERENNIAL 2G(5.56L)-GSG
PO4**1*EA
PO1*0002*2*EA*6.2**VP*909463*SK*909463*UP*842276003022
PID*F****VIVA! ECHINACEA 2.6 QUART S6
PO4**1*EA
PO1*0003*1*EA*6.85**VP*930086*SK*930086*UP*008914769150
PID*F****TWICE AS NICE PERENNIAL 10IN
PO4**1*EA
PO1*0004*2*EA*7.5**VP*991946*SK*991946*UP*008914394994
PID*F****VIGORO #2 PREMIUM PERENNIAL
PO4**1*EA
PO1*0005*8*EA*3.95**VP*993431*SK*993431*UP*008914009461
PID*F****1 GAL LIRIOPE- GSG
PO4**1*EA
PO1*0006*13*EA*5**VP*998942*SK*998942*UP*008914009102
PID*F****VIGORO #1 GALLON PERENNIAL- GSG
PO4**1*EA
CTT*6*27
AMT*TT*196.34
SE*33*000079929
ST*850*000079930
BEG*00*CN*10078889**20100721*0910078889
CUR*BY*USD
SAC*A*I170****3*.5*****02
DTM*038*20100723
N1*OB**92*0910
N3*1055 PATERSON PLANK RD
N4*SECAUCUS*NJ*07094
REF*DP*028
REF*3J*0003
REF*MR*0000071689
REF*AGL*DTS STORE
PO1*0001*2*EA*10.75**VP*305217*SK*305217*UP*008914722124
PID*F****PREMIUM CASABELLA HANGING BASKET #12
PO4**1*EA
PO1*0002*17*EA*2.3**VP*325330*SK*325330*UP*008914350464
PID*F****CHRYSANTHEMUM 6.5IN HARDY MUM GS
PO4**1*EA
PO1*0003*3*EA*5.35**VP*577507*SK*577507*UP*008914782234
PID*F****ANNUAL PREM 8IN- KURTZ/GDN STATE
PO4**1*EA
PO1*0004*1*EA*5.7**VP*909364*SK*909364*UP*842276002889
PID*F****VIVA! COLEUS HENNA 2.6QT S6
PO4**1*EA
PO1*0005*3*EA*6.2**VP*909463*SK*909463*UP*842276003022
PID*F****VIVA! ECHINACEA 2.6 QUART S6
PO4**1*EA
PO1*0006*1*EA*6.85**VP*930086*SK*930086*UP*008914769150
PID*F****TWICE AS NICE PERENNIAL 10IN
PO4**1*EA
PO1*0007*1*EA*7.1**VP*930251*SK*930251*UP*008914007504
PID*F****ANNUAL TRIO 13IN
PO4**1*EA
PO1*0008*2*EA*7.5**VP*991946*SK*991946*UP*008914394994
PID*F****VIGORO #2 PREMIUM PERENNIAL
PO4**1*EA
PO1*0009*1*EA*2.05**VP*994586*SK*994586*UP*008914707237
PID*F****PANSY #6- GSG
PO4**1*EA
PO1*0010*7*EA*5**VP*998942*SK*998942*UP*008914008938
PID*F****VIGORO #1 GALLON PERENNIAL- GSG
PO4**1*EA
CTT*10*38
AMT*TT*237.48
SE*45*000079930
ST*850*000079931
BEG*00*CN*12029194**20100721*0912029194
CUR*BY*USD
SAC*A*I170****3*.5*****02
DTM*038*20100723
N1*OB**92*0912
N3*1722 ROUTE 88
N4*BRICK*NJ*08724
REF*DP*028
REF*3J*0003
REF*MR*0000071689
REF*AGL*DTS STORE
PO1*0001*2*EA*3.95**VP*272942*SK*272942*UP*008914620048
PID*F****PERENNIAL 1G(2.391L)-GSG
PO4**1*EA
PO1*0002*7*EA*6**VP*273593*SK*273593*UP*008914393997
PID*F****PERENNIAL 2G(5.56L)-GSG
PO4**1*EA
PO1*0003*1*EA*6.85**VP*930086*SK*930086*UP*008914769198
PID*F****TWICE AS NICE PERENNIAL 10IN
PO4**1*EA
PO1*0004*1*EA*9.25**VP*979982*SK*979982*UP*008914007535
PID*F****PERENNIAL 13IN CASTELLA
PO4**1*EA
PO1*0005*17*EA*7.5**VP*991946*SK*991946*UP*008914394994
PID*F****VIGORO #2 PREMIUM PERENNIAL
PO4**1*EA
PO1*0006*15*EA*5**VP*998942*SK*998942*UP*008914620208
PID*F****VIGORO #1 GALLON PERENNIAL- GSG
PO4**1*EA
CTT*6*43
AMT*TT*378.87
SE*33*000079931
ST*850*000079932
BEG*00*CN*14027863**20100721*0914027863
CUR*BY*USD
SAC*A*I170****3*.5*****02
DTM*038*20100723
N1*OB**92*0914
N3*1200 NIXON DR
N4*MOUNT LAUREL*NJ*08054
REF*DP*028
REF*3J*0003
REF*MR*0000071689
REF*AGL*DTS STORE
PO1*0001*2*EA*6**VP*273593*SK*273593*UP*008914394277
PID*F****PERENNIAL 2G(5.56L)-GSG
PO4**1*EA
PO1*0002*1*EA*6.2**VP*909463*SK*909463*UP*842276003022
PID*F****VIVA! ECHINACEA 2.6 QUART S6
PO4**1*EA
PO1*0003*3*EA*7.5**VP*991946*SK*991946*UP*008914394994
PID*F****VIGORO #2 PREMIUM PERENNIAL
PO4**1*EA
PO1*0004*13*EA*5**VP*998942*SK*998942*UP*008914620208
PID*F****VIGORO #1 GALLON PERENNIAL- GSG
PO4**1*EA
CTT*4*19
AMT*TT*149.57
SE*27*000079932
ST*850*000079933
BEG*00*CN*15044672**20100721*0915044672
CUR*BY*USD
SAC*A*I170****3*.5*****02
DTM*038*20100723
N1*OB**92*0915
N3*2445 SPRINGFIELD AVE
N4*VAUXHALL*NJ*07088
REF*DP*028
REF*3J*0003
REF*MR*0000071689
REF*AGL*DTS STORE
PO1*0001*2*EA*6.25**VP*130845*SK*130845*UP*008914701082
PID*F****9PACK IMPATIEN
PO4**1*EA
PO1*0002*11*EA*3.95**VP*272942*SK*272942*UP*008914009157
PID*F****PERENNIAL 1G(2.391L)-GSG
PO4**1*EA
PO1*0003*9*EA*6**VP*273593*SK*273593*UP*008914394277
PID*F****PERENNIAL 2G(5.56L)-GSG
PO4**1*EA
PO1*0004*2*EA*2.81**VP*313099*SK*313099*UP*033383933016
PID*F****VIGORO SELECT ANNUAL #4.33
PO4**1*EA
PO1*0005*6*EA*7.4**VP*313520*SK*313520*UP*008914008129
PID*F****HALF FLAT GROUNDCOVER
PO4**1*EA
PO1*0006*3*EA*5.7**VP*314822*SK*314822*UP*842276000892
PID*F****VIVA! SUNPATIENS 2.5QT S6
PO4**1*EA
PO1*0007*56*EA*2.3**VP*325330*SK*325330*UP*008914350464
PID*F****CHRYSANTHEMUM 6.5IN HARDY MUM GS
PO4**1*EA
PO1*0008*2*EA*4.4**VP*396702*SK*396702*UP*008914393423
PID*F****PERENNIAL 4IN
PO4**1*EA
PO1*0009*10*EA*4.9**VP*456333*SK*456333*UP*048834711174
PID*F**** VIGORO SELECT GALLON ANNUAL
PO4**1*EA
PO1*0010*37*EA*5.35**VP*577507*SK*577507*UP*008914782234
PID*F****ANNUAL PREM 8IN- KURTZ/GDN STATE
PO4**1*EA
PO1*0011*1*EA*1.77**VP*769529*SK*769529*UP*894873001086
PID*F****WEATHER TOUGH ACCENT PLANT PINT
PO4**1*EA
PO1*0012*1*EA*6.53**VP*793230*SK*793230*UP*008914006118
PID*F****PREM ANNUAL FLOWERING HANGING BASKET
PO4**1*EA
PO1*0013*10*EA*5**VP*845662*SK*845662*UP*008914008532
PID*F****PROVEN WINNER PERENNIAL #1 GSG
PO4**1*EA
PO1*0014*4*EA*2.84**VP*929657*SK*929657*UP*008914702270
PID*F****PREM ANNUAL QT
PO4**1*EA
PO1*0015*1*EA*10.99**VP*930152*SK*930152*UP*008914398114
PID*F****BISCOTTI TALL ANNUAL PLANTER 10IN
PO4**1*EA
PO1*0016*3*EA*7.1**VP*930251*SK*930251*UP*008914007504
PID*F****ANNUAL TRIO 13IN
PO4**1*EA
PO1*0017*1*EA*9.1**VP*930647*SK*930647*UP*008914722179
PID*F****DEVA ANNAUL BOWL 12IN
PO4**1*EA
PO1*0018*2*EA*14.25**VP*930680*SK*930680*UP*008914007511
PID*F****VALLEY ANNUAL PLATNER 13IN
PO4**1*EA
PO1*0019*2*EA*9.25**VP*979982*SK*979982*UP*008914007535
PID*F****PERENNIAL 13IN CASTELLA
PO4**1*EA
PO1*0020*15*EA*7.5**VP*991946*SK*991946*UP*008914394994
PID*F****VIGORO #2 PREMIUM PERENNIAL
PO4**1*EA
PO1*0021*4*EA*5.15**VP*992078*SK*992078*UP*008914008402
PID*F****306 PREMIUM GROUNDCOVER 6PK- GSG
PO4**1*EA
PO1*0022*9*EA*3.95**VP*993431*SK*993431*UP*008914009461
PID*F****1 GAL LIRIOPE- GSG
PO4**1*EA
PO1*0023*4*EA*6.6**VP*993464*SK*993464*UP*008914006262
PID*F****PROVEN WINNER #1 GAL PERENNIAL- GSG
PO4**1*EA
PO1*0024*23*EA*6.25**VP*993563*SK*993563*UP*008914006293
PID*F****ANNUAL #208- GSG
PO4**1*EA
PO1*0025*9*EA*2.09**VP*994916*SK*994916*UP*008914006316
PID*F****ANNUAL #6.5- GSG
PO4**1*EA
PO1*0026*1*EA*10.6**VP*996236*SK*996236*UP*008914722100
PID*F****SUNPATIENS HB #12- GSG
PO4**1*EA
PO1*0027*56*EA*5**VP*998942*SK*998942*UP*008914008938
PID*F****VIGORO #1 GALLON PERENNIAL- GSG
PO4**1*EA
CTT*27*284
AMT*TT*1976.06
SE*96*000079933
ST*850*000079934
BEG*00*CN*16015248**20100721*0916015248
CUR*BY*USD
SAC*A*I170****3*.5*****02
DTM*038*20100723
N1*OB**92*0916
N3*373 ROUTE 9 SOUTH
N4*WOODBRIDGE*NJ*07095
REF*DP*028
REF*3J*0003
REF*MR*0000071689
REF*AGL*DTS STORE
PO1*0001*3*EA*6**VP*273593*SK*273593*UP*008914394444
PID*F****PERENNIAL 2G(5.56L)-GSG
PO4**1*EA
PO1*0002*4*EA*3.95**VP*993431*SK*993431*UP*008914009461
PID*F****1 GAL LIRIOPE- GSG
PO4**1*EA
PO1*0003*7*EA*5**VP*998942*SK*998942*UP*008914620208
PID*F****VIGORO #1 GALLON PERENNIAL- GSG
PO4**1*EA
CTT*3*14
AMT*TT*102.65
SE*24*000079934
ST*850*000079935
BEG*00*CN*17038492**20100721*0917038492
CUR*BY*USD
SAC*A*I170****3*.5*****02
DTM*038*20100723
N1*OB**92*0917
N3*310 WHITEHORSE PIKE*SUITE 1
N4*LAWNSIDE*NJ*08045
REF*DP*028
REF*3J*0003
REF*MR*0000071689
REF*AGL*DTS STORE
PO1*0001*3*EA*9.64**VP*176643*SK*176643*UP*008914009263
PID*F****CLEMATIS 1G (2.391L)
PO4**1*EA
PO1*0002*2*EA*6**VP*273593*SK*273593*UP*008914394277
PID*F****PERENNIAL 2G(5.56L)-GSG
PO4**1*EA
PO1*0003*2*EA*5**VP*845662*SK*845662*UP*008914008532
PID*F****PROVEN WINNER PERENNIAL #1 GSG
PO4**1*EA
PO1*0004*8*EA*6.2**VP*909463*SK*909463*UP*842276003022
PID*F****VIVA! ECHINACEA 2.6 QUART S6
PO4**1*EA
PO1*0005*1*EA*6.85**VP*930086*SK*930086*UP*008914769150
PID*F****TWICE AS NICE PERENNIAL 10IN
PO4**1*EA
PO1*0006*1*EA*7.5**VP*991946*SK*991946*UP*008914394994
PID*F****VIGORO #2 PREMIUM PERENNIAL
PO4**1*EA
PO1*0007*5*EA*5**VP*998942*SK*998942*UP*008914009102
PID*F****VIGORO #1 GALLON PERENNIAL- GSG
PO4**1*EA
CTT*7*22
AMT*TT*199.52
SE*36*000079935
ST*850*000079936
BEG*00*CN*18063692**20100721*0918063692
CUR*BY*USD
SAC*A*I170****3*.5*****02
DTM*038*20100723
N1*OB**92*0918
N3*401 SOUTH MAIN STREET
N4*MILLTOWN*NJ*08850
REF*DP*028
REF*3J*0003
REF*MR*0000071689
REF*AGL*DTS STORE
PO1*0001*3*EA*6**VP*273593*SK*273593*UP*008914394277
PID*F****PERENNIAL 2G(5.56L)-GSG
PO4**1*EA
PO1*0002*12*EA*5**VP*998942*SK*998942*UP*008914620208
PID*F****VIGORO #1 GALLON PERENNIAL- GSG
PO4**1*EA
CTT*2*15
AMT*TT*113.67
SE*21*000079936
ST*850*000079937
BEG*00*CN*19070554**20100721*0919070554
CUR*BY*USD
SAC*A*I170****3*.5*****02
DTM*038*20100723
N1*OB**92*0919
N3*106 ROUTE 23 NORTH
N4*RIVERDALE*NJ*07457
REF*DP*028
REF*3J*0003
REF*MR*0000071689
REF*AGL*DTS STORE
PO1*0001*13*EA*6**VP*273593*SK*273593*UP*008914394277
PID*F****PERENNIAL 2G(5.56L)-GSG
PO4**1*EA
PO1*0002*1*EA*5**VP*845662*SK*845662*UP*008914008532
PID*F****PROVEN WINNER PERENNIAL #1 GSG
PO4**1*EA
PO1*0003*5*EA*6.2**VP*909463*SK*909463*UP*842276003022
PID*F****VIVA! ECHINACEA 2.6 QUART S6
PO4**1*EA
PO1*0004*1*EA*6.85**VP*930086*SK*930086*UP*008914769150
PID*F****TWICE AS NICE PERENNIAL 10IN
PO4**1*EA
PO1*0005*28*EA*7.5**VP*991946*SK*991946*UP*008914394994
PID*F****VIGORO #2 PREMIUM PERENNIAL
PO4**1*EA
PO1*0006*3*EA*3.95**VP*993431*SK*993431*UP*008914009461
PID*F****1 GAL LIRIOPE- GSG
PO4**1*EA
PO1*0007*24*EA*5**VP*998942*SK*998942*UP*008914620208
PID*F****VIGORO #1 GALLON PERENNIAL- GSG
PO4**1*EA
CTT*7*75
AMT*TT*656.05
SE*36*000079937
ST*850*000079938
BEG*00*CN*20014325**20100721*0920014325
CUR*BY*USD
SAC*A*I170****3*.5*****02
DTM*038*20100723
N1*OB**92*0920
N3*1334 LAKEWOOD ROAD
N4*TOMS RIVER*NJ*08755
REF*DP*028
REF*3J*0003
REF*MR*0000071689
REF*AGL*DTS STORE
PO1*0001*3*EA*3.95**VP*272942*SK*272942*UP*008914009157
PID*F****PERENNIAL 1G(2.391L)-GSG
PO4**1*EA
PO1*0002*2*EA*5**VP*845662*SK*845662*UP*008914008532
PID*F****PROVEN WINNER PERENNIAL #1 GSG
PO4**1*EA
PO1*0003*7*EA*6.2**VP*909463*SK*909463*UP*842276003022
PID*F****VIVA! ECHINACEA 2.6 QUART S6
PO4**1*EA
PO1*0004*1*EA*6.85**VP*930086*SK*930086*UP*008914769150
PID*F****TWICE AS NICE PERENNIAL 10IN
PO4**1*EA
PO1*0005*17*EA*7.5**VP*991946*SK*991946*UP*008914394703
PID*F****VIGORO #2 PREMIUM PERENNIAL
PO4**1*EA
PO1*0006*9*EA*5**VP*998942*SK*998942*UP*008914009102
PID*F****VIGORO #1 GALLON PERENNIAL- GSG
PO4**1*EA
CTT*6*39
AMT*TT*337.01
SE*33*000079938
ST*850*000079939
BEG*00*CN*21028953**20100721*0921028953
CUR*BY*USD
SAC*A*I170****3*.5*****02
DTM*038*20100723
N1*OB**92*0921
N3*701 NASSAU PARK BLVD
N4*PRINCETON*NJ*08540
REF*DP*028
REF*3J*0003
REF*MR*0000071689
REF*AGL*DTS STORE
PO1*0001*2*EA*5.7**VP*214999*SK*214999*UP*842276002452
PID*F****VIVA! PENNISETUM FIREWORKS 2.6QT S3
PO4**1*EA
PO1*0002*13*EA*3.95**VP*272942*SK*272942*UP*008914008570
PID*F****PERENNIAL 1G(2.391L)-GSG
PO4**1*EA
PO1*0003*17*EA*5**VP*845662*SK*845662*UP*008914008532
PID*F****PROVEN WINNER PERENNIAL #1 GSG
PO4**1*EA
PO1*0004*1*EA*6.2**VP*909463*SK*909463*UP*842276003022
PID*F****VIVA! ECHINACEA 2.6 QUART S6
PO4**1*EA
PO1*0005*3*EA*6.85**VP*930086*SK*930086*UP*008914769150
PID*F****TWICE AS NICE PERENNIAL 10IN
PO4**1*EA
PO1*0006*1*EA*7.5**VP*991946*SK*991946*UP*008914394994
PID*F****VIGORO #2 PREMIUM PERENNIAL
PO4**1*EA
PO1*0007*2*EA*3.95**VP*993431*SK*993431*UP*008914009461
PID*F****1 GAL LIRIOPE- GSG
PO4**1*EA
PO1*0008*28*EA*5**VP*998942*SK*998942*UP*008914620208
PID*F****VIGORO #1 GALLON PERENNIAL- GSG
PO4**1*EA
CTT*8*67
AMT*TT*468.49
SE*39*000079939
ST*850*000079940
BEG*00*CN*25078413**20100721*0925078413
CUR*BY*USD
SAC*A*I170****3*.5*****02
DTM*038*20100723
N1*OB**92*0925
N3*530 MT PLEASANT AVE
N4*DOVER*NJ*07801
REF*DP*028
REF*3J*0003
REF*MR*0000071689
REF*AGL*DTS STORE
PO1*0001*1*EA*3.95**VP*272942*SK*272942*UP*008914008570
PID*F****PERENNIAL 1G(2.391L)-GSG
PO4**1*EA
PO1*0002*2*EA*6**VP*273593*SK*273593*UP*008914394444
PID*F****PERENNIAL 2G(5.56L)-GSG
PO4**1*EA
PO1*0003*2*EA*5**VP*845662*SK*845662*UP*008914008532
PID*F****PROVEN WINNER PERENNIAL #1 GSG
PO4**1*EA
PO1*0004*4*EA*6.2**VP*909463*SK*909463*UP*842276003022
PID*F****VIVA! ECHINACEA 2.6 QUART S6
PO4**1*EA
PO1*0005*1*EA*6.85**VP*930086*SK*930086*UP*008914769150
PID*F****TWICE AS NICE PERENNIAL 10IN
PO4**1*EA
PO1*0006*13*EA*7.5**VP*991946*SK*991946*UP*008914394703
PID*F****VIGORO #2 PREMIUM PERENNIAL
PO4**1*EA
PO1*0007*2*EA*3.95**VP*993431*SK*993431*UP*008914009461
PID*F****1 GAL LIRIOPE- GSG
PO4**1*EA
PO1*0008*17*EA*5**VP*998942*SK*998942*UP*008914620208
PID*F****VIGORO #1 GALLON PERENNIAL- GSG
PO4**1*EA
CTT*8*42
AMT*TT*345.97
SE*39*000079940
ST*850*000079941
BEG*00*CN*26072523**20100721*0926072523
CUR*BY*USD
SAC*A*I170****3*.5*****02
DTM*038*20100723
N1*OB**92*0926
N3*3700 HIGHWAY 35
N4*HAZLET*NJ*07730
REF*DP*028
REF*3J*0003
REF*MR*0000071689
REF*AGL*DTS STORE
PO1*0001*3*EA*3.95**VP*272942*SK*272942*UP*008914008570
PID*F****PERENNIAL 1G(2.391L)-GSG
PO4**1*EA
PO1*0002*7*EA*6**VP*273593*SK*273593*UP*008914394277
PID*F****PERENNIAL 2G(5.56L)-GSG
PO4**1*EA
PO1*0003*1*EA*7.4**VP*313520*SK*313520*UP*008914008129
PID*F****HALF FLAT GROUNDCOVER
PO4**1*EA
PO1*0004*2*EA*5**VP*845662*SK*845662*UP*008914008532
PID*F****PROVEN WINNER PERENNIAL #1 GSG
PO4**1*EA
PO1*0005*16*EA*7.5**VP*991946*SK*991946*UP*008914394994
PID*F****VIGORO #2 PREMIUM PERENNIAL
PO4**1*EA
PO1*0006*1*EA*3.95**VP*993431*SK*993431*UP*008914009461
PID*F****1 GAL LIRIOPE- GSG
PO4**1*EA
PO1*0007*10*EA*5**VP*998942*SK*998942*UP*008914620208
PID*F****VIGORO #1 GALLON PERENNIAL- GSG
PO4**1*EA
CTT*7*40
AMT*TT*348.92
SE*36*000079941
ST*850*000079942
BEG*00*CN*27098670**20100721*0927098670
CUR*BY*USD
SAC*A*I170****3*.5*****02
DTM*038*20100723
N1*OB**92*0927
N3*750 HIGHWAY RT 130
N4*ROBBINSVILLE*NJ*08691
REF*DP*028
REF*3J*0003
REF*MR*0000071689
REF*AGL*DTS STORE
PO1*0001*2*EA*3.95**VP*272942*SK*272942*UP*008914008839
PID*F****PERENNIAL 1G(2.391L)-GSG
PO4**1*EA
PO1*0002*2*EA*5.7**VP*500809*SK*500809*UP*842276002483
PID*F****VIVA! PENNISETUM FIREWORKS 2.6QT S6
PO4**1*EA
PO1*0003*1*EA*6.2**VP*909463*SK*909463*UP*842276003022
PID*F****VIVA! ECHINACEA 2.6 QUART S6
PO4**1*EA
PO1*0004*2*EA*7.5**VP*991946*SK*991946*UP*008914394703
PID*F****VIGORO #2 PREMIUM PERENNIAL
PO4**1*EA
PO1*0005*2*EA*5.15**VP*992078*SK*992078*UP*008914008006
PID*F****306 PREMIUM GROUNDCOVER 6PK- GSG
PO4**1*EA
PO1*0006*2*EA*3.95**VP*993431*SK*993431*UP*008914009461
PID*F****1 GAL LIRIOPE- GSG
PO4**1*EA
PO1*0007*9*EA*5**VP*998942*SK*998942*UP*008914009102
PID*F****VIGORO #1 GALLON PERENNIAL- GSG
PO4**1*EA
CTT*7*20
AMT*TT*145.56
SE*36*000079942
ST*850*000079943
BEG*00*CN*28040845**20100721*0928040845
CUR*BY*USD
SAC*A*I170****3*.5*****02
DTM*038*20100723
N1*OB**92*0928
N3*60 ORANGE ST
N4*BLOOMFIELD*NJ*07003
REF*DP*028
REF*3J*0003
REF*MR*0000071689
REF*AGL*DTS STORE
PO1*0001*2*EA*6**VP*273593*SK*273593*UP*008914394277
PID*F****PERENNIAL 2G(5.56L)-GSG
PO4**1*EA
PO1*0002*1*EA*10.75**VP*305217*SK*305217*UP*008914722124
PID*F****PREMIUM CASABELLA HANGING BASKET #12
PO4**1*EA
PO1*0003*27*EA*2.3**VP*325330*SK*325330*UP*008914350464
PID*F****CHRYSANTHEMUM 6.5IN HARDY MUM GS
PO4**1*EA
PO1*0004*2*EA*7.95**VP*380982*SK*380982*UP*008914305402
PID*F****AQUALOK ANNAUL HANGING BASKET 10IN
PO4**1*EA
PO1*0005*3*EA*4.4**VP*396702*SK*396702*UP*008914393423
PID*F****PERENNIAL 4IN
PO4**1*EA
PO1*0006*1*EA*14**VP*541726*SK*541726*UP*008914767712
PID*F****URBAN GARDENER TRELLIS
PO4**1*EA
PO1*0007*10*EA*5.35**VP*577507*SK*577507*UP*008914782234
PID*F****ANNUAL PREM 8IN- KURTZ/GDN STATE
PO4**1*EA
PO1*0008*1*EA*6.53**VP*793230*SK*793230*UP*008914006118
PID*F****PREM ANNUAL FLOWERING HANGING BASKET
PO4**1*EA
PO1*0009*2*EA*5.7**VP*909364*SK*909364*UP*842276002889
PID*F****VIVA! COLEUS HENNA 2.6QT S6
PO4**1*EA
PO1*0010*2*EA*6.2**VP*909463*SK*909463*UP*842276003022
PID*F****VIVA! ECHINACEA 2.6 QUART S6
PO4**1*EA
PO1*0011*1*EA*6.85**VP*930086*SK*930086*UP*008914769150
PID*F****TWICE AS NICE PERENNIAL 10IN
PO4**1*EA
PO1*0012*4*EA*9.1**VP*930647*SK*930647*UP*008914722179
PID*F****DEVA ANNAUL BOWL 12IN
PO4**1*EA
PO1*0013*11*EA*7.5**VP*991946*SK*991946*UP*008914394994
PID*F****VIGORO #2 PREMIUM PERENNIAL
PO4**1*EA
PO1*0014*2*EA*3.95**VP*993431*SK*993431*UP*008914009461
PID*F****1 GAL LIRIOPE- GSG
PO4**1*EA
PO1*0015*1*EA*6.25**VP*993563*SK*993563*UP*008914006293
PID*F****ANNUAL #208- GSG
PO4**1*EA
PO1*0016*8*EA*2.05**VP*994586*SK*994586*UP*008914308717
PID*F****PANSY #6- GSG
PO4**1*EA
PO1*0017*2*EA*2.09**VP*994916*SK*994916*UP*008914006316
PID*F****ANNUAL #6.5- GSG
PO4**1*EA
PO1*0018*14*EA*5**VP*998942*SK*998942*UP*008914008938
PID*F****VIGORO #1 GALLON PERENNIAL- GSG
PO4**1*EA
CTT*18*94
AMT*TT*629.77
SE*69*000079943
ST*850*000079944
BEG*00*CN*29041155**20100721*0929041155
CUR*BY*USD
SAC*A*I170****3*.5*****02
DTM*038*20100723
N1*OB**92*0929
N3*1370 HURFFVILLE RD
N4*DEPTFORD*NJ*08096
REF*DP*028
REF*3J*0003
REF*MR*0000071689
REF*AGL*DTS STORE
PO1*0001*2*EA*5**VP*845662*SK*845662*UP*008914008532
PID*F****PROVEN WINNER PERENNIAL #1 GSG
PO4**1*EA
PO1*0002*2*EA*7.5**VP*991946*SK*991946*UP*008914394994
PID*F****VIGORO #2 PREMIUM PERENNIAL
PO4**1*EA
PO1*0003*1*EA*3.95**VP*993431*SK*993431*UP*008914009461
PID*F****1 GAL LIRIOPE- GSG
PO4**1*EA
PO1*0004*8*EA*5**VP*998942*SK*998942*UP*008914009102
PID*F****VIGORO #1 GALLON PERENNIAL- GSG
PO4**1*EA
CTT*4*13
AMT*TT*95.71
SE*27*000079944
ST*850*000079945
BEG*00*CN*30020527**20100721*0930020527
CUR*BY*USD
SAC*A*I170****3*.5*****02
DTM*038*20100723
N1*OB**92*0930
N3*6 TOWER AVENUE
N4*EGG HARBOR TOWNSHP*NJ*08234
REF*DP*028
REF*3J*0003
REF*MR*0000071689
REF*AGL*DTS STORE
PO1*0001*2*EA*6**VP*273593*SK*273593*UP*008914394444
PID*F****PERENNIAL 2G(5.56L)-GSG
PO4**1*EA
PO1*0002*1*EA*6.2**VP*909463*SK*909463*UP*842276003022
PID*F****VIVA! ECHINACEA 2.6 QUART S6
PO4**1*EA
PO1*0003*1*EA*6.85**VP*930086*SK*930086*UP*008914769150
PID*F****TWICE AS NICE PERENNIAL 10IN
PO4**1*EA
PO1*0004*5*EA*7.5**VP*991946*SK*991946*UP*008914394703
PID*F****VIGORO #2 PREMIUM PERENNIAL
PO4**1*EA
PO1*0005*8*EA*3.95**VP*993431*SK*993431*UP*008914009461
PID*F****1 GAL LIRIOPE- GSG
PO4**1*EA
PO1*0006*26*EA*5**VP*998942*SK*998942*UP*008914009102
PID*F****VIGORO #1 GALLON PERENNIAL- GSG
PO4**1*EA
CTT*6*43
AMT*TT*317.98
SE*33*000079945
ST*850*000079946
BEG*00*CN*33037384**20100721*0933037384
CUR*BY*USD
SAC*A*I170****3*.5*****02
DTM*038*20100723
N1*OB**92*0933
N3*1990 ROUTE 9
N4*HOWELL*NJ*07731
REF*DP*028
REF*3J*0003
REF*MR*0000071689
REF*AGL*DTS STORE
PO1*0001*2*EA*6**VP*273593*SK*273593*UP*008914394444
PID*F****PERENNIAL 2G(5.56L)-GSG
PO4**1*EA
PO1*0002*1*EA*10.48**VP*928964*SK*928964*UP*008914395335
PID*F****PERENNIAL COLOR POT 2G- GARDEN STATE
PO4**1*EA
PO1*0003*2*EA*6.85**VP*930086*SK*930086*UP*008914769150
PID*F****TWICE AS NICE PERENNIAL 10IN
PO4**1*EA
PO1*0004*2*EA*9.25**VP*979982*SK*979982*UP*008914007535
PID*F****PERENNIAL 13IN CASTELLA
PO4**1*EA
PO1*0005*1*EA*7.5**VP*991946*SK*991946*UP*008914394994
PID*F****VIGORO #2 PREMIUM PERENNIAL
PO4**1*EA
PO1*0006*9*EA*5**VP*998942*SK*998942*UP*008914620208
PID*F****VIGORO #1 GALLON PERENNIAL- GSG
PO4**1*EA
CTT*6*17
AMT*TT*153.61
SE*33*000079946
ST*850*000079947
BEG*00*CN*34035727**20100721*0934035727
CUR*BY*USD
SAC*A*I170****3*.5*****02
DTM*038*20100723
N1*OB**92*0934
N3*701 WEST EDGAR ROAD
N4*LINDEN*NJ*07036
REF*DP*028
REF*3J*0003
REF*MR*0000071689
REF*AGL*DTS STORE
PO1*0001*1*EA*3.95**VP*272942*SK*272942*UP*008914008839
PID*F****PERENNIAL 1G(2.391L)-GSG
PO4**1*EA
PO1*0002*2*EA*6**VP*273593*SK*273593*UP*008914394444
PID*F****PERENNIAL 2G(5.56L)-GSG
PO4**1*EA
PO1*0003*1*EA*10.75**VP*305217*SK*305217*UP*008914722124
PID*F****PREMIUM CASABELLA HANGING BASKET #12
PO4**1*EA
PO1*0004*13*EA*2.81**VP*313099*SK*313099*UP*033383933016
PID*F****VIGORO SELECT ANNUAL #4.33
PO4**1*EA
PO1*0005*3*EA*5.7**VP*314822*SK*314822*UP*842276000892
PID*F****VIVA! SUNPATIENS 2.5QT S6
PO4**1*EA
PO1*0006*22*EA*2.3**VP*325330*SK*325330*UP*008914350464
PID*F****CHRYSANTHEMUM 6.5IN HARDY MUM GS
PO4**1*EA
PO1*0007*1*EA*4.9**VP*456333*SK*456333*UP*048834711174
PID*F**** VIGORO SELECT GALLON ANNUAL
PO4**1*EA
PO1*0008*9*EA*5.35**VP*577507*SK*577507*UP*008914782234
PID*F****ANNUAL PREM 8IN- KURTZ/GDN STATE
PO4**1*EA
PO1*0009*3*EA*1.77**VP*769529*SK*769529*UP*894873001086
PID*F****WEATHER TOUGH ACCENT PLANT PINT
PO4**1*EA
PO1*0010*2*EA*6.85**VP*930086*SK*930086*UP*008914769150
PID*F****TWICE AS NICE PERENNIAL 10IN
PO4**1*EA
PO1*0011*2*EA*3.95**VP*993431*SK*993431*UP*008914009461
PID*F****1 GAL LIRIOPE- GSG
PO4**1*EA
PO1*0012*18*EA*2.05**VP*994586*SK*994586*UP*008914707237
PID*F****PANSY #6- GSG
PO4**1*EA
PO1*0013*1*EA*2.09**VP*994916*SK*994916*UP*008914006316
PID*F****ANNUAL #6.5- GSG
PO4**1*EA
PO1*0014*13*EA*5**VP*998942*SK*998942*UP*008914008938
PID*F****VIGORO #1 GALLON PERENNIAL- GSG
PO4**1*EA
CTT*14*91
AMT*TT*463.3
SE*57*000079947
ST*850*000079948
BEG*00*CN*35079667**20100721*0935079667
CUR*BY*USD
SAC*A*I170****3*.5*****02
DTM*038*20100723
N1*OB**92*0935
N3*440 ROUTE 440
N4*JERSEY CITY*NJ*07302
REF*DP*028
REF*3J*0003
REF*MR*0000071689
REF*AGL*DTS STORE
PO1*0001*1*EA*7.4**VP*313520*SK*313520*UP*008914008129
PID*F****HALF FLAT GROUNDCOVER
PO4**1*EA
PO1*0002*4*EA*5.7**VP*314822*SK*314822*UP*842276000892
PID*F****VIVA! SUNPATIENS 2.5QT S6
PO4**1*EA
PO1*0003*11*EA*2.3**VP*325330*SK*325330*UP*008914350464
PID*F****CHRYSANTHEMUM 6.5IN HARDY MUM GS
PO4**1*EA
PO1*0004*8*EA*5.35**VP*577507*SK*577507*UP*008914782234
PID*F****ANNUAL PREM 8IN- KURTZ/GDN STATE
PO4**1*EA
PO1*0005*2*EA*1.77**VP*769529*SK*769529*UP*894873001086
PID*F****WEATHER TOUGH ACCENT PLANT PINT
PO4**1*EA
PO1*0006*1*EA*6.53**VP*793230*SK*793230*UP*008914006118
PID*F****PREM ANNUAL FLOWERING HANGING BASKET
PO4**1*EA
PO1*0007*6*EA*5.7**VP*909364*SK*909364*UP*842276002889
PID*F****VIVA! COLEUS HENNA 2.6QT S6
PO4**1*EA
PO1*0008*3*EA*6.2**VP*909463*SK*909463*UP*842276003022
PID*F****VIVA! ECHINACEA 2.6 QUART S6
PO4**1*EA
PO1*0009*1*EA*6.85**VP*930086*SK*930086*UP*008914769150
PID*F****TWICE AS NICE PERENNIAL 10IN
PO4**1*EA
PO1*0010*2*EA*7.5**VP*991946*SK*991946*UP*008914394703
PID*F****VIGORO #2 PREMIUM PERENNIAL
PO4**1*EA
PO1*0011*2*EA*3.95**VP*993431*SK*993431*UP*008914009461
PID*F****1 GAL LIRIOPE- GSG
PO4**1*EA
PO1*0012*1*EA*6.6**VP*993464*SK*993464*UP*008914006262
PID*F****PROVEN WINNER #1 GAL PERENNIAL- GSG
PO4**1*EA
PO1*0013*20*EA*2.05**VP*994586*SK*994586*UP*008914707237
PID*F****PANSY #6- GSG
PO4**1*EA
PO1*0014*1*EA*2.09**VP*994916*SK*994916*UP*008914006316
PID*F****ANNUAL #6.5- GSG
PO4**1*EA
PO1*0015*5*EA*5**VP*998942*SK*998942*UP*008914620208
PID*F****VIGORO #1 GALLON PERENNIAL- GSG
PO4**1*EA
CTT*15*68
AMT*TT*391.8
SE*60*000079948
ST*850*000079949
BEG*00*CN*39074382**20100721*0939074382
CUR*BY*USD
SAC*A*I170****3*.5*****02
DTM*038*20100723
N1*OB**92*0939
N3*2703 BURLINGTON MT HOLLY*RD RT 541
N4*WESTAMPTON*NJ*08060
REF*DP*028
REF*3J*0003
REF*MR*0000071689
REF*AGL*DTS STORE
PO1*0001*1*EA*9.64**VP*176643*SK*176643*UP*008914009263
PID*F****CLEMATIS 1G (2.391L)
PO4**1*EA
PO1*0002*1*EA*3.95**VP*272942*SK*272942*UP*008914008839
PID*F****PERENNIAL 1G(2.391L)-GSG
PO4**1*EA
PO1*0003*9*EA*6.2**VP*909463*SK*909463*UP*842276003022
PID*F****VIVA! ECHINACEA 2.6 QUART S6
PO4**1*EA
PO1*0004*3*EA*9.25**VP*979982*SK*979982*UP*008914007535
PID*F****PERENNIAL 13IN CASTELLA
PO4**1*EA
PO1*0005*3*EA*7.5**VP*991946*SK*991946*UP*008914394703
PID*F****VIGORO #2 PREMIUM PERENNIAL
PO4**1*EA
PO1*0006*2*EA*3.95**VP*993431*SK*993431*UP*008914009461
PID*F****1 GAL LIRIOPE- GSG
PO4**1*EA
PO1*0007*15*EA*5**VP*998942*SK*998942*UP*008914620208
PID*F****VIGORO #1 GALLON PERENNIAL- GSG
PO4**1*EA
CTT*7*34
AMT*TT*285.26
SE*36*000079949
ST*850*000079950
BEG*00*CN*40073573**20100721*0940073573
CUR*BY*USD
SAC*A*I170****3*.5*****02
DTM*038*20100723
N1*OB**92*0940
N3*116 WALKER AVENUE
N4*WEST BERLIN*NJ*08091
REF*DP*028
REF*3J*0003
REF*MR*0000071689
REF*AGL*DTS STORE
PO1*0001*1*EA*9.64**VP*176643*SK*176643*UP*008914009263
PID*F****CLEMATIS 1G (2.391L)
PO4**1*EA
PO1*0002*5*EA*6**VP*273593*SK*273593*UP*008914394444
PID*F****PERENNIAL 2G(5.56L)-GSG
PO4**1*EA
PO1*0003*15*EA*7.4**VP*313520*SK*313520*UP*008914008129
PID*F****HALF FLAT GROUNDCOVER
PO4**1*EA
PO1*0004*3*EA*5**VP*845662*SK*845662*UP*008914008532
PID*F****PROVEN WINNER PERENNIAL #1 GSG
PO4**1*EA
PO1*0005*5*EA*6.85**VP*930086*SK*930086*UP*008914769150
PID*F****TWICE AS NICE PERENNIAL 10IN
PO4**1*EA
PO1*0006*2*EA*9.25**VP*979982*SK*979982*UP*008914007535
PID*F****PERENNIAL 13IN CASTELLA
PO4**1*EA
PO1*0007*8*EA*5**VP*998942*SK*998942*UP*008914620208
PID*F****VIGORO #1 GALLON PERENNIAL- GSG
PO4**1*EA
CTT*7*39
AMT*TT*394.97
SE*36*000079950
ST*850*000079951
BEG*00*CN*42098966**20100721*0942098966
CUR*BY*USD
SAC*A*I170****3*.5*****02
DTM*038*20100723
N1*OB**92*0942
N3*2735 ROUTE 42
N4*SICKLERVILLE*NJ*08081
REF*DP*028
REF*3J*0003
REF*MR*0000071689
REF*AGL*DTS STORE
PO1*0001*1*EA*6**VP*273593*SK*273593*UP*008914394444
PID*F****PERENNIAL 2G(5.56L)-GSG
PO4**1*EA
PO1*0002*2*EA*2.43**VP*304419*SK*304419*UP*008914500005
PID*F****PERENNIAL 1QT
PO4**1*EA
PO1*0003*5*EA*5**VP*845662*SK*845662*UP*008914008532
PID*F****PROVEN WINNER PERENNIAL #1 GSG
PO4**1*EA
PO1*0004*2*EA*6.2**VP*909463*SK*909463*UP*842276003022
PID*F****VIVA! ECHINACEA 2.6 QUART S6
PO4**1*EA
PO1*0005*2*EA*7.5**VP*991946*SK*991946*UP*008914394703
PID*F****VIGORO #2 PREMIUM PERENNIAL
PO4**1*EA
PO1*0006*2*EA*3.95**VP*993431*SK*993431*UP*008914009461
PID*F****1 GAL LIRIOPE- GSG
PO4**1*EA
PO1*0007*13*EA*5**VP*998942*SK*998942*UP*008914009102
PID*F****VIGORO #1 GALLON PERENNIAL- GSG
PO4**1*EA
CTT*7*27
AMT*TT*192.83
SE*36*000079951
ST*850*000079952
BEG*00*CN*43018715**20100721*0943018715
CUR*BY*USD
SAC*A*I170****3*.5*****02
DTM*038*20100723
N1*OB**92*0943
N3*21 INDIAN TRAIL RD
N4*CAPE MAY CT HOUSE*NJ*08210
REF*DP*028
REF*3J*0003
REF*MR*0000071689
REF*AGL*DTS STORE
PO1*0001*4*EA*3.95**VP*272942*SK*272942*UP*008914008570
PID*F****PERENNIAL 1G(2.391L)-GSG
PO4**1*EA
PO1*0002*1*EA*6**VP*273593*SK*273593*UP*008914394277
PID*F****PERENNIAL 2G(5.56L)-GSG
PO4**1*EA
PO1*0003*5*EA*7.5**VP*991946*SK*991946*UP*008914394994
PID*F****VIGORO #2 PREMIUM PERENNIAL
PO4**1*EA
PO1*0004*2*EA*5**VP*998942*SK*998942*UP*008914009102
PID*F****VIGORO #1 GALLON PERENNIAL- GSG
PO4**1*EA
CTT*4*12
AMT*TT*97.66
SE*27*000079952
ST*850*000079953
BEG*00*CN*44080199**20100721*0944080199
CUR*BY*USD
SAC*A*I170****3*.5*****02
DTM*038*20100723
N1*OB**92*0944
N3*1035 ROUTE 1 SOUTH
N4*EDISON*NJ*08837
REF*DP*028
REF*3J*0003
REF*MR*0000071689
REF*AGL*DTS STORE
PO1*0001*2*EA*6**VP*273593*SK*273593*UP*008914394444
PID*F****PERENNIAL 2G(5.56L)-GSG
PO4**1*EA
PO1*0002*1*EA*5**VP*845662*SK*845662*UP*008914008532
PID*F****PROVEN WINNER PERENNIAL #1 GSG
PO4**1*EA
PO1*0003*7*EA*7.5**VP*991946*SK*991946*UP*008914394703
PID*F****VIGORO #2 PREMIUM PERENNIAL
PO4**1*EA
PO1*0004*4*EA*5.15**VP*992078*SK*992078*UP*008914008402
PID*F****306 PREMIUM GROUNDCOVER 6PK- GSG
PO4**1*EA
PO1*0005*3*EA*6.6**VP*993464*SK*993464*UP*008914006262
PID*F****PROVEN WINNER #1 GAL PERENNIAL- GSG
PO4**1*EA
PO1*0006*13*EA*5**VP*998942*SK*998942*UP*008914009102
PID*F****VIGORO #1 GALLON PERENNIAL- GSG
PO4**1*EA
CTT*6*30
AMT*TT*245.28
SE*33*000079953
ST*850*000079954
BEG*00*CN*46048342**20100721*0946048342
CUR*BY*USD
SAC*A*I170****3*.5*****02
DTM*038*20100723
N1*OB**92*0946
N3*3849 SOUTH DELSEA DR
N4*VINELAND*NJ*08360
REF*DP*028
REF*3J*0003
REF*MR*0000071689
REF*AGL*DTS STORE
PO1*0001*1*EA*7.4**VP*313520*SK*313520*UP*008914008129
PID*F****HALF FLAT GROUNDCOVER
PO4**1*EA
PO1*0002*4*EA*6.2**VP*909463*SK*909463*UP*842276003022
PID*F****VIVA! ECHINACEA 2.6 QUART S6
PO4**1*EA
PO1*0003*1*EA*6.85**VP*930086*SK*930086*UP*008914769150
PID*F****TWICE AS NICE PERENNIAL 10IN
PO4**1*EA
PO1*0004*7*EA*7.5**VP*991946*SK*991946*UP*008914394994
PID*F****VIGORO #2 PREMIUM PERENNIAL
PO4**1*EA
PO1*0005*9*EA*5**VP*998942*SK*998942*UP*008914620208
PID*F****VIGORO #1 GALLON PERENNIAL- GSG
PO4**1*EA
CTT*5*22
AMT*TT*190.47
SE*30*000079954
ST*850*000079955
BEG*00*CN*49087219**20100721*0949087219
CUR*BY*USD
SAC*A*I170****3*.5*****02
DTM*038*20100723
N1*OB**92*0949
N3*3540 ROUTE 66
N4*NEPTUNE*NJ*07753
REF*DP*028
REF*3J*0003
REF*MR*0000071689
REF*AGL*DTS STORE
PO1*0001*13*EA*3.95**VP*272942*SK*272942*UP*008914008839
PID*F****PERENNIAL 1G(2.391L)-GSG
PO4**1*EA
PO1*0002*5*EA*6**VP*273593*SK*273593*UP*008914394444
PID*F****PERENNIAL 2G(5.56L)-GSG
PO4**1*EA
PO1*0003*2*EA*5**VP*845662*SK*845662*UP*008914008532
PID*F****PROVEN WINNER PERENNIAL #1 GSG
PO4**1*EA
PO1*0004*4*EA*6.2**VP*909463*SK*909463*UP*842276003022
PID*F****VIVA! ECHINACEA 2.6 QUART S6
PO4**1*EA
PO1*0005*2*EA*6.85**VP*930086*SK*930086*UP*008914769150
PID*F****TWICE AS NICE PERENNIAL 10IN
PO4**1*EA
PO1*0006*13*EA*7.5**VP*991946*SK*991946*UP*008914394703
PID*F****VIGORO #2 PREMIUM PERENNIAL
PO4**1*EA
PO1*0007*5*EA*3.95**VP*993431*SK*993431*UP*008914009461
PID*F****1 GAL LIRIOPE- GSG
PO4**1*EA
PO1*0008*14*EA*5**VP*998942*SK*998942*UP*008914009102
PID*F****VIGORO #1 GALLON PERENNIAL- GSG
PO4**1*EA
CTT*8*58
AMT*TT*454.46
SE*39*000079955
ST*850*000079956
BEG*00*CN*53062899**20100721*0953062899
CUR*BY*USD
SAC*A*I170****3*.5*****02
DTM*038*20100723
N1*OB**92*0953
N3*2045 STATE ROUTE 57
N4*HACKETTSTOWN*NJ*07840
REF*DP*028
REF*3J*0003
REF*MR*0000071689
REF*AGL*DTS STORE
PO1*0001*1*EA*6.25**VP*131206*SK*131206*UP*008914701075
PID*F****9 PACK MARIGOLD
PO4**1*EA
PO1*0002*2*EA*6**VP*273593*SK*273593*UP*008914394444
PID*F****PERENNIAL 2G(5.56L)-GSG
PO4**1*EA
PO1*0003*2*EA*7.4**VP*313520*SK*313520*UP*008914008129
PID*F****HALF FLAT GROUNDCOVER
PO4**1*EA
PO1*0004*2*EA*5.7**VP*314822*SK*314822*UP*842276000892
PID*F****VIVA! SUNPATIENS 2.5QT S6
PO4**1*EA
PO1*0005*29*EA*2.3**VP*325330*SK*325330*UP*008914350464
PID*F****CHRYSANTHEMUM 6.5IN HARDY MUM GS
PO4**1*EA
PO1*0006*17*EA*5.35**VP*577507*SK*577507*UP*008914700290
PID*F****ANNUAL PREM 8IN- KURTZ/GDN STATE
PO4**1*EA
PO1*0007*4*EA*1.77**VP*769529*SK*769529*UP*894873001086
PID*F****WEATHER TOUGH ACCENT PLANT PINT
PO4**1*EA
PO1*0008*3*EA*6.53**VP*793230*SK*793230*UP*008914006118
PID*F****PREM ANNUAL FLOWERING HANGING BASKET
PO4**1*EA
PO1*0009*2*EA*5.7**VP*909364*SK*909364*UP*842276002889
PID*F****VIVA! COLEUS HENNA 2.6QT S6
PO4**1*EA
PO1*0010*1*EA*7.13**VP*929129*SK*929129*UP*008914767156
PID*F****SNAPDRAGON 10IN
PO4**1*EA
PO1*0011*6*EA*7.1**VP*930251*SK*930251*UP*008914007504
PID*F****ANNUAL TRIO 13IN
PO4**1*EA
PO1*0012*2*EA*9.1**VP*930647*SK*930647*UP*008914722179
PID*F****DEVA ANNAUL BOWL 12IN
PO4**1*EA
PO1*0013*3*EA*7.5**VP*991946*SK*991946*UP*008914394703
PID*F****VIGORO #2 PREMIUM PERENNIAL
PO4**1*EA
PO1*0014*2*EA*6.25**VP*993563*SK*993563*UP*008914006293
PID*F****ANNUAL #208- GSG
PO4**1*EA
PO1*0015*31*EA*2.05**VP*994586*SK*994586*UP*008914707237
PID*F****PANSY #6- GSG
PO4**1*EA
PO1*0016*3*EA*2.09**VP*994916*SK*994916*UP*008914006316
PID*F****ANNUAL #6.5- GSG
PO4**1*EA
PO1*0017*10*EA*5**VP*998942*SK*998942*UP*008914009102
PID*F****VIGORO #1 GALLON PERENNIAL- GSG
PO4**1*EA
CTT*17*120
AMT*TT*685.39
SE*66*000079956
ST*850*000079957
BEG*00*CN*54042246**20100721*0954042246
CUR*BY*USD
SAC*A*I170****3*.5*****02
DTM*038*20100723
N1*OB**92*0954
N3*930 SPRINGFIELD RD SOUTH
N4*UNION*NJ*07083
REF*DP*028
REF*3J*0003
REF*MR*0000071689
REF*AGL*DTS STORE
PO1*0001*1*EA*6**VP*273593*SK*273593*UP*008914394444
PID*F****PERENNIAL 2G(5.56L)-GSG
PO4**1*EA
PO1*0002*1*EA*10.75**VP*305217*SK*305217*UP*008914722124
PID*F****PREMIUM CASABELLA HANGING BASKET #12
PO4**1*EA
PO1*0003*6*EA*2.81**VP*313099*SK*313099*UP*033383933016
PID*F****VIGORO SELECT ANNUAL #4.33
PO4**1*EA
PO1*0004*1*EA*7.4**VP*313520*SK*313520*UP*008914008129
PID*F****HALF FLAT GROUNDCOVER
PO4**1*EA
PO1*0005*4*EA*5.7**VP*314822*SK*314822*UP*842276000892
PID*F****VIVA! SUNPATIENS 2.5QT S6
PO4**1*EA
PO1*0006*16*EA*2.3**VP*325330*SK*325330*UP*008914350464
PID*F****CHRYSANTHEMUM 6.5IN HARDY MUM GS
PO4**1*EA
PO1*0007*6*EA*4.9**VP*456333*SK*456333*UP*048834711174
PID*F**** VIGORO SELECT GALLON ANNUAL
PO4**1*EA
PO1*0008*1*EA*14**VP*541726*SK*541726*UP*008914767712
PID*F****URBAN GARDENER TRELLIS
PO4**1*EA
PO1*0009*6*EA*5.35**VP*577507*SK*577507*UP*008914700290
PID*F****ANNUAL PREM 8IN- KURTZ/GDN STATE
PO4**1*EA
PO1*0010*1*EA*5**VP*845662*SK*845662*UP*008914008532
PID*F****PROVEN WINNER PERENNIAL #1 GSG
PO4**1*EA
PO1*0011*1*EA*6.2**VP*909463*SK*909463*UP*842276003022
PID*F****VIVA! ECHINACEA 2.6 QUART S6
PO4**1*EA
PO1*0012*1*EA*6.85**VP*930086*SK*930086*UP*008914769150
PID*F****TWICE AS NICE PERENNIAL 10IN
PO4**1*EA
PO1*0013*1*EA*7.1**VP*930185*SK*930185*UP*008914722186
PID*F****BELLY ANNUAL PLANTER 12IN
PO4**1*EA
PO1*0014*1*EA*9.1**VP*930647*SK*930647*UP*008914722179
PID*F****DEVA ANNAUL BOWL 12IN
PO4**1*EA
PO1*0015*20*EA*7.5**VP*991946*SK*991946*UP*008914394994
PID*F****VIGORO #2 PREMIUM PERENNIAL
PO4**1*EA
PO1*0016*3*EA*6.6**VP*993464*SK*993464*UP*008914006262
PID*F****PROVEN WINNER #1 GAL PERENNIAL- GSG
PO4**1*EA
PO1*0017*3*EA*6.25**VP*993563*SK*993563*UP*008914006293
PID*F****ANNUAL #208- GSG
PO4**1*EA
PO1*0018*16*EA*2.05**VP*994586*SK*994586*UP*008914707237
PID*F****PANSY #6- GSG
PO4**1*EA
PO1*0019*4*EA*2.09**VP*994916*SK*994916*UP*008914006316
PID*F****ANNUAL #6.5- GSG
PO4**1*EA
PO1*0020*1*EA*5**VP*998942*SK*998942*UP*008914620208
PID*F****VIGORO #1 GALLON PERENNIAL- GSG
PO4**1*EA
CTT*20*94
AMT*TT*634.37
SE*75*000079957
ST*850*000079958
BEG*00*CN*57082123**20100721*0957082123
CUR*BY*USD
SAC*A*I170****3*.5*****02
DTM*038*20100723
N1*OB**92*0957
N3*1090 ROUTE 9 SOUTH
N4*OLD BRIDGE*NJ*08857
REF*DP*028
REF*3J*0003
REF*MR*0000071689
REF*AGL*DTS STORE
PO1*0001*1*EA*6.2**VP*909463*SK*909463*UP*842276003022
PID*F****VIVA! ECHINACEA 2.6 QUART S6
PO4**1*EA
PO1*0002*1*EA*6.85**VP*930086*SK*930086*UP*008914769150
PID*F****TWICE AS NICE PERENNIAL 10IN
PO4**1*EA
PO1*0003*2*EA*7.5**VP*991946*SK*991946*UP*008914394994
PID*F****VIGORO #2 PREMIUM PERENNIAL
PO4**1*EA
PO1*0004*2*EA*3.95**VP*993431*SK*993431*UP*008914009461
PID*F****1 GAL LIRIOPE- GSG
PO4**1*EA
PO1*0005*8*EA*5**VP*998942*SK*998942*UP*008914620208
PID*F****VIGORO #1 GALLON PERENNIAL- GSG
PO4**1*EA
CTT*5*14
AMT*TT*106.67
SE*30*000079958
ST*850*000079959
BEG*00*CN*59092387**20100721*0959092387
CUR*BY*USD
SAC*A*I170****3*.5*****02
DTM*038*20100723
N1*OB**92*0959
N3*75 MCLEAN BLVD
N4*PATERSON*NJ*07514
REF*DP*028
REF*3J*0003
REF*MR*0000071689
REF*AGL*DTS STORE
PO1*0001*3*EA*2.3**VP*325330*SK*325330*UP*008914350464
PID*F****CHRYSANTHEMUM 6.5IN HARDY MUM GS
PO4**1*EA
PO1*0002*2*EA*7.95**VP*380982*SK*380982*UP*008914305402
PID*F****AQUALOK ANNAUL HANGING BASKET 10IN
PO4**1*EA
PO1*0003*5*EA*5.35**VP*577507*SK*577507*UP*008914782234
PID*F****ANNUAL PREM 8IN- KURTZ/GDN STATE
PO4**1*EA
PO1*0004*1*EA*6.53**VP*793230*SK*793230*UP*008914006118
PID*F****PREM ANNUAL FLOWERING HANGING BASKET
PO4**1*EA
PO1*0005*2*EA*6.85**VP*930086*SK*930086*UP*008914769150
PID*F****TWICE AS NICE PERENNIAL 10IN
PO4**1*EA
PO1*0006*1*EA*9.1**VP*930647*SK*930647*UP*008914722179
PID*F****DEVA ANNAUL BOWL 12IN
PO4**1*EA
PO1*0007*1*EA*9.25**VP*979982*SK*979982*UP*008914007535
PID*F****PERENNIAL 13IN CASTELLA
PO4**1*EA
PO1*0008*1*EA*7.5**VP*991946*SK*991946*UP*008914394994
PID*F****VIGORO #2 PREMIUM PERENNIAL
PO4**1*EA
PO1*0009*2*EA*3.95**VP*993431*SK*993431*UP*008914009461
PID*F****1 GAL LIRIOPE- GSG
PO4**1*EA
PO1*0010*1*EA*6.6**VP*993464*SK*993464*UP*008914006262
PID*F****PROVEN WINNER #1 GAL PERENNIAL- GSG
PO4**1*EA
PO1*0011*6*EA*2.05**VP*994586*SK*994586*UP*008914707237
PID*F****PANSY #6- GSG
PO4**1*EA
PO1*0012*10*EA*5**VP*998942*SK*998942*UP*008914620208
PID*F****VIGORO #1 GALLON PERENNIAL- GSG
PO4**1*EA
CTT*12*35
AMT*TT*247.31
SE*51*000079959
ST*850*000079960
BEG*00*CN*61019151**20100721*0961019151
CUR*BY*USD
SAC*A*I170****3*.5*****02
DTM*038*20100723
N1*OB**92*0961
N3*300 TROTTERS WAY
N4*FREEHOLD*NJ*07728
REF*DP*028
REF*3J*0003
REF*MR*0000071689
REF*AGL*DTS STORE
PO1*0001*1*EA*6.85**VP*930086*SK*930086*UP*008914769150
PID*F****TWICE AS NICE PERENNIAL 10IN
PO4**1*EA
PO1*0002*12*EA*5**VP*998942*SK*998942*UP*008914620208
PID*F****VIGORO #1 GALLON PERENNIAL- GSG
PO4**1*EA
CTT*2*13
AMT*TT*93.73
SE*21*000079960
ST*850*000079961
BEG*00*CN*65049202**20100721*0965049202
CUR*BY*USD
SAC*A*I170****3*.5*****02
DTM*038*20100723
N1*OB**92*0965
N3*79 ROUTE 46
N4*MONTVILLE*NJ*07045
REF*DP*028
REF*3J*0003
REF*MR*0000071689
REF*AGL*DTS STORE
PO1*0001*22*EA*6**VP*273593*SK*273593*UP*008914394444
PID*F****PERENNIAL 2G(5.56L)-GSG
PO4**1*EA
PO1*0002*3*EA*7.4**VP*313520*SK*313520*UP*008914008129
PID*F****HALF FLAT GROUNDCOVER
PO4**1*EA
PO1*0003*13*EA*2.3**VP*325330*SK*325330*UP*008914350464
PID*F****CHRYSANTHEMUM 6.5IN HARDY MUM GS
PO4**1*EA
PO1*0004*6*EA*6.2**VP*909463*SK*909463*UP*842276003022
PID*F****VIVA! ECHINACEA 2.6 QUART S6
PO4**1*EA
PO1*0005*1*EA*10.48**VP*928964*SK*928964*UP*008914395335
PID*F****PERENNIAL COLOR POT 2G- GARDEN STATE
PO4**1*EA
PO1*0006*5*EA*7.5**VP*991946*SK*991946*UP*008914394703
PID*F****VIGORO #2 PREMIUM PERENNIAL
PO4**1*EA
PO1*0007*15*EA*5**VP*998942*SK*998942*UP*008914008938
PID*F****VIGORO #1 GALLON PERENNIAL- GSG
PO4**1*EA
CTT*7*65
AMT*TT*521.95
SE*36*000079961
ST*850*000079962
BEG*00*CN*69029302**20100721*0969029302
CUR*BY*USD
SAC*A*I170****3*.5*****02
DTM*038*20100723
N1*OB**92*0969
N3*244 N MAIN STREET
N4*FORKED RIVER*NJ*08731
REF*DP*028
REF*3J*0003
REF*MR*0000071689
REF*AGL*DTS STORE
PO1*0001*1*EA*6**VP*273593*SK*273593*UP*008914394277
PID*F****PERENNIAL 2G(5.56L)-GSG
PO4**1*EA
PO1*0002*1*EA*5**VP*845662*SK*845662*UP*008914008532
PID*F****PROVEN WINNER PERENNIAL #1 GSG
PO4**1*EA
PO1*0003*1*EA*6.85**VP*930086*SK*930086*UP*008914769150
PID*F****TWICE AS NICE PERENNIAL 10IN
PO4**1*EA
PO1*0004*13*EA*7.5**VP*991946*SK*991946*UP*008914394994
PID*F****VIGORO #2 PREMIUM PERENNIAL
PO4**1*EA
PO1*0005*3*EA*5**VP*998942*SK*998942*UP*008914009102
PID*F****VIGORO #1 GALLON PERENNIAL- GSG
PO4**1*EA
CTT*5*19
AMT*TT*177.47
SE*30*000079962
ST*850*000079963
BEG*00*CN*74089224**20100721*0974089224
CUR*BY*USD
SAC*A*I170****3*.5*****02
DTM*038*20100723
N1*OB**92*0974
N3*320 BRIDGETON PIKE
N4*MANTUA*NJ*08051
REF*DP*028
REF*3J*0003
REF*MR*0000071689
REF*AGL*DTS STORE
PO1*0001*3*EA*6**VP*273593*SK*273593*UP*008914394277
PID*F****PERENNIAL 2G(5.56L)-GSG
PO4**1*EA
PO1*0002*4*EA*7.4**VP*313520*SK*313520*UP*008914008129
PID*F****HALF FLAT GROUNDCOVER
PO4**1*EA
PO1*0003*2*EA*6.2**VP*909463*SK*909463*UP*842276003022
PID*F****VIVA! ECHINACEA 2.6 QUART S6
PO4**1*EA
PO1*0004*17*EA*5**VP*998942*SK*998942*UP*008914009102
PID*F****VIGORO #1 GALLON PERENNIAL- GSG
PO4**1*EA
CTT*4*26
AMT*TT*214.41
SE*27*000079963
ST*850*000079964
BEG*00*CN*76011362**20100721*0976011362
CUR*BY*USD
SAC*A*I170****3*.5*****02
DTM*038*20100723
N1*OB**92*0976
N3*1621 N OLDEN AVENUE
N4*EWING*NJ*08638
REF*DP*028
REF*3J*0003
REF*MR*0000071689
REF*AGL*DTS STORE
PO1*0001*1*EA*7.4**VP*313520*SK*313520*UP*008914008129
PID*F****HALF FLAT GROUNDCOVER
PO4**1*EA
PO1*0002*1*EA*6.2**VP*909463*SK*909463*UP*842276003022
PID*F****VIVA! ECHINACEA 2.6 QUART S6
PO4**1*EA
PO1*0003*13*EA*5**VP*998942*SK*998942*UP*008914009102
PID*F****VIGORO #1 GALLON PERENNIAL- GSG
PO4**1*EA
CTT*3*15
AMT*TT*111.69
SE*24*000079964
ST*850*000079965
BEG*00*CN*77022389**20100721*0977022389
CUR*BY*USD
SAC*A*I170****3*.5*****02
DTM*038*20100723
N1*OB**92*0977
N3*780 ROUTE 46 WEST
N4*PARSIPPANY*NJ*07054
REF*DP*028
REF*3J*0003
REF*MR*0000071689
REF*AGL*DTS STORE
PO1*0001*1*EA*6**VP*273593*SK*273593*UP*008914394444
PID*F****PERENNIAL 2G(5.56L)-GSG
PO4**1*EA
PO1*0002*19*EA*2.3**VP*325330*SK*325330*UP*008914350464
PID*F****CHRYSANTHEMUM 6.5IN HARDY MUM GS
PO4**1*EA
PO1*0003*1*EA*6.85**VP*930086*SK*930086*UP*008914769150
PID*F****TWICE AS NICE PERENNIAL 10IN
PO4**1*EA
PO1*0004*2*EA*7.5**VP*991946*SK*991946*UP*008914394703
PID*F****VIGORO #2 PREMIUM PERENNIAL
PO4**1*EA
PO1*0005*2*EA*5**VP*998942*SK*998942*UP*008914008938
PID*F****VIGORO #1 GALLON PERENNIAL- GSG
PO4**1*EA
CTT*5*25
AMT*TT*117.11
SE*30*000079965
ST*850*000079966
BEG*00*CN*80001511**20100721*0980001511
CUR*BY*USD
SAC*A*I170****3*.5*****02
DTM*038*20100723
N1*OB**92*0980
N3*399-443 SPRINGFIELD AVE
N4*NEWARK*NJ*07103
REF*DP*028
REF*3J*0003
REF*MR*0000071689
REF*AGL*DTS STORE
PO1*0001*1*EA*6**VP*273593*SK*273593*UP*008914394444
PID*F****PERENNIAL 2G(5.56L)-GSG
PO4**1*EA
PO1*0002*11*EA*2.3**VP*325330*SK*325330*UP*008914350464
PID*F****CHRYSANTHEMUM 6.5IN HARDY MUM GS
PO4**1*EA
PO1*0003*8*EA*5.35**VP*577507*SK*577507*UP*008914782234
PID*F****ANNUAL PREM 8IN- KURTZ/GDN STATE
PO4**1*EA
PO1*0004*2*EA*9.1**VP*930647*SK*930647*UP*008914722179
PID*F****DEVA ANNAUL BOWL 12IN
PO4**1*EA
PO1*0005*1*EA*7.5**VP*991946*SK*991946*UP*008914394703
PID*F****VIGORO #2 PREMIUM PERENNIAL
PO4**1*EA
PO1*0006*32*EA*2.05**VP*994586*SK*994586*UP*008914707237
PID*F****PANSY #6- GSG
PO4**1*EA
PO1*0007*5*EA*2.09**VP*994916*SK*994916*UP*008914006316
PID*F****ANNUAL #6.5- GSG
PO4**1*EA
PO1*0008*12*EA*5**VP*998942*SK*998942*UP*008914009102
PID*F****VIGORO #1 GALLON PERENNIAL- GSG
PO4**1*EA
CTT*8*72
AMT*TT*353.26
SE*39*000079966
ST*850*000079967
BEG*00*CN*81020461**20100721*0981020461
CUR*BY*USD
SAC*A*I170****3*.5*****02
DTM*038*20100723
N1*OB**92*0981
N3*1555 ST GEORGES AV RT 35
N4*COLONIA*NJ*07067
REF*DP*028
REF*3J*0003
REF*MR*0000071689
REF*AGL*DTS STORE
PO1*0001*3*EA*6**VP*273593*SK*273593*UP*008914394444
PID*F****PERENNIAL 2G(5.56L)-GSG
PO4**1*EA
PO1*0002*1*EA*6.2**VP*909463*SK*909463*UP*842276003022
PID*F****VIVA! ECHINACEA 2.6 QUART S6
PO4**1*EA
PO1*0003*1*EA*10.48**VP*928964*SK*928964*UP*008914395335
PID*F****PERENNIAL COLOR POT 2G- GARDEN STATE
PO4**1*EA
PO1*0004*8*EA*6.85**VP*930086*SK*930086*UP*008914769150
PID*F****TWICE AS NICE PERENNIAL 10IN
PO4**1*EA
PO1*0005*3*EA*3.95**VP*993431*SK*993431*UP*008914009461
PID*F****1 GAL LIRIOPE- GSG
PO4**1*EA
PO1*0006*2*EA*6.6**VP*993464*SK*993464*UP*008914006262
PID*F****PROVEN WINNER #1 GAL PERENNIAL- GSG
PO4**1*EA
PO1*0007*18*EA*5**VP*998942*SK*998942*UP*008914009102
PID*F****VIGORO #1 GALLON PERENNIAL- GSG
PO4**1*EA
CTT*7*36
AMT*TT*297.12
SE*36*000079967
ST*850*000079968
BEG*00*CN*82068156**20100721*0982068156
CUR*BY*USD
SAC*A*I170****3*.5*****02
DTM*038*20100723
N1*OB**92*0982
N3*739 ROUTE 33 WEST
N4*E WINDSOR*NJ*08520
REF*DP*028
REF*3J*0003
REF*MR*0000071689
REF*AGL*DTS STORE
PO1*0001*2*EA*3.95**VP*272942*SK*272942*UP*008914008839
PID*F****PERENNIAL 1G(2.391L)-GSG
PO4**1*EA
PO1*0002*3*EA*6**VP*273593*SK*273593*UP*008914394444
PID*F****PERENNIAL 2G(5.56L)-GSG
PO4**1*EA
PO1*0003*5*EA*6.2**VP*909463*SK*909463*UP*842276003022
PID*F****VIVA! ECHINACEA 2.6 QUART S6
PO4**1*EA
PO1*0004*1*EA*6.85**VP*930086*SK*930086*UP*008914769150
PID*F****TWICE AS NICE PERENNIAL 10IN
PO4**1*EA
PO1*0005*4*EA*5**VP*998942*SK*998942*UP*008914620208
PID*F****VIGORO #1 GALLON PERENNIAL- GSG
PO4**1*EA
CTT*5*15
AMT*TT*124.64
SE*30*000079968
ST*850*000079969
BEG*00*CN*84075086**20100721*0984075086
CUR*BY*USD
SAC*A*I170****3*.5*****02
DTM*038*20100723
N1*OB**92*0984
N3*7 NORTH PARK DRIVE
N4*NEWTON*NJ*07860
REF*DP*028
REF*3J*0003
REF*MR*0000071689
REF*AGL*DTS STORE
PO1*0001*4*EA*6.25**VP*131206*SK*131206*UP*008914701075
PID*F****9 PACK MARIGOLD
PO4**1*EA
PO1*0002*1*EA*6**VP*273593*SK*273593*UP*008914394444
PID*F****PERENNIAL 2G(5.56L)-GSG
PO4**1*EA
PO1*0003*3*EA*10.75**VP*305217*SK*305217*UP*008914722124
PID*F****PREMIUM CASABELLA HANGING BASKET #12
PO4**1*EA
PO1*0004*4*EA*2.81**VP*313099*SK*313099*UP*033383933016
PID*F****VIGORO SELECT ANNUAL #4.33
PO4**1*EA
PO1*0005*3*EA*5.7**VP*314822*SK*314822*UP*842276000892
PID*F****VIVA! SUNPATIENS 2.5QT S6
PO4**1*EA
PO1*0006*1*EA*2.3**VP*325330*SK*325330*UP*008914350464
PID*F****CHRYSANTHEMUM 6.5IN HARDY MUM GS
PO4**1*EA
PO1*0007*6*EA*4.9**VP*456333*SK*456333*UP*048834711174
PID*F**** VIGORO SELECT GALLON ANNUAL
PO4**1*EA
PO1*0008*5*EA*5.35**VP*577507*SK*577507*UP*008914782234
PID*F****ANNUAL PREM 8IN- KURTZ/GDN STATE
PO4**1*EA
PO1*0009*1*EA*5.7**VP*909364*SK*909364*UP*842276002889
PID*F****VIVA! COLEUS HENNA 2.6QT S6
PO4**1*EA
PO1*0010*2*EA*10.48**VP*928964*SK*928964*UP*008914395335
PID*F****PERENNIAL COLOR POT 2G- GARDEN STATE
PO4**1*EA
PO1*0011*4*EA*6.85**VP*930086*SK*930086*UP*008914769167
PID*F****TWICE AS NICE PERENNIAL 10IN
PO4**1*EA
PO1*0012*4*EA*7.1**VP*930251*SK*930251*UP*008914007504
PID*F****ANNUAL TRIO 13IN
PO4**1*EA
PO1*0013*3*EA*9.1**VP*930647*SK*930647*UP*008914722179
PID*F****DEVA ANNAUL BOWL 12IN
PO4**1*EA
PO1*0014*1*EA*14.25**VP*930680*SK*930680*UP*008914007511
PID*F****VALLEY ANNUAL PLATNER 13IN
PO4**1*EA
PO1*0015*1*EA*7.5**VP*991946*SK*991946*UP*008914394703
PID*F****VIGORO #2 PREMIUM PERENNIAL
PO4**1*EA
PO1*0016*1*EA*3.95**VP*993431*SK*993431*UP*008914009461
PID*F****1 GAL LIRIOPE- GSG
PO4**1*EA
PO1*0017*4*EA*6.25**VP*993563*SK*993563*UP*008914006293
PID*F****ANNUAL #208- GSG
PO4**1*EA
PO1*0018*18*EA*2.05**VP*994586*SK*994586*UP*008914707237
PID*F****PANSY #6- GSG
PO4**1*EA
PO1*0019*20*EA*5**VP*998942*SK*998942*UP*008914620208
PID*F****VIGORO #1 GALLON PERENNIAL- GSG
PO4**1*EA
CTT*19*86
AMT*TT*643.76
SE*72*000079969
ST*850*000079970
BEG*00*CN*89097806**20100721*0989097806
CUR*BY*USD
SAC*A*I170****3*.5*****02
DTM*038*20100723
N1*OB**92*0989
N3*2160 ROUTE 70 WEST
N4*CHERRY HILL*NJ*08002
REF*DP*028
REF*3J*0003
REF*MR*0000071689
REF*AGL*DTS STORE
PO1*0001*11*EA*6**VP*273593*SK*273593*UP*008914394444
PID*F****PERENNIAL 2G(5.56L)-GSG
PO4**1*EA
PO1*0002*2*EA*5**VP*845662*SK*845662*UP*008914008532
PID*F****PROVEN WINNER PERENNIAL #1 GSG
PO4**1*EA
PO1*0003*5*EA*7.5**VP*991946*SK*991946*UP*008914394703
PID*F****VIGORO #2 PREMIUM PERENNIAL
PO4**1*EA
PO1*0004*9*EA*5**VP*998942*SK*998942*UP*008914009102
PID*F****VIGORO #1 GALLON PERENNIAL- GSG
PO4**1*EA
CTT*4*27
AMT*TT*236.3
SE*27*000079970
ST*850*000079971
BEG*00*CN*45037424**20100721*6845037424
CUR*BY*USD
SAC*A*I170****3*.5*****02
DTM*038*20100723
N1*OB**92*6845
N3*180 TWELFTH STREET
N4*JERSEY CITY*NJ*07310
REF*DP*028
REF*3J*0024
REF*MR*0000071689
REF*AGL*DTS STORE
PO1*0001*1*EA*6**VP*273593*SK*273593*UP*008914394277
PID*F****PERENNIAL 2G(5.56L)-GSG
PO4**1*EA
PO1*0002*17*EA*5.35**VP*577507*SK*577507*UP*008914782005
PID*F****ANNUAL PREM 8IN- KURTZ/GDN STATE
PO4**1*EA
PO1*0003*2*EA*1.77**VP*769529*SK*769529*UP*894873001086
PID*F****WEATHER TOUGH ACCENT PLANT PINT
PO4**1*EA
PO1*0004*2*EA*6.53**VP*793230*SK*793230*UP*008914006118
PID*F****PREM ANNUAL FLOWERING HANGING BASKET
PO4**1*EA
PO1*0005*1*EA*7.1**VP*930251*SK*930251*UP*008914007504
PID*F****ANNUAL TRIO 13IN
PO4**1*EA
PO1*0006*14*EA*7.5**VP*991946*SK*991946*UP*008914394888
PID*F****VIGORO #2 PREMIUM PERENNIAL
PO4**1*EA
PO1*0007*1*EA*6.25**VP*993563*SK*993563*UP*008914006293
PID*F****ANNUAL #208- GSG
PO4**1*EA
PO1*0008*26*EA*2.05**VP*994586*SK*994586*UP*008914707107
PID*F****PANSY #6- GSG
PO4**1*EA
PO1*0009*1*EA*2.09**VP*994916*SK*994916*UP*008914006316
PID*F****ANNUAL #6.5- GSG
PO4**1*EA
PO1*0010*9*EA*5**VP*998942*SK*998942*UP*008914009102
PID*F****VIGORO #1 GALLON PERENNIAL- GSG
PO4**1*EA
CTT*10*74
AMT*TT*482.64
SE*45*000079971
ST*850*000079972
BEG*00*CN*03082152**20100721*6903082152
CUR*BY*USD
SAC*A*I170****3*.5*****02
DTM*038*20100723
N1*OB**92*6903
N3*200 SOUTH AVE
N4*GARWOOD*NJ*07027
REF*DP*028
REF*3J*0018
REF*MR*0000071689
REF*AGL*DTS STORE
PO1*0001*1*EA*6**VP*273593*SK*273593*UP*008914394277
PID*F****PERENNIAL 2G(5.56L)-GSG
PO4**1*EA
PO1*0002*13*EA*2.3**VP*325330*SK*325330*UP*008914350464
PID*F****CHRYSANTHEMUM 6.5IN HARDY MUM GS
PO4**1*EA
PO1*0003*2*EA*5**VP*845662*SK*845662*UP*008914008532
PID*F****PROVEN WINNER PERENNIAL #1 GSG
PO4**1*EA
PO1*0004*2*EA*6.2**VP*909463*SK*909463*UP*842276003022
PID*F****VIVA! ECHINACEA 2.6 QUART S6
PO4**1*EA
PO1*0005*2*EA*6.85**VP*930086*SK*930086*UP*008914769150
PID*F****TWICE AS NICE PERENNIAL 10IN
PO4**1*EA
PO1*0006*7*EA*7.5**VP*991946*SK*991946*UP*008914394703
PID*F****VIGORO #2 PREMIUM PERENNIAL
PO4**1*EA
PO1*0007*15*EA*5**VP*998942*SK*998942*UP*008914009102
PID*F****VIGORO #1 GALLON PERENNIAL- GSG
PO4**1*EA
CTT*7*42
AMT*TT*279.61
SE*36*000079972
ST*850*000079973
BEG*00*CN*05037832**20100721*6905037832
CUR*BY*USD
SAC*A*I170****3*.5*****02
DTM*038*20100723
N1*OB**92*6905
N3*977 W GRAND STREET
N4*ELIZABETH*NJ*07202
REF*DP*028
REF*3J*0018
REF*MR*0000071689
REF*AGL*DTS STORE
PO1*0001*1*EA*6**VP*273593*SK*273593*UP*008914394277
PID*F****PERENNIAL 2G(5.56L)-GSG
PO4**1*EA
PO1*0002*1*EA*2.81**VP*313099*SK*313099*UP*033383933016
PID*F****VIGORO SELECT ANNUAL #4.33
PO4**1*EA
PO1*0003*4*EA*5.7**VP*314822*SK*314822*UP*842276000892
PID*F****VIVA! SUNPATIENS 2.5QT S6
PO4**1*EA
PO1*0004*2*EA*4.4**VP*396702*SK*396702*UP*008914393416
PID*F****PERENNIAL 4IN
PO4**1*EA
PO1*0005*5*EA*5.35**VP*577507*SK*577507*UP*008914700290
PID*F****ANNUAL PREM 8IN- KURTZ/GDN STATE
PO4**1*EA
PO1*0006*2*EA*6.85**VP*930086*SK*930086*UP*008914769150
PID*F****TWICE AS NICE PERENNIAL 10IN
PO4**1*EA
PO1*0007*3*EA*9.1**VP*930647*SK*930647*UP*008914722179
PID*F****DEVA ANNAUL BOWL 12IN
PO4**1*EA
PO1*0008*2*EA*7.5**VP*991946*SK*991946*UP*008914394703
PID*F****VIGORO #2 PREMIUM PERENNIAL
PO4**1*EA
PO1*0009*1*EA*3.95**VP*993431*SK*993431*UP*008914009461
PID*F****1 GAL LIRIOPE- GSG
PO4**1*EA
PO1*0010*22*EA*2.05**VP*994586*SK*994586*UP*008914009201
PID*F****PANSY #6- GSG
PO4**1*EA
PO1*0011*1*EA*10.6**VP*996236*SK*996236*UP*008914700337
PID*F****SUNPATIENS HB #12- GSG
PO4**1*EA
PO1*0012*11*EA*5**VP*998942*SK*998942*UP*008914009102
PID*F****VIGORO #1 GALLON PERENNIAL- GSG
PO4**1*EA
CTT*12*55
AMT*TT*347.5
SE*51*000079973
ST*850*000079974
BEG*00*CN*11033502**20100721*6911033502
CUR*BY*USD
SAC*A*I170****3*.5*****02
DTM*038*20100723
N1*OB**92*6911
N3*170 UNION HILL ROAD
N4*MORGANVILLE*NJ*07751
REF*DP*028
REF*3J*0003
REF*MR*0000071689
REF*AGL*DTS STORE
PO1*0001*3*EA*6.2**VP*909463*SK*909463*UP*842276003022
PID*F****VIVA! ECHINACEA 2.6 QUART S6
PO4**1*EA
PO1*0002*2*EA*7.5**VP*991946*SK*991946*UP*008914394703
PID*F****VIGORO #2 PREMIUM PERENNIAL
PO4**1*EA
PO1*0003*6*EA*5**VP*998942*SK*998942*UP*008914009102
PID*F****VIGORO #1 GALLON PERENNIAL- GSG
PO4**1*EA
CTT*3*11
AMT*TT*88.76
SE*24*000079974
ST*850*000079975
BEG*00*CN*17080504**20100721*6917080504
CUR*BY*USD
SAC*A*I170****3*.5*****02
DTM*038*20100723
N1*OB**92*6917
N3*4095 US ROUTE 1
N4*MONMOUTH JUNCTION*NJ*08852
REF*DP*028
REF*3J*0003
REF*MR*0000071689
REF*AGL*DTS STORE
PO1*0001*1*EA*3.95**VP*272942*SK*272942*UP*008914008839
PID*F****PERENNIAL 1G(2.391L)-GSG
PO4**1*EA
PO1*0002*2*EA*7.5**VP*991946*SK*991946*UP*008914394703
PID*F****VIGORO #2 PREMIUM PERENNIAL
PO4**1*EA
PO1*0003*1*EA*5**VP*998942*SK*998942*UP*008914009102
PID*F****VIGORO #1 GALLON PERENNIAL- GSG
PO4**1*EA
CTT*3*4
AMT*TT*32.89
SE*24*000079975
ST*850*000079976
BEG*00*CN*75056952**20100721*8475056952
CUR*BY*USD
SAC*A*I170****3*.5*****02
DTM*038*20100723
N1*OB**92*8475
N3*7605 TONNELLE AVENUE
N4*NORTH BERGEN*NJ*07047
REF*DP*028
REF*3J*0003
REF*MR*0000071689
REF*AGL*DTS STORE
PO1*0001*1*EA*2.81**VP*313099*SK*313099*UP*033383933016
PID*F****VIGORO SELECT ANNUAL #4.33
PO4**1*EA
PO1*0002*2*EA*5.7**VP*314822*SK*314822*UP*842276000892
PID*F****VIVA! SUNPATIENS 2.5QT S6
PO4**1*EA
PO1*0003*9*EA*2.3**VP*325330*SK*325330*UP*008914350464
PID*F****CHRYSANTHEMUM 6.5IN HARDY MUM GS
PO4**1*EA
PO1*0004*4*EA*4.9**VP*456333*SK*456333*UP*048834711174
PID*F**** VIGORO SELECT GALLON ANNUAL
PO4**1*EA
PO1*0005*4*EA*5.35**VP*577507*SK*577507*UP*008914700290
PID*F****ANNUAL PREM 8IN- KURTZ/GDN STATE
PO4**1*EA
PO1*0006*4*EA*5.7**VP*909364*SK*909364*UP*842276002889
PID*F****VIVA! COLEUS HENNA 2.6QT S6
PO4**1*EA
PO1*0007*1*EA*10.48**VP*928964*SK*928964*UP*008914395335
PID*F****PERENNIAL COLOR POT 2G- GARDEN STATE
PO4**1*EA
PO1*0008*1*EA*9.1**VP*930647*SK*930647*UP*008914722179
PID*F****DEVA ANNAUL BOWL 12IN
PO4**1*EA
PO1*0009*3*EA*9.25**VP*979982*SK*979982*UP*008914007535
PID*F****PERENNIAL 13IN CASTELLA
PO4**1*EA
PO1*0010*3*EA*7.5**VP*991946*SK*991946*UP*008914394703
PID*F****VIGORO #2 PREMIUM PERENNIAL
PO4**1*EA
PO1*0011*6*EA*2.05**VP*994586*SK*994586*UP*008914707237
PID*F****PANSY #6- GSG
PO4**1*EA
PO1*0012*18*EA*5**VP*998942*SK*998942*UP*008914008938
PID*F****VIGORO #1 GALLON PERENNIAL- GSG
PO4**1*EA
CTT*12*56
AMT*TT*384.11
SE*51*000079976
GE*53*4322
IEA*1*000005139
ISA*00*          *00*          *14*0722717110100  *01*056021462      *100721*0356*|*00406*000005140*0*P*>
GS*PO*072271711*056021462*20100721*0356*4323*X*004060
ST*850*000079977
BEG*00*CN*75015816**20100721*0975015816
CUR*BY*USD
SAC*A*I170****3*.5*****02
DTM*038*20100723
N1*OB**92*0975
N3*421 ABSECON BLVD
N4*ABSECON*NJ*08201
REF*DP*028
REF*3J*0003
REF*MR*0000071689
REF*AGL*DTS STORE
PO1*0001*1*EA*3.95**VP*272942*SK*272942*UP*008914008839
PID*F****PERENNIAL 1G(2.391L)-GSG
PO4**1*EA
PO1*0002*23*EA*7.5**VP*991946*SK*991946*UP*008914394703
PID*F****VIGORO #2 PREMIUM PERENNIAL
PO4**1*EA
PO1*0003*1*EA*5**VP*998942*SK*998942*UP*008914620208
PID*F****VIGORO #1 GALLON PERENNIAL- GSG
PO4**1*EA
CTT*3*25
AMT*TT*242.26
SE*24*000079977
GE*1*4323
IEA*1*000005140
ISA*00*          *00*          *08*9254291001     *01*056021462      *100721*0521*U*00400*000001291*0*P*>
GS*PD*9254291001*056021462*20100721*0521*1291*X*004010
ST*852*0001
XQ*H*20100721
N9*AD*T00000067
LIN**IN*002018265*ZZ*43*UP*008914301114*****DG*1*VS*00000
ZA*QS***006*20100720
CTP**UCP*4.44
SDQ*EA*ZZ*3990*1
CTT*1
SE*9*0001
ST*852*0002
XQ*H*20100721
N9*AD*T00000067
LIN**IN*002018267*ZZ*43*UP*008914305402*****DG*1*VS*00000
ZA*QS***006*20100720
CTP**UCP*6
SDQ*EA*ZZ*4860*2*7182*1*7257*2
CTT*1
SE*9*0002
ST*852*0003
XQ*H*20100721
N9*AD*T00000067
LIN**IN*002031108*ZZ*43*UP*008914722223*****DG*1*VS*00000
ZA*QS***006*20100720
CTP**UCP*9
SDQ*EA*ZZ*3131*2
CTT*1
SE*9*0003
ST*852*0004
XQ*H*20100721
N9*AD*T00000067
LIN**IN*002031110*ZZ*43*UP*008914722230*****DG*1*VS*00000
ZA*QS***006*20100720
CTP**UCP*9
SDQ*EA*ZZ*4399*1*7257*1
CTT*1
SE*9*0004
ST*852*0005
XQ*H*20100721
N9*AD*T00000067
LIN**IN*002032912*ZZ*43*UP*008914722421*****DG*1*VS*00000
ZA*QS***006*20100720
CTP**UCP*16.25
SDQ*EA*ZZ*7235*1
CTT*1
SE*9*0005
ST*852*0006
XQ*H*20100721
N9*AD*T00000067
LIN**IN*002033699*ZZ*43*UP*008914769082*****DG*1*VS*00000
ZA*QS***006*20100719
CTP**UCP*5.24
SDQ*EA*ZZ*7713*-1
ZA*QS***006*20100720
CTP**UCP*5.24
SDQ*EA*ZZ*3523*1*3796*1
CTT*1
SE*12*0006
ST*852*0007
XQ*H*20100721
N9*AD*T00000067
LIN**IN*002033701*ZZ*43*UP*008914769075*****DG*1*VS*00000
ZA*QS***006*20100720
CTP**UCP*5.24
SDQ*EA*ZZ*3737*2
LIN**IN*002033701*ZZ*43*UP*008914769075*****DG*5*VS*00000
ZA*QS***006*20100720
CTP**UCP*5.24
SDQ*EA*ZZ*4470*1
CTT*2
SE*13*0007
ST*852*0008
XQ*H*20100721
N9*AD*T00000067
LIN**IN*002033703*ZZ*43*UP*008914769068*****DG*1*VS*00000
ZA*QS***006*20100720
CTP**UCP*5.24
SDQ*EA*ZZ*3523*1
CTT*1
SE*9*0008
ST*852*0009
XQ*H*20100721
N9*AD*T00000067
LIN**IN*002037577*ZZ*43*UP*008914769174*****DG*1*VS*00000
ZA*QS***006*20100720
CTP**UCP*9
SDQ*EA*ZZ*3517*1
LIN**IN*002037577*ZZ*43*UP*008914769174*****DG*8*VS*00000
ZA*QS***006*20100720
CTP**UCP*9
SDQ*EA*ZZ*3131*2
CTT*2
SE*13*0009
ST*852*0010
XQ*H*20100721
N9*AD*T00000067
LIN**IN*002037578*ZZ*43*UP*008914769181*****DG*1*VS*00000
ZA*QS***006*20100720
CTP**UCP*9
SDQ*EA*ZZ*3517*1
CTT*1
SE*9*0010
ST*852*0011
XQ*H*20100721
N9*AD*T00000067
LIN**IN*002037671*ZZ*43*UP*008914769266*****DG*1*VS*00000
ZA*QS***006*20100720
CTP**UCP*6.5
SDQ*EA*ZZ*3737*1
CTT*1
SE*9*0011
ST*852*0012
XQ*H*20100721
N9*AD*T00000067
LIN**IN*002305582*ZZ*43*UP*008914703093*****DG*1*VS*00000
ZA*QS***006*20100720
CTP**UCP*2.75
SDQ*EA*ZZ*3737*2
CTT*1
SE*9*0012
ST*852*0013
XQ*H*20100721
N9*AD*T00000067
LIN**IN*002319528*ZZ*43*UP*008914305907*****DG*1*VS*00000
ZA*QS***006*20100720
CTP**UCP*.95
SDQ*EA*ZZ*3229*1*3277*6*3523*3*7673*2
CTT*1
SE*9*0013
ST*852*0014
XQ*H*20100721
N9*AD*T00000067
LIN**IN*002319717*ZZ*43*UP*008914722032*****DG*1*VS*00000
ZA*QS***006*20100720
CTP**UCP*9
SDQ*EA*ZZ*3131*1
CTT*1
SE*9*0014
ST*852*0015
XQ*H*20100721
N9*AD*T00000067
LIN**IN*002319726*ZZ*43*UP*008914722001*****DG*1*VS*00000
ZA*QS***006*20100720
CTP**UCP*9
SDQ*EA*ZZ*3737*1
CTT*1
SE*9*0015
ST*852*0016
XQ*H*20100721
N9*AD*T00000067
LIN**IN*002422112*ZZ*43*UP*008914500340*****DG*1*VS*00000
ZA*QS***006*20100720
CTP**UCP*.75
SDQ*EA*ZZ*3710*2
CTT*1
SE*9*0016
ST*852*0017
XQ*H*20100721
N9*AD*T00000067
LIN**IN*002477761*ZZ*43*UP*008914309462*****DG*1*VS*00000
ZA*QS***006*20100720
CTP**UCP*.7
SDQ*EA*ZZ*4860*2*7182*3*7257*3
CTT*1
SE*9*0017
ST*852*0018
XQ*H*20100721
N9*AD*T00000067
LIN**IN*002479369*ZZ*43*UP*008914702508*****DG*1*VS*00000
ZA*QS***006*20100720
CTP**UCP*.53
SDQ*EA*ZZ*3131*1
CTT*1
SE*9*0018
ST*852*0019
XQ*H*20100721
N9*AD*T00000067
LIN**IN*002479370*ZZ*43*UP*008914702515*****DG*1*VS*00000
ZA*QS***006*20100720
CTP**UCP*.53
SDQ*EA*ZZ*4860*1*7235*1
CTT*1
SE*9*0019
ST*852*0020
XQ*H*20100721
N9*AD*T00000067
LIN**IN*002479372*ZZ*43*UP*008914702522*****DG*1*VS*00000
ZA*QS***006*20100720
CTP**UCP*.53
SDQ*EA*ZZ*3196*3*3277*4*3414*8*7673*6
CTT*1
SE*9*0020
ST*852*0021
XQ*H*20100721
N9*AD*T00000067
LIN**IN*002479377*ZZ*43*UP*008914702546*****DG*1*VS*00000
ZA*QS***006*20100720
CTP**UCP*.53
SDQ*EA*ZZ*3196*10*3523*1*4344*4*7235*2*7257*2*7713*3
CTT*1
SE*9*0021
ST*852*0022
XQ*H*20100721
N9*AD*T00000067
LIN**IN*002479378*ZZ*43*UP*008914702553*****DG*1*VS*00000
ZA*QS***006*20100720
CTP**UCP*.53
SDQ*EA*ZZ*3523*1
CTT*1
SE*9*0022
ST*852*0023
XQ*H*20100721
N9*AD*T00000067
LIN**IN*002479380*ZZ*43*UP*008914702577*****DG*1*VS*00000
ZA*QS***006*20100720
CTP**UCP*.53
SDQ*EA*ZZ*3028*4*3050*2*3196*2*3361*2*3414*5*3523*2*3796*2*4860*3*7713*9
CTT*1
SE*9*0023
ST*852*0024
XQ*H*20100721
N9*AD*T00000067
LIN**IN*002479381*ZZ*43*UP*008914702652*****DG*1*VS*00000
ZA*QS***006*20100720
CTP**UCP*.53
SDQ*EA*ZZ*3056*2*9125*5
CTT*1
SE*9*0024
ST*852*0025
XQ*H*20100721
N9*AD*T00000067
LIN**IN*016489015*ZZ*43*UP*008914394437*****DG*1*VS*00000
ZA*QS***006*20100720
CTP**UCP*6.25
SDQ*EA*ZZ*3737*1
CTT*1
SE*9*0025
ST*852*0026
XQ*H*20100721
N9*AD*T00000067
LIN**IN*016489021*ZZ*43*UP*008914394116*****DG*1*VS*00000
ZA*QS***006*20100720
CTP**UCP*6.25
SDQ*EA*ZZ*4344*1
CTT*1
SE*9*0026
ST*852*0027
XQ*H*20100721
N9*AD*T00000067
LIN**IN*039021512*ZZ*43*UP*008914701082*****DG*1*VS*00000
ZA*QS***006*20100720
CTP**UCP*3
SDQ*EA*ZZ*3524*5*4470*1*7713*1
CTT*1
SE*9*0027
ST*852*0028
XQ*H*20100721
N9*AD*T00000067
LIN**IN*039021513*ZZ*43*UP*008914701075*****DG*1*VS*00000
ZA*QS***006*20100720
CTP**UCP*3
SDQ*EA*ZZ*3229*1
CTT*1
SE*9*0028
ST*852*0029
XQ*H*20100721
N9*AD*T00000067
LIN**IN*039021515*ZZ*43*UP*008914702027*****DG*1*VS*00000
ZA*QS***006*20100720
CTP**UCP*3
SDQ*EA*ZZ*3517*1*3524*2*4860*1
CTT*1
SE*9*0029
ST*852*0030
XQ*H*20100721
N9*AD*T00000067
LIN**IN*043633519*ZZ*43*UP*008914302043*****DG*1*VS*00000
ZA*QS***006*20100720
CTP**UCP*4.44
SDQ*EA*ZZ*3056*1*3517*1*4478*1*4860*2*7554*3*7713*1
CTT*1
SE*9*0030
ST*852*0031
XQ*H*20100721
N9*AD*T00000067
LIN**IN*043633521*ZZ*43*UP*008914306935*****DG*1*VS*00000
ZA*QS***006*20100720
CTP**UCP*4.44
SDQ*EA*ZZ*3117*1*7673*2
LIN**IN*043633521*ZZ*43*UP*008914306935*****DG*5*VS*00000
ZA*QS***006*20100720
CTP**UCP*4.44
SDQ*EA*ZZ*7602*3
CTT*2
SE*13*0031
ST*852*0032
XQ*H*20100721
N9*AD*T00000067
LIN**IN*043635716*ZZ*43*UP*008914305334*****DG*1*VS*00000
ZA*QS***006*20100720
CTP**UCP*5.24
SDQ*EA*ZZ*4344*1
CTT*1
SE*9*0032
ST*852*0033
XQ*H*20100721
N9*AD*T00000067
LIN**IN*043635720*ZZ*43*UP*008914350860*****DG*1*VS*00000
ZA*QS***006*20100720
CTP**UCP*5.24
SDQ*EA*ZZ*3523*1
CTT*1
SE*9*0033
ST*852*0034
XQ*H*20100721
N9*AD*T00000067
LIN**IN*043635723*ZZ*43*UP*008914305112*****DG*1*VS*00000
ZA*QS***006*20100720
CTP**UCP*5.24
SDQ*EA*ZZ*4478*1
CTT*1
SE*9*0034
ST*852*0035
XQ*H*20100721
N9*AD*T00000067
LIN**IN*043635724*ZZ*43*UP*008914350877*****DG*1*VS*00000
ZA*QS***006*20100720
CTP**UCP*5.24
SDQ*EA*ZZ*7192*1
CTT*1
SE*9*0035
ST*852*0036
XQ*H*20100721
N9*AD*T00000067
LIN**IN*043635734*ZZ*43*UP*008914305228*****DG*1*VS*00000
ZA*QS***006*20100720
CTP**UCP*5.24
SDQ*EA*ZZ*7713*1
CTT*1
SE*9*0036
ST*852*0037
XQ*H*20100721
N9*AD*T00000067
LIN**IN*043635736*ZZ*43*UP*008914305853*****DG*1*VS*00000
ZA*QS***006*20100720
CTP**UCP*5.24
SDQ*EA*ZZ*3028*1*3256*1*4860*4
LIN**IN*043635736*ZZ*43*UP*008914305853*****DG*5*VS*00000
ZA*QS***006*20100720
CTP**UCP*5.24
SDQ*EA*ZZ*3202*1
CTT*2
SE*13*0037
ST*852*0038
XQ*H*20100721
N9*AD*T00000067
LIN**IN*044347051*ZZ*43*UP*008914009447*****DG*1*VS*00000
ZA*QS***006*20100720
CTP**UCP*4.15
SDQ*EA*ZZ*7209*1
CTT*1
SE*9*0038
ST*852*0039
XQ*H*20100721
N9*AD*T00000067
LIN**IN*044347055*ZZ*43*UP*008914009539*****DG*1*VS*00000
ZA*QS***006*20100720
CTP**UCP*2
SDQ*EA*ZZ*4936*2
CTT*1
SE*9*0039
ST*852*0040
XQ*H*20100721
N9*AD*T00000067
LIN**IN*044347854*ZZ*43*UP*008914702256*****DG*1*VS*00000
ZA*QS***006*20100720
CTP**UCP*2.75
SDQ*EA*ZZ*3737*3
CTT*1
SE*9*0040
ST*852*0041
XQ*H*20100721
N9*AD*T00000067
LIN**IN*044348940*ZZ*43*UP*008914394888*****DG*1*VS*00000
ZA*QS***006*20100720
CTP**UCP*8
SDQ*EA*ZZ*3202*3
CTT*1
SE*9*0041
ST*852*0042
XQ*H*20100721
N9*AD*T00000067
LIN**IN*044422494*ZZ*43*UP*008914380119*****DG*1*VS*00000
ZA*QS***006*20100720
CTP**UCP*1.1
SDQ*EA*ZZ*3056*1*3517*3*3524*2*3737*2*4361*2*4470*4*7192*1
CTT*1
SE*9*0042
ST*852*0043
XQ*H*20100721
N9*AD*T00000067
LIN**IN*049429711*ZZ*43*UP*008914008938*****DG*1*VS*00000
ZA*QS***006*20100720
CTP**UCP*4.15
SDQ*EA*ZZ*3050*10*3056*14*3414*2*3737*2*3824*6*3895*6*4470*5
CTT*1
SE*9*0043
ST*852*0044
XQ*H*20100721
N9*AD*T00000067
LIN**IN*081250914*ZZ*43*UP*008914009867*****DG*1*VS*00000
ZA*QS***006*20100720
CTP**UCP*4.75
SDQ*EA*ZZ*3524*6*3737*9
CTT*1
SE*9*0044
ST*852*0045
XQ*H*20100721
N9*AD*T00000067
LIN**IN*081250916*ZZ*43*UP*008914008785*****DG*1*VS*00000
ZA*QS***006*20100720
CTP**UCP*4.15
SDQ*EA*ZZ*3050*3
CTT*1
SE*9*0045
ST*852*0046
XQ*H*20100721
N9*AD*T00000067
LIN**IN*081250919*ZZ*43*UP*008914009294*****DG*1*VS*00000
ZA*QS***006*20100720
CTP**UCP*4.15
SDQ*EA*ZZ*3524*1*3737*4
CTT*1
SE*9*0046
ST*852*0047
XQ*H*20100721
N9*AD*T00000067
LIN**IN*081250925*ZZ*43*UP*008914009126*****DG*1*VS*00000
ZA*QS***006*20100720
CTP**UCP*4.15
SDQ*EA*ZZ*3737*3
CTT*1
SE*9*0047
ST*852*0048
XQ*H*20100721
N9*AD*T00000067
LIN**IN*081250926*ZZ*43*UP*008914009386*****DG*1*VS*00000
ZA*QS***006*20100720
CTP**UCP*4.15
SDQ*EA*ZZ*3523*1
CTT*1
SE*9*0048
ST*852*0049
XQ*H*20100721
N9*AD*T00000067
LIN**IN*082702215*ZZ*43*UP*008914008921*****DG*1*VS*00000
ZA*QS***006*20100720
CTP**UCP*4.15
SDQ*EA*ZZ*4010*2
CTT*1
SE*9*0049
ST*852*0050
XQ*H*20100721
N9*AD*T00000067
LIN**IN*082708111*ZZ*43*UP*008914500012*****DG*1*VS*00000
ZA*QS***006*20100720
CTP**UCP*2.5
SDQ*EA*ZZ*3056*1
CTT*1
SE*9*0050
ST*852*0051
XQ*H*20100721
N9*AD*T00000067
LIN**IN*082708112*ZZ*43*UP*008914500074*****DG*1*VS*00000
ZA*QS***006*20100720
CTP**UCP*2.5
SDQ*EA*ZZ*3202*3*4470*2
CTT*1
SE*9*0051
ST*852*0052
XQ*H*20100721
N9*AD*T00000067
LIN**IN*082708119*ZZ*43*UP*008914500272*****DG*1*VS*00000
ZA*QS***006*20100720
CTP**UCP*2.5
SDQ*EA*ZZ*9770*3
CTT*1
SE*9*0052
ST*852*0053
XQ*H*20100721
N9*AD*T00000067
LIN**IN*083062216*ZZ*43*UP*008914394741*****DG*1*VS*00000
ZA*QS***006*20100720
CTP**UCP*8
SDQ*EA*ZZ*3202*3*3524*2*3737*4
CTT*1
SE*9*0053
ST*852*0054
XQ*H*20100721
N9*AD*T00000067
LIN**IN*083150715*ZZ*43*UP*008914704007*****DG*1*VS*00000
ZA*QS***006*20100720
CTP**UCP*3.25
SDQ*EA*ZZ*7673*1
CTT*1
SE*9*0054
ST*852*0055
XQ*H*20100721
N9*AD*T00000067
LIN**IN*089302511*ZZ*43*UP*008914010238*****DG*1*VS*00000
ZA*QS***006*20100720
CTP**UCP*13
SDQ*EA*ZZ*3071*1
CTT*1
SE*9*0055
ST*852*0056
XQ*H*20100721
N9*AD*T00000067
LIN**IN*089950411*ZZ*43*UP*008914006279*****DG*1*VS*00000
ZA*QS***006*20100720
CTP**UCP*2.15
SDQ*EA*ZZ*3710*1*7120*1
CTT*1
SE*9*0056
ST*852*0057
XQ*H*20100721
N9*AD*T00000067
LIN**IN*097488215*ZZ*43*UP*008914301961*****DG*1*VS*00000
ZA*QS***006*20100720
CTP**UCP*.7
SDQ*EA*ZZ*3050*1*3117*1*3361*2
LIN**IN*097488215*ZZ*43*UP*008914301961*****DG*5*VS*00000
ZA*QS***006*20100720
CTP**UCP*.7
SDQ*EA*ZZ*7192*6
LIN**IN*097488215*ZZ*43*UP*008914307413*****DG*1*VS*00000
ZA*QS***006*20100720
CTP**UCP*.7
SDQ*EA*ZZ*3117*3*3229*3*3414*1*3524*1*3737*24*4470*10*4860*5*7713*4*9125*1
LIN**IN*097488215*ZZ*43*UP*008914308250*****DG*1*VS*00000
ZA*QS***006*20100720
CTP**UCP*.7
SDQ*EA*ZZ*4860*8*7257*3*7602*6
CTT*4
SE*21*0057
ST*852*0058
XQ*H*20100721
N9*AD*T00000067
LIN**IN*097488217*ZZ*43*UP*008914380256*****DG*1*VS*00000
ZA*QS***006*20100720
CTP**UCP*1.45
SDQ*EA*ZZ*3229*1
CTT*1
SE*9*0058
ST*852*0059
XQ*H*20100721
N9*AD*T00000067
LIN**IN*097488218*ZZ*43*UP*008914320023*****DG*1*VS*00000
ZA*QS***006*20100720
CTP**UCP*.7
SDQ*EA*ZZ*4860*1*7673*3*7713*13*9125*3
LIN**IN*097488218*ZZ*43*UP*008914394154*****DG*1*VS*00000
ZA*QS***006*20100720
CTP**UCP*.7
SDQ*EA*ZZ*7257*1
CTT*2
SE*13*0059
ST*852*0060
XQ*H*20100721
N9*AD*T00000067
LIN**IN*097900011*ZZ*43*UP*008914600002*****DG*1*VS*00000
ZA*QS***006*20100720
CTP**UCP*2.5
SDQ*EA*ZZ*3737*3*7713*1
CTT*1
SE*9*0060
ST*852*0061
XQ*H*20100721
N9*AD*T00000067
LIN**IN*097900511*ZZ*43*UP*008914011020*****DG*1*VS*00000
ZA*QS***006*20100720
CTP**UCP*7.6
SDQ*EA*ZZ*3737*4*4344*1*7257*1
LIN**IN*097900511*ZZ*43*UP*008914011020*****DG*5*VS*00000
ZA*QS***006*20100720
CTP**UCP*7.6
SDQ*EA*ZZ*7673*1
CTT*2
SE*13*0061
ST*852*0062
XQ*H*20100721
N9*AD*T00000067
LIN**IN*097900911*ZZ*43*UP*008914702003*****DG*1*VS*00000
ZA*QS***006*20100720
CTP**UCP*1.15
SDQ*EA*ZZ*3028*2*3056*2*3117*7*3196*2*3523*5*3737*4*4470*2*7713*3
CTT*1
SE*9*0062
ST*852*0063
XQ*H*20100721
N9*AD*T00000067
LIN**IN*097901011*ZZ*43*UP*008914702607*****DG*1*VS*00000
ZA*QS***006*20100720
CTP**UCP*1.63
SDQ*EA*ZZ*3523*2*3524*8*3737*7
LIN**IN*097901011*ZZ*43*UP*008914702621*****DG*1*VS*00000
ZA*QS***006*20100720
CTP**UCP*1.63
SDQ*EA*ZZ*3028*2*3117*2*3523*2*3737*1
CTT*2
SE*13*0063
ST*852*0064
XQ*H*20100721
N9*AD*T00000067
LIN**IN*097901211*ZZ*43*UP*008914707114*****DG*1*VS*00000
ZA*QS***006*20100720
CTP**UCP*1.5
SDQ*EA*ZZ*3277*1
LIN**IN*097901211*ZZ*43*UP*008914707121*****DG*1*VS*00000
ZA*QS***006*20100720
CTP**UCP*1.5
SDQ*EA*ZZ*3737*3
LIN**IN*097901211*ZZ*43*UP*008914707169*****DG*1*VS*00000
ZA*QS***006*20100720
CTP**UCP*1.5
SDQ*EA*ZZ*3277*2*3737*1*4470*2
CTT*3
SE*17*0064
ST*852*0065
XQ*H*20100721
N9*AD*T00000067
LIN**IN*097901411*ZZ*43*UP*008914782043*****DG*1*VS*00000
ZA*QS***006*20100720
CTP**UCP*4.5
SDQ*EA*ZZ*3071*1*3737*1
LIN**IN*097901411*ZZ*43*UP*008914782050*****DG*1*VS*00000
ZA*QS***006*20100720
CTP**UCP*4.5
SDQ*EA*ZZ*3071*2*3202*9*3523*1*3524*2*4344*3
LIN**IN*097901411*ZZ*43*UP*008914782098*****DG*1*VS*00000
ZA*QS***006*20100720
CTP**UCP*4.5
SDQ*EA*ZZ*3071*3*3524*4*4344*2
LIN**IN*097901411*ZZ*43*UP*008914782159*****DG*1*VS*00000
ZA*QS***006*20100720
CTP**UCP*4.5
SDQ*EA*ZZ*3071*2*4344*2
LIN**IN*097901411*ZZ*43*UP*008914782173*****DG*1*VS*00000
ZA*QS***006*20100720
CTP**UCP*4.5
SDQ*EA*ZZ*3071*4*3737*3
CTT*5
SE*25*0065
ST*852*0066
XQ*H*20100721
N9*AD*T00000067
LIN**IN*097901614*ZZ*43*UP*008914008129*****DG*1*VS*00000
ZA*QS***006*20100720
CTP**UCP*7.25
SDQ*EA*ZZ*7209*1
CTT*1
SE*9*0066
GE*66*1291
IEA*1*000001291
ISA*00*          *00*          *14*072271711USAP  *01*056021462      *100721*0738*^*00406*000002184*1*P*>
GS*RA*072271711USAP*056021462*20100721*0738*2174*X*004060
ST*820*2174
BPR*I*16921.64*C*ACH*PBC
TRN*1*2002366419
CUR*BY*USD
REF*ZZ*2002366419
DTM*020*20100726
N1*PE*GARDEN STATE GROWERS
REF*VR*297831
N1*PR*HOME DEPOT U.S.A., INC.
ENT*1
RMR*IV*092857488**520.81*520.81*0*PT*0
REF*PO*0028039737
DTM*999*20100707
RMR*IV*097622967**63.67*63.67*0*PT*0
REF*PO*0076010120
DTM*999*20100706
RMR*IV*094475522**26.02*26.02*0*PT*0
REF*PO*0044078793
DTM*999*20100706
RMR*IV*098299614**37.56*37.56*0*PT*0
REF*PO*0082066774
DTM*999*20100706
RMR*IV*090281729**227.95*227.95*0*PT*0
REF*PO*0002042648
DTM*999*20100707
RMR*IV*095421244**432.59*432.59*0*PT*0
REF*PO*0054040975
DTM*999*20100706
RMR*IV*098045895**107.57*107.57*0*PT*0
REF*PO*0080000324
DTM*999*20100706
RMR*IV*092173908**78.46*78.46*0*PT*0
REF*PO*0021027800
DTM*999*20100707
RMR*IV*690388860**173.78*173.78*0*PT*0
REF*PO*0003081625
DTM*999*20100707
RMR*IV*691743356**22.84*22.84*0*PT*0
REF*PO*0017079185
DTM*999*20100706
RMR*IV*093397813**138.47*138.47*0*PT*0
REF*PO*0033036196
DTM*999*20100706
RMR*IV*095726920**34.38*34.38*0*PT*0
REF*PO*0057080911
DTM*999*20100706
RMR*IV*092010706**247.22*247.22*0*PT*0
REF*PO*0020013216
DTM*999*20100707
RMR*IV*090766483**29.15*29.15*0*PT*0
REF*PO*0007014256
DTM*999*20100706
RMR*IV*092173711**69.65*69.65*0*PT*0
REF*PO*0021027677
DTM*999*20100706
RMR*IV*093588802**118.67*118.67*0*PT*0
REF*PO*0035078477
DTM*999*20100706
RMR*IV*092615661**119.09*119.09*0*PT*0
REF*PO*0026070938
DTM*999*20100706
RMR*IV*091028093**176.62*176.62*0*PT*0
REF*PO*0010077442
DTM*999*20100706
RMR*IV*092795452**84.24*84.24*0*PT*0
REF*PO*0027097065
DTM*999*20100706
RMR*IV*092010600**157.46*157.46*0*PT*0
REF*PO*0020013094
DTM*999*20100706
RMR*IV*098906222**101.21*101.21*0*PT*0
REF*PO*0089096047
DTM*999*20100706
RMR*IV*095979396**227.27*227.27*0*PT*0
REF*PO*0059091153
DTM*999*20100706
RMR*IV*091881279**105.92*105.92*0*PT*0
REF*PO*0018062155
DTM*999*20100706
RMR*IV*091615929**29.81*29.81*0*PT*0
REF*PO*0016014051
DTM*999*20100706
RMR*IV*098177221**78.09*78.09*0*PT*0
REF*PO*0081019291
DTM*999*20100706
RMR*IV*090352498**78.22*78.22*0*PT*0
REF*PO*0003078903
DTM*999*20100706
RMR*IV*091971520**92.68*92.68*0*PT*0
REF*PO*0019068856
DTM*999*20100706
RMR*IV*690388693**108.01*108.01*0*PT*0
REF*PO*0003081571
DTM*999*20100706
RMR*IV*091427759**121.1*121.1*0*PT*0
REF*PO*0014026646
DTM*999*20100706
RMR*IV*094373052**148.63*148.63*0*PT*0
REF*PO*0043017559
DTM*999*20100707
RMR*IV*094217226**148.92*148.92*0*PT*0
REF*PO*0042097507
DTM*999*20100707
RMR*IV*093588942**195.8*195.8*0*PT*0
REF*PO*0035078579
DTM*999*20100707
RMR*IV*097705062**24.08*24.08*0*PT*0
REF*PO*0077021511
DTM*999*20100706
RMR*IV*091242834**145.78*145.78*0*PT*0
REF*PO*0012028091
DTM*999*20100706
RMR*IV*122058114**2.98*2.98*0*PT*0
REF*PO*0020089060
DTM*999*20100706
RMR*IV*691174022**65.21*65.21*0*PT*0
REF*PO*0011032301
DTM*999*20100706
RMR*IV*847516755**94.73*94.73*0*PT*0
REF*PO*0075055780
DTM*999*20100706
RMR*IV*091781587**137.17*137.17*0*PT*0
REF*PO*0017037206
DTM*999*20100706
RMR*IV*097512140**36.02*36.02*0*PT*0
REF*PO*0075014717
DTM*999*20100706
RMR*IV*096126898**58.74*58.74*0*PT*0
REF*PO*0061017993
DTM*999*20100706
RMR*IV*097443748**76.57*76.57*0*PT*0
REF*PO*0074088209
DTM*999*20100706
RMR*IV*095168162**162.83*162.83*0*PT*0
REF*PO*0051034781
DTM*999*20100706
RMR*IV*094372783**192.11*192.11*0*PT*0
REF*PO*0043017435
DTM*999*20100706
RMR*IV*097041594**33.68*33.68*0*PT*0
REF*PO*0070048195
DTM*999*20100706
RMR*IV*690544251**125.82*125.82*0*PT*0
REF*PO*0005037304
DTM*999*20100706
RMR*IV*093009003**104.56*104.56*0*PT*0
REF*PO*0030019259
DTM*999*20100706
RMR*IV*092795653**126.52*126.52*0*PT*0
REF*PO*0027097214
DTM*999*20100707
RMR*IV*096504454**183.34*183.34*0*PT*0
REF*PO*0065048095
DTM*999*20100706
RMR*IV*092857186**387.78*387.78*0*PT*0
REF*PO*0028039630
DTM*999*20100706
RMR*IV*093398028**54.63*54.63*0*PT*0
REF*PO*0033036320
DTM*999*20100707
RMR*IV*090814009**68.61*68.61*0*PT*0
REF*PO*0008082872
DTM*999*20100706
RMR*IV*093982045**74.87*74.87*0*PT*0
REF*PO*0039073040
DTM*999*20100706
RMR*IV*094095671**93.66*93.66*0*PT*0
REF*PO*0040072222
DTM*999*20100706
RMR*IV*092986274**93.74*93.74*0*PT*0
REF*PO*0029040020
DTM*999*20100706
RMR*IV*092595220**93.98*93.98*0*PT*0
REF*PO*0025076883
DTM*999*20100706
RMR*IV*090165449**380.93*380.93*0*PT*0
REF*PO*0001010732
DTM*999*20100706
RMR*IV*691174198**90.33*90.33*0*PT*0
REF*PO*0011032416
DTM*999*20100707
RMR*IV*096907008**148.36*148.36*0*PT*0
REF*PO*0069028007
DTM*999*20100706
RMR*IV*094975722**208.45*208.45*0*PT*0
REF*PO*0049086084
DTM*999*20100707
RMR*IV*684578014**116.07*116.07*0*PT*0
REF*PO*0045036260
DTM*999*20100706
RMR*IV*094697054**142.36*142.36*0*PT*0
REF*PO*0046047092
DTM*999*20100706
RMR*IV*090281487**167.85*167.85*0*PT*0
REF*PO*0002042545
DTM*999*20100706
RMR*IV*094217043**194.37*194.37*0*PT*0
REF*PO*0042097351
DTM*999*20100706
RMR*IV*091616094**34.38*34.38*0*PT*0
REF*PO*0016014154
DTM*999*20100707
RMR*IV*093982220**80.2*80.2*0*PT*0
REF*PO*0039073147
DTM*999*20100707
RMR*IV*093423196**142.24*142.24*0*PT*0
REF*PO*0034034799
DTM*999*20100707
RMR*IV*093422896**301.16*301.16*0*PT*0
REF*PO*0034034697
DTM*999*20100706
RMR*IV*090915169**175.65*175.65*0*PT*0
REF*PO*0009021497
DTM*999*20100707
RMR*IV*097443901**176.32*176.32*0*PT*0
REF*PO*0074088290
DTM*999*20100707
RMR*IV*094975447**178.55*178.55*0*PT*0
REF*PO*0049085972
DTM*999*20100706
RMR*IV*093009156**183.94*183.94*0*PT*0
REF*PO*0030019375
DTM*999*20100707
RMR*IV*097041739**27.96*27.96*0*PT*0
REF*PO*0070048303
DTM*999*20100707
RMR*IV*091427983**63.31*63.31*0*PT*0
REF*PO*0014026770
DTM*999*20100707
RMR*IV*091028248**251.79*251.79*0*PT*0
REF*PO*0010077548
DTM*999*20100707
RMR*IV*095372042**262.3*262.3*0*PT*0
REF*PO*0053060838
DTM*999*20100706
RMR*IV*098431060**357.66*357.66*0*PT*0
REF*PO*0084073727
DTM*999*20100706
RMR*IV*092986529**70.79*70.79*0*PT*0
REF*PO*0029040136
DTM*999*20100707
RMR*IV*691743525**97.71*97.71*0*PT*0
REF*PO*0017079329
DTM*999*20100707
RMR*IV*090914869**260.76*260.76*0*PT*0
REF*PO*0009021377
DTM*999*20100706
RMR*IV*091781823**155.03*155.03*0*PT*0
REF*PO*0017037324
DTM*999*20100707
RMR*IV*090165712**461.66*461.66*0*PT*0
REF*PO*0001010803
DTM*999*20100707
RMR*IV*091584431**1317.45*1317.45*0*PT*0
REF*PO*0015043381
DTM*999*20100706
RMR*IV*097512389**140.82*140.82*0*PT*0
REF*PO*0075014823
DTM*999*20100707
RMR*IV*096127102**220.14*220.14*0*PT*0
REF*PO*0061018107
DTM*999*20100707
RMR*IV*095979680**241.58*241.58*0*PT*0
REF*PO*0059091295
DTM*999*20100707
RMR*IV*097705184**17.91*17.91*0*PT*0
REF*PO*0077021586
DTM*999*20100707
RMR*IV*090352759**85.68*85.68*0*PT*0
REF*PO*0003079060
DTM*999*20100707
RMR*IV*094095846**85.97*85.97*0*PT*0
REF*PO*0040072342
DTM*999*20100707
RMR*IV*098906461**138.7*138.7*0*PT*0
REF*PO*0089096212
DTM*999*20100707
RMR*IV*095168374**138.91*138.91*0*PT*0
REF*PO*0051034889
DTM*999*20100707
RMR*IV*690544397**143.47*143.47*0*PT*0
REF*PO*0005037352
DTM*999*20100707
RMR*IV*098431222**244.48*244.48*0*PT*0
REF*PO*0084073846
DTM*999*20100707
RMR*IV*090814248**259.98*259.98*0*PT*0
REF*PO*0008082983
DTM*999*20100707
RMR*IV*095372185**397.7*397.7*0*PT*0
REF*PO*0053060993
DTM*999*20100707
RMR*IV*847517023**139.36*139.36*0*PT*0
REF*PO*0075055889
DTM*999*20100707
RMR*IV*094475752**182.28*182.28*0*PT*0
REF*PO*0044078912
DTM*999*20100707
RMR*IV*092595464**263.16*263.16*0*PT*0
REF*PO*0025077011
DTM*999*20100707
RMR*IV*091881614**29*29*0*PT*0
REF*PO*0018062294
DTM*999*20100707
RMR*IV*090766702**165.27*165.27*0*PT*0
REF*PO*0007014370
DTM*999*20100707
RMR*IV*091243012**165.99*165.99*0*PT*0
REF*PO*0012028212
DTM*999*20100707
RMR*IV*095421476**433.84*433.84*0*PT*0
REF*PO*0054041098
DTM*999*20100707
RMR*IV*097623039**54.23*54.23*0*PT*0
REF*PO*0076010246
DTM*999*20100707
RMR*IV*091971754**131.24*131.24*0*PT*0
REF*PO*0019069006
DTM*999*20100707
RMR*IV*091584649**1172.64*1172.64*0*PT*0
REF*PO*0015043508
DTM*999*20100707
RMR*IV*094697155**96.04*96.04*0*PT*0
REF*PO*0046047207
DTM*999*20100707
RMR*IV*098177358**96.34*96.34*0*PT*0
REF*PO*0081019401
DTM*999*20100707
RMR*IV*096907205**149.46*149.46*0*PT*0
REF*PO*0069028120
DTM*999*20100707
RMR*IV*684578326**150.26*150.26*0*PT*0
REF*PO*0045036383
DTM*999*20100707
RMR*IV*098299843**42.83*42.83*0*PT*0
REF*PO*0082066892
DTM*999*20100707
RMR*IV*096504623**123.47*123.47*0*PT*0
REF*PO*0065048204
DTM*999*20100707
RMR*IV*095727127**65.8*65.8*0*PT*0
REF*PO*0057081032
DTM*999*20100707
RMR*IV*098046048**282.16*282.16*0*PT*0
REF*PO*0080000435
DTM*999*20100707
RMR*IV*092615954**160.01*160.01*0*PT*0
REF*PO*0026071122
DTM*999*20100707
RMR*OS*69059848**-14.6*-14.6*0*CM*0
REF*PO*CONSIGNM
DTM*999*20100719
RMR*OS*09069831**-16.48*-16.48*0*CM*0
REF*PO*CONSIGNM
DTM*999*20100717
RMR*OS*09597765**-73.32*-73.32*0*CM*0
REF*PO*CONSIGNM
DTM*999*20100717
RMR*OS*09464084**-5*-5*0*CM*0
REF*PO*CONSIGNM
DTM*999*20100719
RMR*OS*09538841**-5.35*-5.35*0*CM*0
REF*PO*CONSIGNM
DTM*999*20100719
RMR*OS*09541694**-30*-30*0*CM*0
REF*PO*CONSIGNM
DTM*999*20100719
RMR*OS*09106516**-33.25*-33.25*0*CM*0
REF*PO*CONSIGNM
DTM*999*20100718
RMR*OS*09890374**-33.5*-33.5*0*CM*0
REF*PO*CONSIGNM
DTM*999*20100718
RMR*OS*09652820**-10.48*-10.48*0*CM*0
REF*PO*CONSIGNM
DTM*999*20100719
RMR*OS*09199732**-60*-60*0*CM*0
REF*PO*CONSIGNM
DTM*999*20100718
RMR*OS*09019644**-62.8*-62.8*0*CM*0
REF*PO*CONSIGNM
DTM*999*20100718
RMR*OS*09126418**-29.25*-29.25*0*CM*0
REF*PO*CONSIGNM
DTM*999*20100718
RMR*OS*84754912**-19.45*-19.45*0*CM*0
REF*PO*CONSIGNM
DTM*999*20100719
RMR*OS*09019640**-6*-6*0*CM*0
REF*PO*CONSIGNM
DTM*999*20100717
RMR*OS*09597769**-21.25*-21.25*0*CM*0
REF*PO*CONSIGNM
DTM*999*20100718
RMR*OS*09069836**-12.4*-12.4*0*CM*0
REF*PO*CONSIGNM
DTM*999*20100718
RMR*OS*84754903**-13.06*-13.06*0*CM*0
REF*PO*CONSIGNM
DTM*999*20100717
RMR*OS*09208021**-45.97*-45.97*0*CM*0
REF*PO*CONSIGNM
DTM*999*20100717
RMR*OS*09070697**-9.25*-9.25*0*CM*0
REF*PO*CONSIGNM
DTM*999*20100719
RMR*OS*09032077**-9.25*-9.25*0*CM*0
REF*PO*CONSIGNM
DTM*999*20100719
RMR*OS*09519610**-5*-5*0*CM*0
REF*PO*CONSIGNM
DTM*999*20100717
RMR*OS*09259401**-5*-5*0*CM*0
REF*PO*CONSIGNM
DTM*999*20100717
RMR*OS*09259415**-154.6*-154.6*0*CM*0
REF*PO*CONSIGNM
DTM*999*20100718
RMR*OS*09336347**-6.2*-6.2*0*CM*0
REF*PO*CONSIGNM
DTM*999*20100717
RMR*OS*09286205**-7.75*-7.75*0*CM*0
REF*PO*CONSIGNM
DTM*999*20100717
RMR*OS*09351871**-15.64*-15.64*0*CM*0
REF*PO*CONSIGNM
DTM*999*20100718
RMR*OS*09217062**-15*-15*0*CM*0
REF*PO*CONSIGNM
DTM*999*20100719
RMR*OS*09426778**-15*-15*0*CM*0
REF*PO*CONSIGNM
DTM*999*20100719
RMR*OS*09706911**-18*-18*0*CM*0
REF*PO*CONSIGNM
DTM*999*20100718
RMR*OS*68455090**-18.2*-18.2*0*CM*0
REF*PO*CONSIGNM
DTM*999*20100717
RMR*OS*09391806**-18.5*-18.5*0*CM*0
REF*PO*CONSIGNM
DTM*999*20100718
RMR*OS*09464081**-18.5*-18.5*0*CM*0
REF*PO*CONSIGNM
DTM*999*20100718
RMR*OS*09304980**-18.5*-18.5*0*CM*0
REF*PO*CONSIGNM
DTM*999*20100717
RMR*OS*09842872**-14.2*-14.2*0*CM*0
REF*PO*CONSIGNM
DTM*999*20100718
RMR*OS*09541686**-89.08*-89.08*0*CM*0
REF*PO*CONSIGNM
DTM*999*20100717
RMR*OS*09769443**-13.95*-13.95*0*CM*0
REF*PO*CONSIGNM
DTM*999*20100718
RMR*OS*09286209**-82.25*-82.25*0*CM*0
REF*PO*CONSIGNM
DTM*999*20100718
RMR*OS*09351877**-15.35*-15.35*0*CM*0
REF*PO*CONSIGNM
DTM*999*20100719
RMR*OS*09274133**-10.48*-10.48*0*CM*0
REF*PO*CONSIGNM
DTM*999*20100717
RMR*OS*84754905**-10.75*-10.75*0*CM*0
REF*PO*CONSIGNM
DTM*999*20100718
RMR*OS*09267229**-6.6*-6.6*0*CM*0
REF*PO*CONSIGNM
DTM*999*20100719
RMR*OS*09426775**-9.64*-9.64*0*CM*0
REF*PO*CONSIGNM
DTM*999*20100718
RMR*OS*09173433**-10*-10*0*CM*0
REF*PO*CONSIGNM
DTM*999*20100718
RMR*OS*09770344**-6*-6*0*CM*0
REF*PO*CONSIGNM
DTM*999*20100719
RMR*OS*68455093**-34.98*-34.98*0*CM*0
REF*PO*CONSIGNM
DTM*999*20100718
RMR*OS*09803279**-6.53*-6.53*0*CM*0
REF*PO*CONSIGNM
DTM*999*20100718
RMR*OS*09493070**-6.85*-6.85*0*CM*0
REF*PO*CONSIGNM
DTM*999*20100717
RMR*OS*09697449**-3.95*-3.95*0*CM*0
REF*PO*CONSIGNM
DTM*999*20100717
RMR*OS*09086475**-118.6*-118.6*0*CM*0
REF*PO*CONSIGNM
DTM*999*20100719
RMR*OS*09541689**-20.4*-20.4*0*CM*0
REF*PO*CONSIGNM
DTM*999*20100718
RMR*OS*09154727**-35.93*-35.93*0*CM*0
REF*PO*CONSIGNM
DTM*999*20100719
RMR*OS*09623524**-37.2*-37.2*0*CM*0
REF*PO*CONSIGNM
DTM*999*20100718
RMR*OS*69117772**-37.33*-37.33*0*CM*0
REF*PO*CONSIGNM
DTM*999*20100717
RMR*OS*09447433**-25.01*-25.01*0*CM*0
REF*PO*CONSIGNM
DTM*999*20100719
RMR*OS*09597774**-6.25*-6.25*0*CM*0
REF*PO*CONSIGNM
DTM*999*20100719
RMR*OS*09341486**-2.3*-2.3*0*CM*0
REF*PO*CONSIGNM
DTM*999*20100718
RMR*OS*09652817**-25.01*-25.01*0*CM*0
REF*PO*CONSIGNM
DTM*999*20100718
RMR*OS*09026257**-25.01*-25.01*0*CM*0
REF*PO*CONSIGNM
DTM*999*20100717
RMR*OS*09286214**-13.06*-13.06*0*CM*0
REF*PO*CONSIGNM
DTM*999*20100719
RMR*OS*09154683**-92.5*-92.5*0*CM*0
REF*PO*CONSIGNM
DTM*999*20100718
RMR*OS*09032069**-13.7*-13.7*0*CM*0
REF*PO*CONSIGNM
DTM*999*20100717
RMR*OS*09143391**-13.7*-13.7*0*CM*0
REF*PO*CONSIGNM
DTM*999*20100718
RMR*OS*09069842**-9.64*-9.64*0*CM*0
REF*PO*CONSIGNM
DTM*999*20100719
RMR*OS*09842876**-4.39*-4.39*0*CM*0
REF*PO*CONSIGNM
DTM*999*20100719
RMR*OS*09199740**-32.4*-32.4*0*CM*0
REF*PO*CONSIGNM
DTM*999*20100719
RMR*OS*09154678**-187.13*-187.13*0*CM*0
REF*PO*CONSIGNM
DTM*999*20100717
RMR*OS*09019650**-18.51*-18.51*0*CM*0
REF*PO*CONSIGNM
DTM*999*20100719
RMR*OS*09227247**-18.7*-18.7*0*CM*0
REF*PO*CONSIGNM
DTM*999*20100719
SE*554*2174
GE*1*2174
IEA*1*000002184
ISA*00*          *00*          *09*006985290EFT   *01*056021462      *100721*0302*U*00400*001000891*0*P*>
GS*RA*006985290EFT*056021462*20100721*0302*1000891*X*004010
ST*820*0001
BPR*I*1582.8*C*ACH*CCP*01*061209756*DA*2079900567397*9008965873**01*021200339*DA*8153619485*20100722*VEN
TRN*3*771485280*9008965873
DTM*097*20100721
N1*PR*SEARS HOLDINGS MANAGEMENT CORP.*1*008965873
N1*PE*GARDEN STATE GROWERS*92*00056021462
N1*SE*GARDEN STATE GROWERS*92*00056021462
ENT*1
RMR*IK*302820100713*PI*22.57*22.57*0
REF*PO*0020100713
REF*ST*03028
REF*DP*043
DTM*999*20100712
RMR*IK*305020100713*PI*26.93*26.93*0
REF*PO*0020100713
REF*ST*03050
REF*DP*043
DTM*999*20100712
RMR*IK*305620100713*PI*66.79*66.79*0
REF*PO*0020100713
REF*ST*03056
REF*DP*043
DTM*999*20100712
RMR*IK*307120100713*PI*20.74*20.74*0
REF*PO*0020100713
REF*ST*03071
REF*DP*043
DTM*999*20100712
RMR*IK*311720100713*PI*42.18*42.18*0
REF*PO*0020100713
REF*ST*03117
REF*DP*043
DTM*999*20100712
RMR*IK*313120100713*PI*48.03*48.03*0
REF*PO*0020100713
REF*ST*03131
REF*DP*043
DTM*999*20100712
RMR*IK*316720100713*PI*14.92*14.92*0
REF*PO*0020100713
REF*ST*03167
REF*DP*043
DTM*999*20100712
RMR*IK*318720100713*PI*.7*.7*0
REF*PO*0020100713
REF*ST*03187
REF*DP*043
DTM*999*20100712
RMR*IK*319620100713*PI*7.94*7.94*0
REF*PO*0020100713
REF*ST*03196
REF*DP*043
DTM*999*20100712
RMR*IK*320220100713*PI*154.38*154.38*0
REF*PO*0020100713
REF*ST*03202
REF*DP*043
DTM*999*20100712
RMR*IK*322920100713*PI*7.7*7.7*0
REF*PO*0020100713
REF*ST*03229
REF*DP*043
DTM*999*20100712
RMR*IK*327720100713*PI*56.99*56.99*0
REF*PO*0020100713
REF*ST*03277
REF*DP*043
DTM*999*20100712
RMR*IK*331820100713*PI*1.5*1.5*0
REF*PO*0020100713
REF*ST*03318
REF*DP*043
DTM*999*20100712
RMR*IK*335020100713*PI*1.06*1.06*0
REF*PO*0020100713
REF*ST*03350
REF*DP*043
DTM*999*20100712
RMR*IK*336120100713*PI*9.5*9.5*0
REF*PO*0020100713
REF*ST*03361
REF*DP*043
DTM*999*20100712
RMR*IK*341420100713*PI*40.77*40.77*0
REF*PO*0020100713
REF*ST*03414
REF*DP*043
DTM*999*20100712
RMR*IK*351720100713*PI*29.35*29.35*0
REF*PO*0020100713
REF*ST*03517
REF*DP*043
DTM*999*20100712
RMR*IK*352320100713*PI*45.14*45.14*0
REF*PO*0020100713
REF*ST*03523
REF*DP*043
DTM*999*20100712
RMR*IK*352420100713*PI*79.4*79.4*0
REF*PO*0020100713
REF*ST*03524
REF*DP*043
DTM*999*20100712
RMR*IK*352920100713*PI*71.15*71.15*0
REF*PO*0020100713
REF*ST*03529
REF*DP*043
DTM*999*20100712
RMR*IK*356120100713*PI*10.06*10.06*0
REF*PO*0020100713
REF*ST*03561
REF*DP*043
DTM*999*20100712
RMR*IK*370920100713*PI*5.2*5.2*0
REF*PO*0020100713
REF*ST*03709
REF*DP*043
DTM*999*20100712
RMR*IK*373720100713*PI*164.1*164.1*0
REF*PO*0020100713
REF*ST*03737
REF*DP*043
DTM*999*20100712
RMR*IK*379620100713*PI*15.68*15.68*0
REF*PO*0020100713
REF*ST*03796
REF*DP*043
DTM*999*20100712
RMR*IK*379820100713*PI*16.23*16.23*0
REF*PO*0020100713
REF*ST*03798
REF*DP*043
DTM*999*20100712
RMR*IK*380720100713*PI*19.34*19.34*0
REF*PO*0020100713
REF*ST*03807
REF*DP*043
DTM*999*20100712
RMR*IK*389520100713*PI*14.5*14.5*0
REF*PO*0020100713
REF*ST*03895
REF*DP*043
DTM*999*20100712
RMR*IK*399020100713*PI*6.97*6.97*0
REF*PO*0020100713
REF*ST*03990
REF*DP*043
DTM*999*20100712
RMR*IK*401020100713*PI*2.5*2.5*0
REF*PO*0020100713
REF*ST*04010
REF*DP*043
DTM*999*20100712
RMR*IK*434420100713*PI*33.81*33.81*0
REF*PO*0020100713
REF*ST*04344
REF*DP*043
DTM*999*20100712
RMR*IK*436120100713*PI*8.78*8.78*0
REF*PO*0020100713
REF*ST*04361
REF*DP*043
DTM*999*20100712
RMR*IK*439720100713*PI*49.29*49.29*0
REF*PO*0020100713
REF*ST*04397
REF*DP*043
DTM*999*20100712
RMR*IK*439920100713*PI*16.1*16.1*0
REF*PO*0020100713
REF*ST*04399
REF*DP*043
DTM*999*20100712
RMR*IK*447020100713*PI*72.08*72.08*0
REF*PO*0020100713
REF*ST*04470
REF*DP*043
DTM*999*20100712
RMR*IK*447820100713*PI*32.14*32.14*0
REF*PO*0020100713
REF*ST*04478
REF*DP*043
DTM*999*20100712
RMR*IK*486020100713*PI*57.99*57.99*0
REF*PO*0020100713
REF*ST*04860
REF*DP*043
DTM*999*20100712
RMR*IK*493620100713*PI*3*3*0
REF*PO*0020100713
REF*ST*04936
REF*DP*043
DTM*999*20100712
RMR*IK*712020100713*PI*8.3*8.3*0
REF*PO*0020100713
REF*ST*07120
REF*DP*043
DTM*999*20100712
RMR*IK*712920100713*PI*1.5*1.5*0
REF*PO*0020100713
REF*ST*07129
REF*DP*043
DTM*999*20100712
RMR*IK*718220100713*PI*11.87*11.87*0
REF*PO*0020100713
REF*ST*07182
REF*DP*043
DTM*999*20100712
RMR*IK*719220100713*PI*26.97*26.97*0
REF*PO*0020100713
REF*ST*07192
REF*DP*043
DTM*999*20100712
RMR*IK*719720100713*PI*9.77*9.77*0
REF*PO*0020100713
REF*ST*07197
REF*DP*043
DTM*999*20100712
RMR*IK*720920100713*PI*4.15*4.15*0
REF*PO*0020100713
REF*ST*07209
REF*DP*043
DTM*999*20100712
RMR*IK*723520100713*PI*9.95*9.95*0
REF*PO*0020100713
REF*ST*07235
REF*DP*043
DTM*999*20100712
RMR*IK*725720100713*PI*18.89*18.89*0
REF*PO*0020100713
REF*ST*07257
REF*DP*043
DTM*999*20100712
RMR*IK*760220100713*PI*75.52*75.52*0
REF*PO*0020100713
REF*ST*07602
REF*DP*043
DTM*999*20100712
RMR*IK*767320100713*PI*60.53*60.53*0
REF*PO*0020100713
REF*ST*07673
REF*DP*043
DTM*999*20100712
RMR*IK*771320100713*PI*63.19*63.19*0
REF*PO*0020100713
REF*ST*07713
REF*DP*043
DTM*999*20100712
RMR*IK*912520100713*PI*16.65*16.65*0
REF*PO*0020100713
REF*ST*09125
REF*DP*043
DTM*999*20100712
SE*254*0001
GE*1*1000891
IEA*1*001000891
ISA*00*          *00*          *14*0722717110100  *01*056021462      *100721*1937*|*00406*000005141*0*P*>
GS*CD*072271711*056021462*20100721*1937*269*X*004060
ST*812*000006135
BCD*20100720*009106549*O*1070*D**0000000000******ST*910
N9*VR*000297831
N9*RZ*CONSIGNMENT MERCH
N9*DP*28
N9*L1*25
N9*ZZ*14
N9*MB*0000000000
FOB*CC
SHD*0*0*CT
N1*BT*GARDEN STATE GROWERS
N3*99 LOCUST GROVE ROAD
N4*PITTSTOWN*NJ*08867
N1*SN*SECAUCUS
N3*1055 PATERSON PLANK RD
N4*SECAUCUS*NJ*07094
CDD*RM*D*****2*EA**UCP*5.35*ICL*10.7*ANNUAL PREM 8IN- KURTZ/GDN STATE
LIN**SK*577507*VP*577507
SE*19*000006135
ST*812*000006136
BCD*20100720*009154762*O*13873*D**0000000000******ST*915
N9*VR*000297831
N9*RZ*CONSIGNMENT MERCH
N9*DP*28
N9*L1*25
N9*ZZ*14
N9*MB*0000000000
FOB*CC
SHD*0*0*CT
N1*BT*GARDEN STATE GROWERS
N3*99 LOCUST GROVE ROAD
N4*PITTSTOWN*NJ*08867
N1*SN*UNION/VAUXHALL
N3*2445 SPRINGFIELD AVE
N4*VAUXHALL*NJ*07088
CDD*RM*D*****1*EA**UCP*10.75*ICL*10.75*PREMIUM CASABELLA HANGING BASKET #12
LIN**SK*305217*VP*305217
CDD*RM*D*****4*EA**UCP*20.5*ICL*82*PW PREMIUM COCO HANGING BASKET #12
LIN**SK*305980*VP*305980
CDD*RM*D*****1*EA**UCP*12.5*ICL*12.5*12IN TUSCANY PLANTER MEMORIAL DAY
LIN**SK*442501*VP*442501
CDD*RM*D*****2*EA**UCP*5.35*ICL*10.7*ANNUAL PREM 8IN- KURTZ/GDN STATE
LIN**SK*577507*VP*577507
CDD*RM*D*****1*EA**UCP*10.48*ICL*10.48*PERENNIAL COLOR POT 2G- GARDEN STATE
LIN**SK*928964*VP*928964
CDD*RM*D*****1*EA**UCP*5.7*ICL*5.7*VIVA! LEMON ZEST PETUNIA 2.6 QT S6
LIN**SK*935945*VP*935945
CDD*RM*D*****1*EA**UCP*6.6*ICL*6.6*PROVEN WINNER #1 GAL PERENNIAL- GSG
LIN**SK*993464*VP*993464
SE*31*000006136
ST*812*000006137
BCD*20100720*009208078*O*1850*D**0000000000******ST*920
N9*VR*000297831
N9*RZ*CONSIGNMENT MERCH
N9*DP*28
N9*L1*25
N9*ZZ*14
N9*MB*0000000000
FOB*CC
SHD*0*0*CT
N1*BT*GARDEN STATE GROWERS
N3*99 LOCUST GROVE ROAD
N4*PITTSTOWN*NJ*08867
N1*SN*TOMS RIVER
N3*1334 LAKEWOOD ROAD
N4*TOMS RIVER*NJ*08755
CDD*RM*D*****2*EA**UCP*9.25*ICL*18.5*PERENNIAL 13IN CASTELLA
LIN**SK*979982*VP*979982
SE*19*000006137
ST*812*000006138
BCD*20100720*009227303*O*3456*D**0000000000******ST*922
N9*VR*000297831
N9*RZ*CONSIGNMENT MERCH
N9*DP*28
N9*L1*25
N9*ZZ*14
N9*MB*0000000000
FOB*CC
SHD*0*0*CT
N1*BT*GARDEN STATE GROWERS
N3*99 LOCUST GROVE ROAD
N4*PITTSTOWN*NJ*08867
N1*SN*TOTOWA
N3*545 ROUTE 46
N4*TOTOWA*NJ*07512
CDD*RM*D*****2*EA**UCP*10.75*ICL*21.5*PREMIUM CASABELLA HANGING BASKET #12
LIN**SK*305217*VP*305217
CDD*RM*D*****2*EA**UCP*6.53*ICL*13.06*PREM ANNUAL FLOWERING HANGING BASKET
LIN**SK*793230*VP*793230
SE*21*000006138
ST*812*000006139
BCD*20100720*009267317*O*1000*D**0000000000******ST*926
N9*VR*000297831
N9*RZ*CONSIGNMENT MERCH
N9*DP*28
N9*L1*25
N9*ZZ*14
N9*MB*0000000000
FOB*CC
SHD*0*0*CT
N1*BT*GARDEN STATE GROWERS
N3*99 LOCUST GROVE ROAD
N4*PITTSTOWN*NJ*08867
N1*SN*HAZLET
N3*3700 HIGHWAY 35
N4*HAZLET*NJ*07730
CDD*RM*D*****2*EA**UCP*5*ICL*10*PROVEN WINNER PERENNIAL #1 GSG
LIN**SK*845662*VP*845662
SE*19*000006139
ST*812*000006140
BCD*20100720*009274193*O*790*D**0000000000******ST*927
N9*VR*000297831
N9*RZ*CONSIGNMENT MERCH
N9*DP*28
N9*L1*25
N9*ZZ*14
N9*MB*0000000000
FOB*CC
SHD*0*0*CT
N1*BT*GARDEN STATE GROWERS
N3*99 LOCUST GROVE ROAD
N4*PITTSTOWN*NJ*08867
N1*SN*HAMILTON
N3*750 HIGHWAY RT 130
N4*ROBBINSVILLE*NJ*08691
CDD*RM*D*****2*EA**UCP*3.95*ICL*7.9*PERENNIAL 1G(2.391L)-GSG
LIN**SK*272942*VP*272942
SE*19*000006140
ST*812*000006141
BCD*20100720*009286313*O*6294*D**0000000000******ST*928
N9*VR*000297831
N9*RZ*CONSIGNMENT MERCH
N9*DP*28
N9*L1*25
N9*ZZ*14
N9*MB*0000000000
FOB*CC
SHD*0*0*CT
N1*BT*GARDEN STATE GROWERS
N3*99 LOCUST GROVE ROAD
N4*PITTSTOWN*NJ*08867
N1*SN*BLOOMFIELD
N3*60 ORANGE ST
N4*BLOOMFIELD*NJ*07003
CDD*RM*D*****3*EA**UCP*6.53*ICL*19.59*PREM ANNUAL FLOWERING HANGING BASKET
LIN**SK*793230*VP*793230
CDD*RM*D*****5*EA**UCP*6.85*ICL*34.25*TWICE AS NICE PERENNIAL 10IN
LIN**SK*930086*VP*930086
CDD*RM*D*****1*EA**UCP*9.1*ICL*9.1*DEVA ANNAUL BOWL 12IN
LIN**SK*930647*VP*930647
SE*23*000006141
ST*812*000006142
BCD*20100720*009351916*O*820*D**0000000000******ST*935
N9*VR*000297831
N9*RZ*CONSIGNMENT MERCH
N9*DP*28
N9*L1*25
N9*ZZ*14
N9*MB*0000000000
FOB*CC
SHD*0*0*CT
N1*BT*GARDEN STATE GROWERS
N3*99 LOCUST GROVE ROAD
N4*PITTSTOWN*NJ*08867
N1*SN*JERSEY CITY
N3*440 ROUTE 440
N4*JERSEY CITY*NJ*07302
CDD*RM*D*****4*EA**UCP*2.05*ICL*8.2*PANSY #6- GSG
LIN**SK*994586*VP*994586
SE*19*000006142
ST*812*000006143
BCD*20100720*009403063*O*1240*D**0000000000******ST*940
N9*VR*000297831
N9*RZ*CONSIGNMENT MERCH
N9*DP*28
N9*L1*25
N9*ZZ*14
N9*MB*0000000000
FOB*CC
SHD*0*0*CT
N1*BT*GARDEN STATE GROWERS
N3*99 LOCUST GROVE ROAD
N4*PITTSTOWN*NJ*08867
N1*SN*BERLIN TOWNSHIP
N3*116 WALKER AVENUE
N4*WEST BERLIN*NJ*08091
CDD*RM*D*****2*EA**UCP*6.2*ICL*12.4*VIVA! ECHINACEA 2.6 QUART S6
LIN**SK*909463*VP*909463
SE*19*000006143
ST*812*000006144
BCD*20100720*009493142*O*2501*D**0000000000******ST*949
N9*VR*000297831
N9*RZ*CONSIGNMENT MERCH
N9*DP*28
N9*L1*25
N9*ZZ*14
N9*MB*0000000000
FOB*CC
SHD*0*0*CT
N1*BT*GARDEN STATE GROWERS
N3*99 LOCUST GROVE ROAD
N4*PITTSTOWN*NJ*08867
N1*SN*NEPTUNE
N3*3540 ROUTE 66
N4*NEPTUNE*NJ*07753
CDD*RM*D*****1*EA**UCP*25.01*ICL*25.01*CALLA LILY TUSCANY 12IN
LIN**SK*929888*VP*929888
SE*19*000006144
ST*812*000006145
BCD*20100720*009519746*O*2500*D**0000000000******ST*951
N9*VR*000297831
N9*RZ*CONSIGNMENT MERCH
N9*DP*28
N9*L1*25
N9*ZZ*14
N9*MB*0000000000
FOB*CC
SHD*0*0*CT
N1*BT*GARDEN STATE GROWERS
N3*99 LOCUST GROVE ROAD
N4*PITTSTOWN*NJ*08867
N1*SN*MANAHAWKIN
N3*197 ROUTE 72 WEST
N4*STAFFORD TWP*NJ*08050
CDD*RM*D*****5*EA**UCP*5*ICL*25*VIGORO #1 GALLON PERENNIAL- GSG
LIN**SK*998942*VP*998942
SE*19*000006145
ST*812*000006146
BCD*20100720*009538881*O*1580*D**0000000000******ST*953
N9*VR*000297831
N9*RZ*CONSIGNMENT MERCH
N9*DP*28
N9*L1*25
N9*ZZ*14
N9*MB*0000000000
FOB*CC
SHD*0*0*CT
N1*BT*GARDEN STATE GROWERS
N3*99 LOCUST GROVE ROAD
N4*PITTSTOWN*NJ*08867
N1*SN*HACKETTSTOWN
N3*2045 STATE ROUTE 57
N4*HACKETTSTOWN*NJ*07840
CDD*RM*D*****4*EA**UCP*3.95*ICL*15.8*PERENNIAL 1G(2.391L)-GSG
LIN**SK*272942*VP*272942
SE*19*000006146
ST*812*000006147
BCD*20100720*009541732*O*10211*D**0000000000******ST*954
N9*VR*000297831
N9*RZ*CONSIGNMENT MERCH
N9*DP*28
N9*L1*25
N9*ZZ*14
N9*MB*0000000000
FOB*CC
SHD*0*0*CT
N1*BT*GARDEN STATE GROWERS
N3*99 LOCUST GROVE ROAD
N4*PITTSTOWN*NJ*08867
N1*SN*UNION - RT 22
N3*930 SPRINGFIELD RD SOUTH
N4*UNION*NJ*07083
CDD*RM*D*****2*EA**UCP*7.4*ICL*14.8*HALF FLAT GROUNDCOVER
LIN**SK*313520*VP*313520
CDD*RM*D*****3*EA**UCP*2.3*ICL*6.9*CHRYSANTHEMUM 6.5IN HARDY MUM GS
LIN**SK*325330*VP*325330
CDD*RM*D*****1*EA**UCP*17.49*ICL*17.49*PREMIUM FIBER HANGING BASKET
LIN**SK*542059*VP*542059
CDD*RM*D*****2*EA**UCP*10.48*ICL*20.96*PERENNIAL COLOR POT 2G- GARDEN STATE
LIN**SK*928964*VP*928964
CDD*RM*D*****2*EA**UCP*20.98*ICL*41.96*CONTESSA SQ ANNUAL PLANTER 14.5IN
LIN**SK*930284*VP*930284
SE*27*000006147
ST*812*000006148
BCD*20100720*009576582*O*925*D**0000000000******ST*957
N9*VR*000297831
N9*RZ*CONSIGNMENT MERCH
N9*DP*28
N9*L1*25
N9*ZZ*14
N9*MB*0000000000
FOB*CC
SHD*0*0*CT
N1*BT*GARDEN STATE GROWERS
N3*99 LOCUST GROVE ROAD
N4*PITTSTOWN*NJ*08867
N1*SN*OLD BRIDGE II
N3*1090 ROUTE 9 SOUTH
N4*OLD BRIDGE*NJ*08857
CDD*RM*D*****1*EA**UCP*9.25*ICL*9.25*PERENNIAL 13IN CASTELLA
LIN**SK*979982*VP*979982
SE*19*000006148
ST*812*000006149
BCD*20100720*009749687*O*600*D**0000000000******ST*974
N9*VR*000297831
N9*RZ*CONSIGNMENT MERCH
N9*DP*28
N9*L1*25
N9*ZZ*14
N9*MB*0000000000
FOB*CC
SHD*0*0*CT
N1*BT*GARDEN STATE GROWERS
N3*99 LOCUST GROVE ROAD
N4*PITTSTOWN*NJ*08867
N1*SN*MANTUA
N3*320 BRIDGETON PIKE
N4*MANTUA*NJ*08051
CDD*RM*D*****1*EA**UCP*6*ICL*6*PERENNIAL 2G(5.56L)-GSG
LIN**SK*273593*VP*273593
SE*19*000006149
ST*812*000006150
BCD*20100720*009770349*O*460*D**0000000000******ST*977
N9*VR*000297831
N9*RZ*CONSIGNMENT MERCH
N9*DP*28
N9*L1*25
N9*ZZ*14
N9*MB*0000000000
FOB*CC
SHD*0*0*CT
N1*BT*GARDEN STATE GROWERS
N3*99 LOCUST GROVE ROAD
N4*PITTSTOWN*NJ*08867
N1*SN*PARSIPPANY
N3*780 ROUTE 46 WEST
N4*PARSIPPANY*NJ*07054
CDD*RM*D*****2*EA**UCP*2.3*ICL*4.6*CHRYSANTHEMUM 6.5IN HARDY MUM GS
LIN**SK*325330*VP*325330
SE*19*000006150
ST*812*000006151
BCD*20100720*009803307*O*4460*D**0000000000******ST*980
N9*VR*000297831
N9*RZ*CONSIGNMENT MERCH
N9*DP*28
N9*L1*25
N9*ZZ*14
N9*MB*0000000000
FOB*CC
SHD*0*0*CT
N1*BT*GARDEN STATE GROWERS
N3*99 LOCUST GROVE ROAD
N4*PITTSTOWN*NJ*08867
N1*SN*NEWARK,NJ
N3*399-443 SPRINGFIELD AVE
N4*NEWARK*NJ*07103
CDD*RM*D*****2*EA**UCP*9.1*ICL*18.2*DEVA ANNAUL BOWL 12IN
LIN**SK*930647*VP*930647
CDD*RM*D*****4*EA**UCP*6.6*ICL*26.4*PROVEN WINNER #1 GAL PERENNIAL- GSG
LIN**SK*993464*VP*993464
SE*21*000006151
ST*812*000006152
BCD*20100720*068455130*O*439*D**0000000000******ST*6845
N9*VR*000297831
N9*RZ*CONSIGNMENT MERCH
N9*DP*28
N9*L1*25
N9*ZZ*14
N9*MB*0000000000
FOB*CC
SHD*0*0*CT
N1*BT*GARDEN STATE GROWERS
N3*99 LOCUST GROVE ROAD
N4*PITTSTOWN*NJ*08867
N1*SN*JERSEY CITY,NJ
N3*180 TWELFTH STREET
N4*JERSEY CITY*NJ*07310
CDD*RM*D*****1*EA**UCP*4.39*ICL*4.39*ANNUAL FLOWERING HANGING BASKET #10
LIN**SK*304840*VP*304840
SE*19*000006152
ST*812*000006153
BCD*20100720*069117831*O*1200*D**0000000000******ST*6911
N9*VR*000297831
N9*RZ*CONSIGNMENT MERCH
N9*DP*28
N9*L1*25
N9*ZZ*14
N9*MB*0000000000
FOB*CC
SHD*0*0*CT
N1*BT*GARDEN STATE GROWERS
N3*99 LOCUST GROVE ROAD
N4*PITTSTOWN*NJ*08867
N1*SN*MARLBORO
N3*170 UNION HILL ROAD
N4*MORGANVILLE*NJ*07751
CDD*RM*D*****2*EA**UCP*6*ICL*12*PERENNIAL 2G(5.56L)-GSG
LIN**SK*273593*VP*273593
SE*19*000006153
GE*19*269
IEA*1*000005141
ISA*00*          *00*          *14*0722717110100  *01*056021462      *100722*0031*|*00406*000005142*0*P*>
GS*PO*072271711*056021462*20100722*0031*4324*X*004060
ST*850*000079978
BEG*00*CN*40073687**20100722*0940073687
CUR*BY*USD
SAC*A*I170****3*.5*****02
DTM*038*20100724
N1*OB**92*0940
N3*116 WALKER AVENUE
N4*WEST BERLIN*NJ*08091
REF*DP*028
REF*3J*0003
REF*MR*0000071689
REF*AGL*DTS STORE
PO1*0001*1*EA*6**VP*273593*SK*273593*UP*008914394444
PID*F****PERENNIAL 2G(5.56L)-GSG
PO4**1*EA
PO1*0002*2*EA*7.4**VP*313520*SK*313520*UP*008914008129
PID*F****HALF FLAT GROUNDCOVER
PO4**1*EA
PO1*0003*8*EA*7.5**VP*991946*SK*991946*UP*008914394703
PID*F****VIGORO #2 PREMIUM PERENNIAL
PO4**1*EA
PO1*0004*1*EA*3.95**VP*993431*SK*993431*UP*008914009461
PID*F****1 GAL LIRIOPE- GSG
PO4**1*EA
PO1*0005*9*EA*5**VP*998942*SK*998942*UP*008914620208
PID*F****VIGORO #1 GALLON PERENNIAL- GSG
PO4**1*EA
CTT*5*21
AMT*TT*182.46
SE*30*000079978
ST*850*000079979
BEG*00*CN*42099106**20100722*0942099106
CUR*BY*USD
SAC*A*I170****3*.5*****02
DTM*038*20100724
N1*OB**92*0942
N3*2735 ROUTE 42
N4*SICKLERVILLE*NJ*08081
REF*DP*028
REF*3J*0003
REF*MR*0000071689
REF*AGL*DTS STORE
PO1*0001*1*EA*6.85**VP*930086*SK*930086*UP*008914769150
PID*F****TWICE AS NICE PERENNIAL 10IN
PO4**1*EA
PO1*0002*1*EA*6.6**VP*993464*SK*993464*UP*008914006262
PID*F****PROVEN WINNER #1 GAL PERENNIAL- GSG
PO4**1*EA
PO1*0003*15*EA*5**VP*998942*SK*998942*UP*008914009102
PID*F****VIGORO #1 GALLON PERENNIAL- GSG
PO4**1*EA
CTT*3*17
AMT*TT*124.64
SE*24*000079979
GE*2*4324
IEA*1*000005142
ISA*00*          *00*          *14*0722717110100  *01*056021462      *100722*0046*|*00406*000005143*0*P*>
GS*PO*072271711*056021462*20100722*0046*4325*X*004060
ST*850*000079980
BEG*00*CN*26072648**20100722*0926072648
CUR*BY*USD
SAC*A*I170****3*.5*****02
DTM*038*20100724
N1*OB**92*0926
N3*3700 HIGHWAY 35
N4*HAZLET*NJ*07730
REF*DP*028
REF*3J*0003
REF*MR*0000071689
REF*AGL*DTS STORE
PO1*0001*5*EA*3.95**VP*272942*SK*272942*UP*008914008570
PID*F****PERENNIAL 1G(2.391L)-GSG
PO4**1*EA
PO1*0002*2*EA*6**VP*273593*SK*273593*UP*008914394277
PID*F****PERENNIAL 2G(5.56L)-GSG
PO4**1*EA
PO1*0003*1*EA*6.85**VP*930086*SK*930086*UP*008914769150
PID*F****TWICE AS NICE PERENNIAL 10IN
PO4**1*EA
PO1*0004*6*EA*7.5**VP*991946*SK*991946*UP*008914394994
PID*F****VIGORO #2 PREMIUM PERENNIAL
PO4**1*EA
PO1*0005*8*EA*5**VP*998942*SK*998942*UP*008914620208
PID*F****VIGORO #1 GALLON PERENNIAL- GSG
PO4**1*EA
CTT*5*22
AMT*TT*175.42
SE*30*000079980
ST*850*000079981
BEG*00*CN*80001613**20100722*0980001613
CUR*BY*USD
SAC*A*I170****3*.5*****02
DTM*038*20100724
N1*OB**92*0980
N3*399-443 SPRINGFIELD AVE
N4*NEWARK*NJ*07103
REF*DP*028
REF*3J*0003
REF*MR*0000071689
REF*AGL*DTS STORE
PO1*0001*1*EA*2.81**VP*313099*SK*313099*UP*033383933016
PID*F****VIGORO SELECT ANNUAL #4.33
PO4**1*EA
PO1*0002*9*EA*2.3**VP*325330*SK*325330*UP*008914350464
PID*F****CHRYSANTHEMUM 6.5IN HARDY MUM GS
PO4**1*EA
PO1*0003*2*EA*7.95**VP*380982*SK*380982*UP*008914305402
PID*F****AQUALOK ANNAUL HANGING BASKET 10IN
PO4**1*EA
PO1*0004*2*EA*6.53**VP*793230*SK*793230*UP*008914006118
PID*F****PREM ANNUAL FLOWERING HANGING BASKET
PO4**1*EA
PO1*0005*1*EA*6.85**VP*930086*SK*930086*UP*008914769150
PID*F****TWICE AS NICE PERENNIAL 10IN
PO4**1*EA
PO1*0006*1*EA*9.25**VP*979982*SK*979982*UP*008914007535
PID*F****PERENNIAL 13IN CASTELLA
PO4**1*EA
PO1*0007*2*EA*7.5**VP*991946*SK*991946*UP*008914394703
PID*F****VIGORO #2 PREMIUM PERENNIAL
PO4**1*EA
PO1*0008*1*EA*3.95**VP*993431*SK*993431*UP*008914009461
PID*F****1 GAL LIRIOPE- GSG
PO4**1*EA
PO1*0009*1*EA*6.25**VP*993563*SK*993563*UP*008914006293
PID*F****ANNUAL #208- GSG
PO4**1*EA
PO1*0010*6*EA*2.05**VP*994586*SK*994586*UP*008914707237
PID*F****PANSY #6- GSG
PO4**1*EA
PO1*0011*4*EA*2.09**VP*994916*SK*994916*UP*008914006316
PID*F****ANNUAL #6.5- GSG
PO4**1*EA
PO1*0012*12*EA*5**VP*998942*SK*998942*UP*008914009102
PID*F****VIGORO #1 GALLON PERENNIAL- GSG
PO4**1*EA
CTT*12*42
AMT*TT*248.72
SE*51*000079981
ST*850*000079982
BEG*00*CN*84075211**20100722*0984075211
CUR*BY*USD
SAC*A*I170****3*.5*****02
DTM*038*20100724
N1*OB**92*0984
N3*7 NORTH PARK DRIVE
N4*NEWTON*NJ*07860
REF*DP*028
REF*3J*0003
REF*MR*0000071689
REF*AGL*DTS STORE
PO1*0001*1*EA*6.25**VP*131206*SK*131206*UP*008914701075
PID*F****9 PACK MARIGOLD
PO4**1*EA
PO1*0002*1*EA*3.95**VP*272942*SK*272942*UP*008914008839
PID*F****PERENNIAL 1G(2.391L)-GSG
PO4**1*EA
PO1*0003*4*EA*2.81**VP*313099*SK*313099*UP*033383933016
PID*F****VIGORO SELECT ANNUAL #4.33
PO4**1*EA
PO1*0004*2*EA*7.4**VP*313520*SK*313520*UP*008914008129
PID*F****HALF FLAT GROUNDCOVER
PO4**1*EA
PO1*0005*2*EA*5.7**VP*314822*SK*314822*UP*842276000892
PID*F****VIVA! SUNPATIENS 2.5QT S6
PO4**1*EA
PO1*0006*29*EA*2.3**VP*325330*SK*325330*UP*008914350464
PID*F****CHRYSANTHEMUM 6.5IN HARDY MUM GS
PO4**1*EA
PO1*0007*1*EA*4.9**VP*456333*SK*456333*UP*048834711174
PID*F**** VIGORO SELECT GALLON ANNUAL
PO4**1*EA
PO1*0008*31*EA*5.35**VP*577507*SK*577507*UP*008914782234
PID*F****ANNUAL PREM 8IN- KURTZ/GDN STATE
PO4**1*EA
PO1*0009*1*EA*6.53**VP*793230*SK*793230*UP*008914006118
PID*F****PREM ANNUAL FLOWERING HANGING BASKET
PO4**1*EA
PO1*0010*1*EA*5.7**VP*909364*SK*909364*UP*842276002889
PID*F****VIVA! COLEUS HENNA 2.6QT S6
PO4**1*EA
PO1*0011*2*EA*6.85**VP*930086*SK*930086*UP*008914769167
PID*F****TWICE AS NICE PERENNIAL 10IN
PO4**1*EA
PO1*0012*3*EA*7.1**VP*930251*SK*930251*UP*008914007504
PID*F****ANNUAL TRIO 13IN
PO4**1*EA
PO1*0013*2*EA*7.5**VP*991946*SK*991946*UP*008914394703
PID*F****VIGORO #2 PREMIUM PERENNIAL
PO4**1*EA
PO1*0014*2*EA*3.95**VP*993431*SK*993431*UP*008914009461
PID*F****1 GAL LIRIOPE- GSG
PO4**1*EA
PO1*0015*1*EA*1.45**VP*994124*SK*994124*UP*008914702607
PID*F****ACCENT PLANT #4- GSG
PO4**1*EA
PO1*0016*3*EA*2.05**VP*994586*SK*994586*UP*008914707237
PID*F****PANSY #6- GSG
PO4**1*EA
PO1*0017*13*EA*5**VP*998942*SK*998942*UP*008914620208
PID*F****VIGORO #1 GALLON PERENNIAL- GSG
PO4**1*EA
CTT*17*99
AMT*TT*624.08
SE*66*000079982
ST*850*000079983
BEG*00*CN*11033611**20100722*6911033611
CUR*BY*USD
SAC*A*I170****3*.5*****02
DTM*038*20100724
N1*OB**92*6911
N3*170 UNION HILL ROAD
N4*MORGANVILLE*NJ*07751
REF*DP*028
REF*3J*0003
REF*MR*0000071689
REF*AGL*DTS STORE
PO1*0001*1*EA*6**VP*273593*SK*273593*UP*008914394444
PID*F****PERENNIAL 2G(5.56L)-GSG
PO4**1*EA
PO1*0002*1*EA*7.5**VP*991946*SK*991946*UP*008914394703
PID*F****VIGORO #2 PREMIUM PERENNIAL
PO4**1*EA
PO1*0003*2*EA*5**VP*998942*SK*998942*UP*008914009102
PID*F****VIGORO #1 GALLON PERENNIAL- GSG
PO4**1*EA
CTT*3*4
AMT*TT*33.9
SE*24*000079983
GE*4*4325
IEA*1*000005143
ISA*00*          *00*          *14*0722717110100  *01*056021462      *100722*0057*|*00406*000005144*0*P*>
GS*PO*072271711*056021462*20100722*0057*4326*X*004060
ST*850*000079984
BEG*00*CN*46048449**20100722*0946048449
CUR*BY*USD
SAC*A*I170****3*.5*****02
DTM*038*20100724
N1*OB**92*0946
N3*3849 SOUTH DELSEA DR
N4*VINELAND*NJ*08360
REF*DP*028
REF*3J*0003
REF*MR*0000071689
REF*AGL*DTS STORE
PO1*0001*1*EA*6**VP*273593*SK*273593*UP*008914394277
PID*F****PERENNIAL 2G(5.56L)-GSG
PO4**1*EA
PO1*0002*10*EA*7.5**VP*991946*SK*991946*UP*008914394994
PID*F****VIGORO #2 PREMIUM PERENNIAL
PO4**1*EA
PO1*0003*6*EA*5**VP*998942*SK*998942*UP*008914620208
PID*F****VIGORO #1 GALLON PERENNIAL- GSG
PO4**1*EA
CTT*3*17
AMT*TT*151.55
SE*24*000079984
ST*850*000079985
BEG*00*CN*77022463**20100722*0977022463
CUR*BY*USD
SAC*A*I170****3*.5*****02
DTM*038*20100724
N1*OB**92*0977
N3*780 ROUTE 46 WEST
N4*PARSIPPANY*NJ*07054
REF*DP*028
REF*3J*0003
REF*MR*0000071689
REF*AGL*DTS STORE
PO1*0001*1*EA*7.4**VP*313520*SK*313520*UP*008914008129
PID*F****HALF FLAT GROUNDCOVER
PO4**1*EA
PO1*0002*8*EA*2.3**VP*325330*SK*325330*UP*008914350464
PID*F****CHRYSANTHEMUM 6.5IN HARDY MUM GS
PO4**1*EA
PO1*0003*1*EA*6.2**VP*909463*SK*909463*UP*842276003022
PID*F****VIVA! ECHINACEA 2.6 QUART S6
PO4**1*EA
PO1*0004*3*EA*7.5**VP*991946*SK*991946*UP*008914394703
PID*F****VIGORO #2 PREMIUM PERENNIAL
PO4**1*EA
PO1*0005*6*EA*5**VP*998942*SK*998942*UP*008914008938
PID*F****VIGORO #1 GALLON PERENNIAL- GSG
PO4**1*EA
CTT*5*19
AMT*TT*119.38
SE*30*000079985
ST*850*000079986
BEG*00*CN*17080619**20100722*6917080619
CUR*BY*USD
SAC*A*I170****3*.5*****02
DTM*038*20100724
N1*OB**92*6917
N3*4095 US ROUTE 1
N4*MONMOUTH JUNCTION*NJ*08852
REF*DP*028
REF*3J*0003
REF*MR*0000071689
REF*AGL*DTS STORE
PO1*0001*1*EA*6**VP*273593*SK*273593*UP*008914394444
PID*F****PERENNIAL 2G(5.56L)-GSG
PO4**1*EA
PO1*0002*3*EA*5**VP*998942*SK*998942*UP*008914009102
PID*F****VIGORO #1 GALLON PERENNIAL- GSG
PO4**1*EA
CTT*2*4
AMT*TT*30.91
SE*21*000079986
GE*3*4326
IEA*1*000005144
ISA*00*          *00*          *14*0722717110100  *01*056021462      *100722*0308*|*00406*000005145*0*P*>
GS*PO*072271711*056021462*20100722*0308*4327*X*004060
ST*850*000079987
BEG*00*CN*01011619**20100722*0901011619
CUR*BY*USD
SAC*A*I170****3*.5*****02
DTM*038*20100724
N1*OB**92*0901
N3*902 MURRAY RD
N4*EAST HANOVER*NJ*07936
REF*DP*028
REF*3J*0003
REF*MR*0000071689
REF*AGL*DTS STORE
PO1*0001*4*EA*3.95**VP*272942*SK*272942*UP*008914620048
PID*F****PERENNIAL 1G(2.391L)-GSG
PO4**1*EA
PO1*0002*2*EA*6**VP*273593*SK*273593*UP*008914394444
PID*F****PERENNIAL 2G(5.56L)-GSG
PO4**1*EA
PO1*0003*19*EA*2.3**VP*325330*SK*325330*UP*008914350464
PID*F****CHRYSANTHEMUM 6.5IN HARDY MUM GS
PO4**1*EA
PO1*0004*1*EA*5**VP*845662*SK*845662*UP*008914008532
PID*F****PROVEN WINNER PERENNIAL #1 GSG
PO4**1*EA
PO1*0005*4*EA*6.2**VP*909463*SK*909463*UP*842276003022
PID*F****VIVA! ECHINACEA 2.6 QUART S6
PO4**1*EA
PO1*0006*1*EA*6.85**VP*930086*SK*930086*UP*008914769150
PID*F****TWICE AS NICE PERENNIAL 10IN
PO4**1*EA
PO1*0007*4*EA*7.5**VP*991946*SK*991946*UP*008914394994
PID*F****VIGORO #2 PREMIUM PERENNIAL
PO4**1*EA
PO1*0008*44*EA*5**VP*998942*SK*998942*UP*008914620208
PID*F****VIGORO #1 GALLON PERENNIAL- GSG
PO4**1*EA
CTT*8*79
AMT*TT*506.96
SE*39*000079987
ST*850*000079988
BEG*00*CN*02043715**20100722*0902043715
CUR*BY*USD
SAC*A*I170****3*.5*****02
DTM*038*20100724
N1*OB**92*0902
N3*1900 SHORROCK RD
N4*LAKEWOOD*NJ*08701
REF*DP*028
REF*3J*0003
REF*MR*0000071689
REF*AGL*DTS STORE
PO1*0001*2*EA*3.95**VP*272942*SK*272942*UP*008914009157
PID*F****PERENNIAL 1G(2.391L)-GSG
PO4**1*EA
PO1*0002*3*EA*6.2**VP*909463*SK*909463*UP*842276003022
PID*F****VIVA! ECHINACEA 2.6 QUART S6
PO4**1*EA
PO1*0003*1*EA*3.95**VP*993431*SK*993431*UP*008914009461
PID*F****1 GAL LIRIOPE- GSG
PO4**1*EA
PO1*0004*38*EA*5**VP*998942*SK*998942*UP*008914620383
PID*F****VIGORO #1 GALLON PERENNIAL- GSG
PO4**1*EA
CTT*4*44
AMT*TT*310.09
SE*27*000079988
ST*850*000079989
BEG*00*CN*03080871**20100722*0903080871
CUR*BY*USD
SAC*A*I170****3*.5*****02
DTM*038*20100724
N1*OB**92*0903
N3*3100 HAMILTON BLVD
N4*SOUTH PLAINFIELD*NJ*07080
REF*DP*028
REF*3J*0003
REF*MR*0000071689
REF*AGL*DTS STORE
PO1*0001*1*EA*6.2**VP*909463*SK*909463*UP*842276003022
PID*F****VIVA! ECHINACEA 2.6 QUART S6
PO4**1*EA
PO1*0002*1*EA*6.85**VP*930086*SK*930086*UP*008914769150
PID*F****TWICE AS NICE PERENNIAL 10IN
PO4**1*EA
PO1*0003*3*EA*7.5**VP*991946*SK*991946*UP*008914394994
PID*F****VIGORO #2 PREMIUM PERENNIAL
PO4**1*EA
PO1*0004*8*EA*5**VP*998942*SK*998942*UP*008914620208
PID*F****VIGORO #1 GALLON PERENNIAL- GSG
PO4**1*EA
CTT*4*13
AMT*TT*104.7
SE*27*000079989
ST*850*000079990
BEG*00*CN*07015428**20100722*0907015428
CUR*BY*USD
SAC*A*I170****3*.5*****02
DTM*038*20100724
N1*OB**92*0907
N3*310 STATE HWY 36 STE 100
N4*WEST LONG BRANCH*NJ*07764
REF*DP*028
REF*3J*0003
REF*MR*0000071689
REF*AGL*DTS STORE
PO1*0001*1*EA*3.95**VP*272942*SK*272942*UP*008914008570
PID*F****PERENNIAL 1G(2.391L)-GSG
PO4**1*EA
PO1*0002*2*EA*6**VP*273593*SK*273593*UP*008914394444
PID*F****PERENNIAL 2G(5.56L)-GSG
PO4**1*EA
PO1*0003*4*EA*5**VP*845662*SK*845662*UP*008914008532
PID*F****PROVEN WINNER PERENNIAL #1 GSG
PO4**1*EA
PO1*0004*2*EA*6.85**VP*930086*SK*930086*UP*008914769150
PID*F****TWICE AS NICE PERENNIAL 10IN
PO4**1*EA
PO1*0005*2*EA*7.5**VP*991946*SK*991946*UP*008914394994
PID*F****VIGORO #2 PREMIUM PERENNIAL
PO4**1*EA
PO1*0006*1*EA*6.6**VP*993464*SK*993464*UP*008914006262
PID*F****PROVEN WINNER #1 GAL PERENNIAL- GSG
PO4**1*EA
PO1*0007*4*EA*5**VP*998942*SK*998942*UP*008914620208
PID*F****VIGORO #1 GALLON PERENNIAL- GSG
PO4**1*EA
CTT*7*16
AMT*TT*131.6
SE*36*000079990
ST*850*000079991
BEG*00*CN*09022827**20100722*0909022827
CUR*BY*USD
SAC*A*I170****3*.5*****02
DTM*038*20100724
N1*OB**92*0909
N3*281 ROUTE 10 STE 04
N4*SUCCASUNNA*NJ*07876
REF*DP*028
REF*3J*0003
REF*MR*0000071689
REF*AGL*DTS STORE
PO1*0001*1*EA*6**VP*273593*SK*273593*UP*008914394277
PID*F****PERENNIAL 2G(5.56L)-GSG
PO4**1*EA
PO1*0002*3*EA*5**VP*845662*SK*845662*UP*008914008532
PID*F****PROVEN WINNER PERENNIAL #1 GSG
PO4**1*EA
PO1*0003*1*EA*6.2**VP*909463*SK*909463*UP*842276003022
PID*F****VIVA! ECHINACEA 2.6 QUART S6
PO4**1*EA
PO1*0004*4*EA*6.85**VP*930086*SK*930086*UP*008914769150
PID*F****TWICE AS NICE PERENNIAL 10IN
PO4**1*EA
PO1*0005*9*EA*7.5**VP*991946*SK*991946*UP*008914394994
PID*F****VIGORO #2 PREMIUM PERENNIAL
PO4**1*EA
PO1*0006*1*EA*3.95**VP*993431*SK*993431*UP*008914009461
PID*F****1 GAL LIRIOPE- GSG
PO4**1*EA
PO1*0007*27*EA*5**VP*998942*SK*998942*UP*008914009102
PID*F****VIGORO #1 GALLON PERENNIAL- GSG
PO4**1*EA
CTT*7*46
AMT*TT*363.93
SE*36*000079991
ST*850*000079992
BEG*00*CN*10079049**20100722*0910079049
CUR*BY*USD
SAC*A*I170****3*.5*****02
DTM*038*20100724
N1*OB**92*0910
N3*1055 PATERSON PLANK RD
N4*SECAUCUS*NJ*07094
REF*DP*028
REF*3J*0003
REF*MR*0000071689
REF*AGL*DTS STORE
PO1*0001*1*EA*6.8**VP*307885*SK*307885*UP*008914200769
PID*F****URBAN GARDENER GOURMET #10
PO4**1*EA
PO1*0002*1*EA*5.7**VP*314822*SK*314822*UP*842276000892
PID*F****VIVA! SUNPATIENS 2.5QT S6
PO4**1*EA
PO1*0003*7*EA*2.3**VP*325330*SK*325330*UP*008914350464
PID*F****CHRYSANTHEMUM 6.5IN HARDY MUM GS
PO4**1*EA
PO1*0004*4*EA*5.35**VP*577507*SK*577507*UP*008914782234
PID*F****ANNUAL PREM 8IN- KURTZ/GDN STATE
PO4**1*EA
PO1*0005*2*EA*6.85**VP*930086*SK*930086*UP*008914769150
PID*F****TWICE AS NICE PERENNIAL 10IN
PO4**1*EA
PO1*0006*1*EA*9.1**VP*930647*SK*930647*UP*008914722179
PID*F****DEVA ANNAUL BOWL 12IN
PO4**1*EA
PO1*0007*18*EA*2.05**VP*994586*SK*994586*UP*008914707237
PID*F****PANSY #6- GSG
PO4**1*EA
PO1*0008*5*EA*2.09**VP*994916*SK*994916*UP*008914006316
PID*F****ANNUAL #6.5- GSG
PO4**1*EA
PO1*0009*16*EA*5**VP*998942*SK*998942*UP*008914008938
PID*F****VIGORO #1 GALLON PERENNIAL- GSG
PO4**1*EA
CTT*9*55
AMT*TT*294.35
SE*42*000079992
ST*850*000079993
BEG*00*CN*12029296**20100722*0912029296
CUR*BY*USD
SAC*A*I170****3*.5*****02
DTM*038*20100724
N1*OB**92*0912
N3*1722 ROUTE 88
N4*BRICK*NJ*08724
REF*DP*028
REF*3J*0003
REF*MR*0000071689
REF*AGL*DTS STORE
PO1*0001*2*EA*3.95**VP*272942*SK*272942*UP*008914620048
PID*F****PERENNIAL 1G(2.391L)-GSG
PO4**1*EA
PO1*0002*3*EA*6**VP*273593*SK*273593*UP*008914393997
PID*F****PERENNIAL 2G(5.56L)-GSG
PO4**1*EA
PO1*0003*1*EA*5**VP*845662*SK*845662*UP*008914008532
PID*F****PROVEN WINNER PERENNIAL #1 GSG
PO4**1*EA
PO1*0004*2*EA*6.2**VP*909463*SK*909463*UP*842276003022
PID*F****VIVA! ECHINACEA 2.6 QUART S6
PO4**1*EA
PO1*0005*2*EA*6.85**VP*930086*SK*930086*UP*008914769198
PID*F****TWICE AS NICE PERENNIAL 10IN
PO4**1*EA
PO1*0006*7*EA*7.5**VP*991946*SK*991946*UP*008914394994
PID*F****VIGORO #2 PREMIUM PERENNIAL
PO4**1*EA
PO1*0007*6*EA*5**VP*998942*SK*998942*UP*008914620208
PID*F****VIGORO #1 GALLON PERENNIAL- GSG
PO4**1*EA
CTT*7*23
AMT*TT*198.4
SE*36*000079993
ST*850*000079994
BEG*00*CN*14027974**20100722*0914027974
CUR*BY*USD
SAC*A*I170****3*.5*****02
DTM*038*20100724
N1*OB**92*0914
N3*1200 NIXON DR
N4*MOUNT LAUREL*NJ*08054
REF*DP*028
REF*3J*0003
REF*MR*0000071689
REF*AGL*DTS STORE
PO1*0001*2*EA*3.95**VP*272942*SK*272942*UP*008914620048
PID*F****PERENNIAL 1G(2.391L)-GSG
PO4**1*EA
PO1*0002*2*EA*6**VP*273593*SK*273593*UP*008914394277
PID*F****PERENNIAL 2G(5.56L)-GSG
PO4**1*EA
PO1*0003*1*EA*9.25**VP*979982*SK*979982*UP*008914007535
PID*F****PERENNIAL 13IN CASTELLA
PO4**1*EA
PO1*0004*6*EA*7.5**VP*991946*SK*991946*UP*008914394994
PID*F****VIGORO #2 PREMIUM PERENNIAL
PO4**1*EA
PO1*0005*6*EA*5**VP*998942*SK*998942*UP*008914620208
PID*F****VIGORO #1 GALLON PERENNIAL- GSG
PO4**1*EA
CTT*5*17
AMT*TT*146.56
SE*30*000079994
ST*850*000079995
BEG*00*CN*15044802**20100722*0915044802
CUR*BY*USD
SAC*A*I170****3*.5*****02
DTM*038*20100724
N1*OB**92*0915
N3*2445 SPRINGFIELD AVE
N4*VAUXHALL*NJ*07088
REF*DP*028
REF*3J*0003
REF*MR*0000071689
REF*AGL*DTS STORE
PO1*0001*6*EA*6.25**VP*130845*SK*130845*UP*008914701082
PID*F****9PACK IMPATIEN
PO4**1*EA
PO1*0002*1*EA*9.64**VP*176643*SK*176643*UP*008914009263
PID*F****CLEMATIS 1G (2.391L)
PO4**1*EA
PO1*0003*10*EA*3.95**VP*272942*SK*272942*UP*008914009157
PID*F****PERENNIAL 1G(2.391L)-GSG
PO4**1*EA
PO1*0004*9*EA*6**VP*273593*SK*273593*UP*008914394277
PID*F****PERENNIAL 2G(5.56L)-GSG
PO4**1*EA
PO1*0005*10*EA*2.81**VP*313099*SK*313099*UP*033383933016
PID*F****VIGORO SELECT ANNUAL #4.33
PO4**1*EA
PO1*0006*1*EA*7.4**VP*313520*SK*313520*UP*008914008129
PID*F****HALF FLAT GROUNDCOVER
PO4**1*EA
PO1*0007*43*EA*2.3**VP*325330*SK*325330*UP*008914350464
PID*F****CHRYSANTHEMUM 6.5IN HARDY MUM GS
PO4**1*EA
PO1*0008*2*EA*4.9**VP*456333*SK*456333*UP*048834711174
PID*F**** VIGORO SELECT GALLON ANNUAL
PO4**1*EA
PO1*0009*50*EA*5.35**VP*577507*SK*577507*UP*008914782234
PID*F****ANNUAL PREM 8IN- KURTZ/GDN STATE
PO4**1*EA
PO1*0010*7*EA*1.77**VP*769529*SK*769529*UP*894873001086
PID*F****WEATHER TOUGH ACCENT PLANT PINT
PO4**1*EA
PO1*0011*4*EA*6.53**VP*793230*SK*793230*UP*008914006118
PID*F****PREM ANNUAL FLOWERING HANGING BASKET
PO4**1*EA
PO1*0012*8*EA*5**VP*845662*SK*845662*UP*008914008532
PID*F****PROVEN WINNER PERENNIAL #1 GSG
PO4**1*EA
PO1*0013*1*EA*6.2**VP*909463*SK*909463*UP*842276003022
PID*F****VIVA! ECHINACEA 2.6 QUART S6
PO4**1*EA
PO1*0014*2*EA*2.84**VP*929657*SK*929657*UP*008914702270
PID*F****PREM ANNUAL QT
PO4**1*EA
PO1*0015*2*EA*6.85**VP*930086*SK*930086*UP*008914769150
PID*F****TWICE AS NICE PERENNIAL 10IN
PO4**1*EA
PO1*0016*1*EA*7.1**VP*930251*SK*930251*UP*008914007504
PID*F****ANNUAL TRIO 13IN
PO4**1*EA
PO1*0017*9*EA*9.1**VP*930647*SK*930647*UP*008914722179
PID*F****DEVA ANNAUL BOWL 12IN
PO4**1*EA
PO1*0018*21*EA*7.5**VP*991946*SK*991946*UP*008914394994
PID*F****VIGORO #2 PREMIUM PERENNIAL
PO4**1*EA
PO1*0019*7*EA*5.15**VP*992078*SK*992078*UP*008914008402
PID*F****306 PREMIUM GROUNDCOVER 6PK- GSG
PO4**1*EA
PO1*0020*2*EA*6.6**VP*993464*SK*993464*UP*008914006262
PID*F****PROVEN WINNER #1 GAL PERENNIAL- GSG
PO4**1*EA
PO1*0021*14*EA*6.25**VP*993563*SK*993563*UP*008914006293
PID*F****ANNUAL #208- GSG
PO4**1*EA
PO1*0022*5*EA*1.45**VP*994124*SK*994124*UP*008914702607
PID*F****ACCENT PLANT #4- GSG
PO4**1*EA
PO1*0023*5*EA*2.05**VP*994586*SK*994586*UP*008914707237
PID*F****PANSY #6- GSG
PO4**1*EA
PO1*0024*18*EA*2.09**VP*994916*SK*994916*UP*008914006316
PID*F****ANNUAL #6.5- GSG
PO4**1*EA
PO1*0025*40*EA*5**VP*998942*SK*998942*UP*008914008938
PID*F****VIGORO #1 GALLON PERENNIAL- GSG
PO4**1*EA
CTT*25*278
AMT*TT*1875.04
SE*90*000079995
ST*850*000079996
BEG*00*CN*16015352**20100722*0916015352
CUR*BY*USD
SAC*A*I170****3*.5*****02
DTM*038*20100724
N1*OB**92*0916
N3*373 ROUTE 9 SOUTH
N4*WOODBRIDGE*NJ*07095
REF*DP*028
REF*3J*0003
REF*MR*0000071689
REF*AGL*DTS STORE
PO1*0001*1*EA*3.95**VP*272942*SK*272942*UP*008914008839
PID*F****PERENNIAL 1G(2.391L)-GSG
PO4**1*EA
PO1*0002*3*EA*3.95**VP*993431*SK*993431*UP*008914009461
PID*F****1 GAL LIRIOPE- GSG
PO4**1*EA
PO1*0003*3*EA*5**VP*998942*SK*998942*UP*008914620208
PID*F****VIGORO #1 GALLON PERENNIAL- GSG
PO4**1*EA
CTT*3*7
AMT*TT*44.82
SE*24*000079996
ST*850*000079997
BEG*00*CN*17038613**20100722*0917038613
CUR*BY*USD
SAC*A*I170****3*.5*****02
DTM*038*20100724
N1*OB**92*0917
N3*310 WHITEHORSE PIKE*SUITE 1
N4*LAWNSIDE*NJ*08045
REF*DP*028
REF*3J*0003
REF*MR*0000071689
REF*AGL*DTS STORE
PO1*0001*1*EA*6**VP*273593*SK*273593*UP*008914394277
PID*F****PERENNIAL 2G(5.56L)-GSG
PO4**1*EA
PO1*0002*1*EA*6.2**VP*909463*SK*909463*UP*842276003022
PID*F****VIVA! ECHINACEA 2.6 QUART S6
PO4**1*EA
PO1*0003*1*EA*6.85**VP*930086*SK*930086*UP*008914769150
PID*F****TWICE AS NICE PERENNIAL 10IN
PO4**1*EA
PO1*0004*1*EA*7.5**VP*991946*SK*991946*UP*008914394994
PID*F****VIGORO #2 PREMIUM PERENNIAL
PO4**1*EA
PO1*0005*7*EA*3.95**VP*993431*SK*993431*UP*008914009461
PID*F****1 GAL LIRIOPE- GSG
PO4**1*EA
PO1*0006*4*EA*5**VP*998942*SK*998942*UP*008914009102
PID*F****VIGORO #1 GALLON PERENNIAL- GSG
PO4**1*EA
CTT*6*15
AMT*TT*108.6
SE*33*000079997
ST*850*000079998
BEG*00*CN*18063857**20100722*0918063857
CUR*BY*USD
SAC*A*I170****3*.5*****02
DTM*038*20100724
N1*OB**92*0918
N3*401 SOUTH MAIN STREET
N4*MILLTOWN*NJ*08850
REF*DP*028
REF*3J*0003
REF*MR*0000071689
REF*AGL*DTS STORE
PO1*0001*3*EA*6**VP*273593*SK*273593*UP*008914394277
PID*F****PERENNIAL 2G(5.56L)-GSG
PO4**1*EA
PO1*0002*10*EA*3.95**VP*993431*SK*993431*UP*008914009461
PID*F****1 GAL LIRIOPE- GSG
PO4**1*EA
PO1*0003*31*EA*5**VP*998942*SK*998942*UP*008914620208
PID*F****VIGORO #1 GALLON PERENNIAL- GSG
PO4**1*EA
CTT*3*44
AMT*TT*305.99
SE*24*000079998
ST*850*000079999
BEG*00*CN*19070727**20100722*0919070727
CUR*BY*USD
SAC*A*I170****3*.5*****02
DTM*038*20100724
N1*OB**92*0919
N3*106 ROUTE 23 NORTH
N4*RIVERDALE*NJ*07457
REF*DP*028
REF*3J*0003
REF*MR*0000071689
REF*AGL*DTS STORE
PO1*0001*1*EA*3.95**VP*272942*SK*272942*UP*008914620048
PID*F****PERENNIAL 1G(2.391L)-GSG
PO4**1*EA
PO1*0002*11*EA*6**VP*273593*SK*273593*UP*008914394277
PID*F****PERENNIAL 2G(5.56L)-GSG
PO4**1*EA
PO1*0003*2*EA*5**VP*845662*SK*845662*UP*008914008532
PID*F****PROVEN WINNER PERENNIAL #1 GSG
PO4**1*EA
PO1*0004*5*EA*6.2**VP*909463*SK*909463*UP*842276003022
PID*F****VIVA! ECHINACEA 2.6 QUART S6
PO4**1*EA
PO1*0005*1*EA*10.48**VP*928964*SK*928964*UP*008914395304
PID*F****PERENNIAL COLOR POT 2G- GARDEN STATE
PO4**1*EA
PO1*0006*2*EA*6.85**VP*930086*SK*930086*UP*008914769150
PID*F****TWICE AS NICE PERENNIAL 10IN
PO4**1*EA
PO1*0007*13*EA*7.5**VP*991946*SK*991946*UP*008914394994
PID*F****VIGORO #2 PREMIUM PERENNIAL
PO4**1*EA
PO1*0008*13*EA*5**VP*998942*SK*998942*UP*008914620208
PID*F****VIGORO #1 GALLON PERENNIAL- GSG
PO4**1*EA
CTT*8*48
AMT*TT*429.77
SE*39*000079999
ST*850*000080000
BEG*00*CN*20014444**20100722*0920014444
CUR*BY*USD
SAC*A*I170****3*.5*****02
DTM*038*20100724
N1*OB**92*0920
N3*1334 LAKEWOOD ROAD
N4*TOMS RIVER*NJ*08755
REF*DP*028
REF*3J*0003
REF*MR*0000071689
REF*AGL*DTS STORE
PO1*0001*3*EA*3.95**VP*272942*SK*272942*UP*008914009157
PID*F****PERENNIAL 1G(2.391L)-GSG
PO4**1*EA
PO1*0002*2*EA*6**VP*273593*SK*273593*UP*008914394000
PID*F****PERENNIAL 2G(5.56L)-GSG
PO4**1*EA
PO1*0003*1*EA*7.4**VP*313520*SK*313520*UP*008914008129
PID*F****HALF FLAT GROUNDCOVER
PO4**1*EA
PO1*0004*8*EA*5**VP*845662*SK*845662*UP*008914008532
PID*F****PROVEN WINNER PERENNIAL #1 GSG
PO4**1*EA
PO1*0005*3*EA*6.2**VP*909463*SK*909463*UP*842276003022
PID*F****VIVA! ECHINACEA 2.6 QUART S6
PO4**1*EA
PO1*0006*1*EA*6.85**VP*930086*SK*930086*UP*008914769150
PID*F****TWICE AS NICE PERENNIAL 10IN
PO4**1*EA
PO1*0007*16*EA*7.5**VP*991946*SK*991946*UP*008914394703
PID*F****VIGORO #2 PREMIUM PERENNIAL
PO4**1*EA
PO1*0008*7*EA*3.95**VP*993431*SK*993431*UP*008914009461
PID*F****1 GAL LIRIOPE- GSG
PO4**1*EA
PO1*0009*21*EA*5**VP*998942*SK*998942*UP*008914009102
PID*F****VIGORO #1 GALLON PERENNIAL- GSG
PO4**1*EA
CTT*9*62
AMT*TT*490.46
SE*42*000080000
ST*850*000080001
BEG*00*CN*21029069**20100722*0921029069
CUR*BY*USD
SAC*A*I170****3*.5*****02
DTM*038*20100724
N1*OB**92*0921
N3*701 NASSAU PARK BLVD
N4*PRINCETON*NJ*08540
REF*DP*028
REF*3J*0003
REF*MR*0000071689
REF*AGL*DTS STORE
PO1*0001*4*EA*5.15**VP*992078*SK*992078*UP*008914008402
PID*F****306 PREMIUM GROUNDCOVER 6PK- GSG
PO4**1*EA
PO1*0002*2*EA*5**VP*998942*SK*998942*UP*008914620208
PID*F****VIGORO #1 GALLON PERENNIAL- GSG
PO4**1*EA
CTT*2*6
AMT*TT*41.88
SE*21*000080001
ST*850*000080002
BEG*00*CN*25078556**20100722*0925078556
CUR*BY*USD
SAC*A*I170****3*.5*****02
DTM*038*20100724
N1*OB**92*0925
N3*530 MT PLEASANT AVE
N4*DOVER*NJ*07801
REF*DP*028
REF*3J*0003
REF*MR*0000071689
REF*AGL*DTS STORE
PO1*0001*1*EA*3.95**VP*272942*SK*272942*UP*008914008570
PID*F****PERENNIAL 1G(2.391L)-GSG
PO4**1*EA
PO1*0002*8*EA*6**VP*273593*SK*273593*UP*008914394444
PID*F****PERENNIAL 2G(5.56L)-GSG
PO4**1*EA
PO1*0003*2*EA*5**VP*845662*SK*845662*UP*008914008532
PID*F****PROVEN WINNER PERENNIAL #1 GSG
PO4**1*EA
PO1*0004*1*EA*4.5**VP*889680*SK*889680*UP*008914009942
PID*F****1 GAL HARDY HYDRANGEA- GSG
PO4**1*EA
PO1*0005*6*EA*6.85**VP*930086*SK*930086*UP*008914769150
PID*F****TWICE AS NICE PERENNIAL 10IN
PO4**1*EA
PO1*0006*14*EA*7.5**VP*991946*SK*991946*UP*008914394703
PID*F****VIGORO #2 PREMIUM PERENNIAL
PO4**1*EA
PO1*0007*11*EA*3.95**VP*993431*SK*993431*UP*008914009461
PID*F****1 GAL LIRIOPE- GSG
PO4**1*EA
PO1*0008*14*EA*5**VP*998942*SK*998942*UP*008914620208
PID*F****VIGORO #1 GALLON PERENNIAL- GSG
PO4**1*EA
CTT*8*57
AMT*TT*469.47
SE*39*000080002
ST*850*000080003
BEG*00*CN*27098783**20100722*0927098783
CUR*BY*USD
SAC*A*I170****3*.5*****02
DTM*038*20100724
N1*OB**92*0927
N3*750 HIGHWAY RT 130
N4*ROBBINSVILLE*NJ*08691
REF*DP*028
REF*3J*0003
REF*MR*0000071689
REF*AGL*DTS STORE
PO1*0001*2*EA*5.7**VP*500809*SK*500809*UP*842276002483
PID*F****VIVA! PENNISETUM FIREWORKS 2.6QT S6
PO4**1*EA
PO1*0002*1*EA*6.85**VP*930086*SK*930086*UP*008914769174
PID*F****TWICE AS NICE PERENNIAL 10IN
PO4**1*EA
PO1*0003*11*EA*5**VP*998942*SK*998942*UP*008914009102
PID*F****VIGORO #1 GALLON PERENNIAL- GSG
PO4**1*EA
CTT*3*14
AMT*TT*102.73
SE*24*000080003
ST*850*000080004
BEG*00*CN*28040948**20100722*0928040948
CUR*BY*USD
SAC*A*I170****3*.5*****02
DTM*038*20100724
N1*OB**92*0928
N3*60 ORANGE ST
N4*BLOOMFIELD*NJ*07003
REF*DP*028
REF*3J*0003
REF*MR*0000071689
REF*AGL*DTS STORE
PO1*0001*1*EA*5.7**VP*214999*SK*214999*UP*842276002452
PID*F****VIVA! PENNISETUM FIREWORKS 2.6QT S3
PO4**1*EA
PO1*0002*4*EA*3.95**VP*272942*SK*272942*UP*008914009157
PID*F****PERENNIAL 1G(2.391L)-GSG
PO4**1*EA
PO1*0003*7*EA*6**VP*273593*SK*273593*UP*008914394277
PID*F****PERENNIAL 2G(5.56L)-GSG
PO4**1*EA
PO1*0004*2*EA*10.75**VP*305217*SK*305217*UP*008914722124
PID*F****PREMIUM CASABELLA HANGING BASKET #12
PO4**1*EA
PO1*0005*3*EA*7.4**VP*313520*SK*313520*UP*008914008129
PID*F****HALF FLAT GROUNDCOVER
PO4**1*EA
PO1*0006*16*EA*2.3**VP*325330*SK*325330*UP*008914350464
PID*F****CHRYSANTHEMUM 6.5IN HARDY MUM GS
PO4**1*EA
PO1*0007*1*EA*4.4**VP*396702*SK*396702*UP*008914393423
PID*F****PERENNIAL 4IN
PO4**1*EA
PO1*0008*3*EA*5.7**VP*500809*SK*500809*UP*842276002483
PID*F****VIVA! PENNISETUM FIREWORKS 2.6QT S6
PO4**1*EA
PO1*0009*12*EA*5.35**VP*577507*SK*577507*UP*008914782234
PID*F****ANNUAL PREM 8IN- KURTZ/GDN STATE
PO4**1*EA
PO1*0010*2*EA*1.77**VP*769529*SK*769529*UP*894873001086
PID*F****WEATHER TOUGH ACCENT PLANT PINT
PO4**1*EA
PO1*0011*4*EA*6.53**VP*793230*SK*793230*UP*008914006118
PID*F****PREM ANNUAL FLOWERING HANGING BASKET
PO4**1*EA
PO1*0012*1*EA*5**VP*845662*SK*845662*UP*008914008532
PID*F****PROVEN WINNER PERENNIAL #1 GSG
PO4**1*EA
PO1*0013*2*EA*6.2**VP*909463*SK*909463*UP*842276003022
PID*F****VIVA! ECHINACEA 2.6 QUART S6
PO4**1*EA
PO1*0014*3*EA*9.1**VP*930647*SK*930647*UP*008914722179
PID*F****DEVA ANNAUL BOWL 12IN
PO4**1*EA
PO1*0015*8*EA*7.5**VP*991946*SK*991946*UP*008914394994
PID*F****VIGORO #2 PREMIUM PERENNIAL
PO4**1*EA
PO1*0016*4*EA*3.95**VP*993431*SK*993431*UP*008914009461
PID*F****1 GAL LIRIOPE- GSG
PO4**1*EA
PO1*0017*4*EA*6.25**VP*993563*SK*993563*UP*008914006293
PID*F****ANNUAL #208- GSG
PO4**1*EA
PO1*0018*16*EA*2.05**VP*994586*SK*994586*UP*008914308717
PID*F****PANSY #6- GSG
PO4**1*EA
PO1*0019*13*EA*5**VP*998942*SK*998942*UP*008914008938
PID*F****VIGORO #1 GALLON PERENNIAL- GSG
PO4**1*EA
CTT*19*106
AMT*TT*739.71
SE*72*000080004
ST*850*000080005
BEG*00*CN*29041266**20100722*0929041266
CUR*BY*USD
SAC*A*I170****3*.5*****02
DTM*038*20100724
N1*OB**92*0929
N3*1370 HURFFVILLE RD
N4*DEPTFORD*NJ*08096
REF*DP*028
REF*3J*0003
REF*MR*0000071689
REF*AGL*DTS STORE
PO1*0001*1*EA*6**VP*273593*SK*273593*UP*008914394277
PID*F****PERENNIAL 2G(5.56L)-GSG
PO4**1*EA
PO1*0002*3*EA*5**VP*845662*SK*845662*UP*008914008532
PID*F****PROVEN WINNER PERENNIAL #1 GSG
PO4**1*EA
PO1*0003*4*EA*6.2**VP*909463*SK*909463*UP*842276003022
PID*F****VIVA! ECHINACEA 2.6 QUART S6
PO4**1*EA
PO1*0004*2*EA*7.5**VP*991946*SK*991946*UP*008914394994
PID*F****VIGORO #2 PREMIUM PERENNIAL
PO4**1*EA
PO1*0005*2*EA*5**VP*998942*SK*998942*UP*008914009102
PID*F****VIGORO #1 GALLON PERENNIAL- GSG
PO4**1*EA
CTT*5*12
AMT*TT*100.73
SE*30*000080005
ST*850*000080006
BEG*00*CN*30020641**20100722*0930020641
CUR*BY*USD
SAC*A*I170****3*.5*****02
DTM*038*20100724
N1*OB**92*0930
N3*6 TOWER AVENUE
N4*EGG HARBOR TOWNSHP*NJ*08234
REF*DP*028
REF*3J*0003
REF*MR*0000071689
REF*AGL*DTS STORE
PO1*0001*7*EA*6**VP*273593*SK*273593*UP*008914394444
PID*F****PERENNIAL 2G(5.56L)-GSG
PO4**1*EA
PO1*0002*1*EA*5**VP*845662*SK*845662*UP*008914008532
PID*F****PROVEN WINNER PERENNIAL #1 GSG
PO4**1*EA
PO1*0003*2*EA*6.2**VP*909463*SK*909463*UP*842276003022
PID*F****VIVA! ECHINACEA 2.6 QUART S6
PO4**1*EA
PO1*0004*1*EA*6.85**VP*930086*SK*930086*UP*008914769150
PID*F****TWICE AS NICE PERENNIAL 10IN
PO4**1*EA
PO1*0005*9*EA*7.5**VP*991946*SK*991946*UP*008914394703
PID*F****VIGORO #2 PREMIUM PERENNIAL
PO4**1*EA
PO1*0006*4*EA*3.95**VP*993431*SK*993431*UP*008914009461
PID*F****1 GAL LIRIOPE- GSG
PO4**1*EA
PO1*0007*27*EA*5**VP*998942*SK*998942*UP*008914009102
PID*F****VIGORO #1 GALLON PERENNIAL- GSG
PO4**1*EA
CTT*7*51
AMT*TT*406.77
SE*36*000080006
ST*850*000080007
BEG*00*CN*33037492**20100722*0933037492
CUR*BY*USD
SAC*A*I170****3*.5*****02
DTM*038*20100724
N1*OB**92*0933
N3*1990 ROUTE 9
N4*HOWELL*NJ*07731
REF*DP*028
REF*3J*0003
REF*MR*0000071689
REF*AGL*DTS STORE
PO1*0001*1*EA*3.95**VP*272942*SK*272942*UP*008914620048
PID*F****PERENNIAL 1G(2.391L)-GSG
PO4**1*EA
PO1*0002*1*EA*6.2**VP*909463*SK*909463*UP*842276003022
PID*F****VIVA! ECHINACEA 2.6 QUART S6
PO4**1*EA
PO1*0003*4*EA*7.5**VP*991946*SK*991946*UP*008914394994
PID*F****VIGORO #2 PREMIUM PERENNIAL
PO4**1*EA
PO1*0004*2*EA*3.95**VP*993431*SK*993431*UP*008914009461
PID*F****1 GAL LIRIOPE- GSG
PO4**1*EA
PO1*0005*10*EA*5**VP*998942*SK*998942*UP*008914620208
PID*F****VIGORO #1 GALLON PERENNIAL- GSG
PO4**1*EA
CTT*5*18
AMT*TT*136.57
SE*30*000080007
ST*850*000080008
BEG*00*CN*34035837**20100722*0934035837
CUR*BY*USD
SAC*A*I170****3*.5*****02
DTM*038*20100724
N1*OB**92*0934
N3*701 WEST EDGAR ROAD
N4*LINDEN*NJ*07036
REF*DP*028
REF*3J*0003
REF*MR*0000071689
REF*AGL*DTS STORE
PO1*0001*2*EA*3.95**VP*272942*SK*272942*UP*008914008839
PID*F****PERENNIAL 1G(2.391L)-GSG
PO4**1*EA
PO1*0002*1*EA*6**VP*273593*SK*273593*UP*008914394444
PID*F****PERENNIAL 2G(5.56L)-GSG
PO4**1*EA
PO1*0003*18*EA*2.81**VP*313099*SK*313099*UP*033383933016
PID*F****VIGORO SELECT ANNUAL #4.33
PO4**1*EA
PO1*0004*2*EA*5.7**VP*314822*SK*314822*UP*842276000892
PID*F****VIVA! SUNPATIENS 2.5QT S6
PO4**1*EA
PO1*0005*6*EA*2.3**VP*325330*SK*325330*UP*008914350464
PID*F****CHRYSANTHEMUM 6.5IN HARDY MUM GS
PO4**1*EA
PO1*0006*6*EA*4.4**VP*396702*SK*396702*UP*008914393423
PID*F****PERENNIAL 4IN
PO4**1*EA
PO1*0007*1*EA*4.9**VP*456333*SK*456333*UP*048834711174
PID*F**** VIGORO SELECT GALLON ANNUAL
PO4**1*EA
PO1*0008*2*EA*14**VP*541726*SK*541726*UP*008914767712
PID*F****URBAN GARDENER TRELLIS
PO4**1*EA
PO1*0009*9*EA*5.35**VP*577507*SK*577507*UP*008914782234
PID*F****ANNUAL PREM 8IN- KURTZ/GDN STATE
PO4**1*EA
PO1*0010*5*EA*1.77**VP*769529*SK*769529*UP*894873001086
PID*F****WEATHER TOUGH ACCENT PLANT PINT
PO4**1*EA
PO1*0011*1*EA*6.53**VP*793230*SK*793230*UP*008914006118
PID*F****PREM ANNUAL FLOWERING HANGING BASKET
PO4**1*EA
PO1*0012*1*EA*5**VP*845662*SK*845662*UP*008914008532
PID*F****PROVEN WINNER PERENNIAL #1 GSG
PO4**1*EA
PO1*0013*2*EA*10.48**VP*928964*SK*928964*UP*008914395335
PID*F****PERENNIAL COLOR POT 2G- GARDEN STATE
PO4**1*EA
PO1*0014*1*EA*6.85**VP*930086*SK*930086*UP*008914769150
PID*F****TWICE AS NICE PERENNIAL 10IN
PO4**1*EA
PO1*0015*1*EA*9.1**VP*930647*SK*930647*UP*008914722179
PID*F****DEVA ANNAUL BOWL 12IN
PO4**1*EA
PO1*0016*1*EA*7.5**VP*991946*SK*991946*UP*008914394703
PID*F****VIGORO #2 PREMIUM PERENNIAL
PO4**1*EA
PO1*0017*2*EA*3.95**VP*993431*SK*993431*UP*008914009461
PID*F****1 GAL LIRIOPE- GSG
PO4**1*EA
PO1*0018*4*EA*6.25**VP*993563*SK*993563*UP*008914006293
PID*F****ANNUAL #208- GSG
PO4**1*EA
PO1*0019*1*EA*2.09**VP*994916*SK*994916*UP*008914006316
PID*F****ANNUAL #6.5- GSG
PO4**1*EA
PO1*0020*19*EA*5**VP*998942*SK*998942*UP*008914008938
PID*F****VIGORO #1 GALLON PERENNIAL- GSG
PO4**1*EA
CTT*20*85
AMT*TT*562.41
SE*75*000080008
ST*850*000080009
BEG*00*CN*35079771**20100722*0935079771
CUR*BY*USD
SAC*A*I170****3*.5*****02
DTM*038*20100724
N1*OB**92*0935
N3*440 ROUTE 440
N4*JERSEY CITY*NJ*07302
REF*DP*028
REF*3J*0003
REF*MR*0000071689
REF*AGL*DTS STORE
PO1*0001*1*EA*6**VP*273593*SK*273593*UP*008914394444
PID*F****PERENNIAL 2G(5.56L)-GSG
PO4**1*EA
PO1*0002*1*EA*10.75**VP*305217*SK*305217*UP*008914722124
PID*F****PREMIUM CASABELLA HANGING BASKET #12
PO4**1*EA
PO1*0003*5*EA*5.7**VP*314822*SK*314822*UP*842276000892
PID*F****VIVA! SUNPATIENS 2.5QT S6
PO4**1*EA
PO1*0004*18*EA*2.3**VP*325330*SK*325330*UP*008914350464
PID*F****CHRYSANTHEMUM 6.5IN HARDY MUM GS
PO4**1*EA
PO1*0005*4*EA*4.9**VP*456333*SK*456333*UP*048834711174
PID*F**** VIGORO SELECT GALLON ANNUAL
PO4**1*EA
PO1*0006*5*EA*5.35**VP*577507*SK*577507*UP*008914782234
PID*F****ANNUAL PREM 8IN- KURTZ/GDN STATE
PO4**1*EA
PO1*0007*2*EA*1.77**VP*769529*SK*769529*UP*894873001086
PID*F****WEATHER TOUGH ACCENT PLANT PINT
PO4**1*EA
PO1*0008*2*EA*5**VP*845662*SK*845662*UP*008914008532
PID*F****PROVEN WINNER PERENNIAL #1 GSG
PO4**1*EA
PO1*0009*2*EA*6.2**VP*909463*SK*909463*UP*842276003022
PID*F****VIVA! ECHINACEA 2.6 QUART S6
PO4**1*EA
PO1*0010*2*EA*7.1**VP*930251*SK*930251*UP*008914007504
PID*F****ANNUAL TRIO 13IN
PO4**1*EA
PO1*0011*2*EA*9.1**VP*930647*SK*930647*UP*008914722179
PID*F****DEVA ANNAUL BOWL 12IN
PO4**1*EA
PO1*0012*1*EA*7.5**VP*991946*SK*991946*UP*008914394703
PID*F****VIGORO #2 PREMIUM PERENNIAL
PO4**1*EA
PO1*0013*1*EA*6.6**VP*993464*SK*993464*UP*008914006262
PID*F****PROVEN WINNER #1 GAL PERENNIAL- GSG
PO4**1*EA
PO1*0014*1*EA*6.25**VP*993563*SK*993563*UP*008914006293
PID*F****ANNUAL #208- GSG
PO4**1*EA
PO1*0015*16*EA*2.05**VP*994586*SK*994586*UP*008914707237
PID*F****PANSY #6- GSG
PO4**1*EA
PO1*0016*6*EA*5**VP*998942*SK*998942*UP*008914620208
PID*F****VIGORO #1 GALLON PERENNIAL- GSG
PO4**1*EA
CTT*16*69
AMT*TT*400.49
SE*63*000080009
ST*850*000080010
BEG*00*CN*39074507**20100722*0939074507
CUR*BY*USD
SAC*A*I170****3*.5*****02
DTM*038*20100724
N1*OB**92*0939
N3*2703 BURLINGTON MT HOLLY*RD RT 541
N4*WESTAMPTON*NJ*08060
REF*DP*028
REF*3J*0003
REF*MR*0000071689
REF*AGL*DTS STORE
PO1*0001*2*EA*3.95**VP*272942*SK*272942*UP*008914008839
PID*F****PERENNIAL 1G(2.391L)-GSG
PO4**1*EA
PO1*0002*6*EA*7.5**VP*991946*SK*991946*UP*008914394703
PID*F****VIGORO #2 PREMIUM PERENNIAL
PO4**1*EA
PO1*0003*8*EA*5**VP*998942*SK*998942*UP*008914620208
PID*F****VIGORO #1 GALLON PERENNIAL- GSG
PO4**1*EA
CTT*3*16
AMT*TT*127.6
SE*24*000080010
ST*850*000080011
BEG*00*CN*44080322**20100722*0944080322
CUR*BY*USD
SAC*A*I170****3*.5*****02
DTM*038*20100724
N1*OB**92*0944
N3*1035 ROUTE 1 SOUTH
N4*EDISON*NJ*08837
REF*DP*028
REF*3J*0003
REF*MR*0000071689
REF*AGL*DTS STORE
PO1*0001*1*EA*6.85**VP*930086*SK*930086*UP*008914769150
PID*F****TWICE AS NICE PERENNIAL 10IN
PO4**1*EA
PO1*0002*1*EA*7.5**VP*991946*SK*991946*UP*008914394703
PID*F****VIGORO #2 PREMIUM PERENNIAL
PO4**1*EA
PO1*0003*24*EA*3.95**VP*993431*SK*993431*UP*008914009461
PID*F****1 GAL LIRIOPE- GSG
PO4**1*EA
PO1*0004*5*EA*5**VP*998942*SK*998942*UP*008914009102
PID*F****VIGORO #1 GALLON PERENNIAL- GSG
PO4**1*EA
CTT*4*31
AMT*TT*198.12
SE*27*000080011
ST*850*000080012
BEG*00*CN*49087327**20100722*0949087327
CUR*BY*USD
SAC*A*I170****3*.5*****02
DTM*038*20100724
N1*OB**92*0949
N3*3540 ROUTE 66
N4*NEPTUNE*NJ*07753
REF*DP*028
REF*3J*0003
REF*MR*0000071689
REF*AGL*DTS STORE
PO1*0001*3*EA*6**VP*273593*SK*273593*UP*008914394444
PID*F****PERENNIAL 2G(5.56L)-GSG
PO4**1*EA
PO1*0002*2*EA*5**VP*845662*SK*845662*UP*008914008532
PID*F****PROVEN WINNER PERENNIAL #1 GSG
PO4**1*EA
PO1*0003*3*EA*6.85**VP*930086*SK*930086*UP*008914769150
PID*F****TWICE AS NICE PERENNIAL 10IN
PO4**1*EA
PO1*0004*6*EA*7.5**VP*991946*SK*991946*UP*008914394703
PID*F****VIGORO #2 PREMIUM PERENNIAL
PO4**1*EA
PO1*0005*6*EA*5**VP*998942*SK*998942*UP*008914009102
PID*F****VIGORO #1 GALLON PERENNIAL- GSG
PO4**1*EA
CTT*5*20
AMT*TT*175.48
SE*30*000080012
ST*850*000080013
BEG*00*CN*51036057**20100722*0951036057
CUR*BY*USD
SAC*A*I170****3*.5*****02
DTM*038*20100724
N1*OB**92*0951
N3*197 ROUTE 72 WEST
N4*STAFFORD TWP*NJ*08050
REF*DP*028
REF*3J*0003
REF*MR*0000071689
REF*AGL*DTS STORE
PO1*0001*1*EA*3.95**VP*272942*SK*272942*UP*008914008839
PID*F****PERENNIAL 1G(2.391L)-GSG
PO4**1*EA
PO1*0002*4*EA*6**VP*273593*SK*273593*UP*008914394444
PID*F****PERENNIAL 2G(5.56L)-GSG
PO4**1*EA
PO1*0003*3*EA*5**VP*845662*SK*845662*UP*008914008532
PID*F****PROVEN WINNER PERENNIAL #1 GSG
PO4**1*EA
PO1*0004*8*EA*6.2**VP*909463*SK*909463*UP*842276003022
PID*F****VIVA! ECHINACEA 2.6 QUART S6
PO4**1*EA
PO1*0005*3*EA*6.85**VP*930086*SK*930086*UP*008914769150
PID*F****TWICE AS NICE PERENNIAL 10IN
PO4**1*EA
PO1*0006*15*EA*7.5**VP*991946*SK*991946*UP*008914394703
PID*F****VIGORO #2 PREMIUM PERENNIAL
PO4**1*EA
PO1*0007*23*EA*5**VP*998942*SK*998942*UP*008914620208
PID*F****VIGORO #1 GALLON PERENNIAL- GSG
PO4**1*EA
CTT*7*57
AMT*TT*478.63
SE*36*000080013
ST*850*000080014
BEG*00*CN*53063019**20100722*0953063019
CUR*BY*USD
SAC*A*I170****3*.5*****02
DTM*038*20100724
N1*OB**92*0953
N3*2045 STATE ROUTE 57
N4*HACKETTSTOWN*NJ*07840
REF*DP*028
REF*3J*0003
REF*MR*0000071689
REF*AGL*DTS STORE
PO1*0001*3*EA*6.25**VP*131206*SK*131206*UP*008914701075
PID*F****9 PACK MARIGOLD
PO4**1*EA
PO1*0002*2*EA*6**VP*273593*SK*273593*UP*008914394444
PID*F****PERENNIAL 2G(5.56L)-GSG
PO4**1*EA
PO1*0003*1*EA*10.75**VP*305217*SK*305217*UP*008914010023
PID*F****PREMIUM CASABELLA HANGING BASKET #12
PO4**1*EA
PO1*0004*3*EA*7.4**VP*313520*SK*313520*UP*008914008129
PID*F****HALF FLAT GROUNDCOVER
PO4**1*EA
PO1*0005*2*EA*5.7**VP*314822*SK*314822*UP*842276000892
PID*F****VIVA! SUNPATIENS 2.5QT S6
PO4**1*EA
PO1*0006*7*EA*2.3**VP*325330*SK*325330*UP*008914350464
PID*F****CHRYSANTHEMUM 6.5IN HARDY MUM GS
PO4**1*EA
PO1*0007*2*EA*4.9**VP*456333*SK*456333*UP*048834711174
PID*F**** VIGORO SELECT GALLON ANNUAL
PO4**1*EA
PO1*0008*1*EA*5.35**VP*577507*SK*577507*UP*008914700290
PID*F****ANNUAL PREM 8IN- KURTZ/GDN STATE
PO4**1*EA
PO1*0009*2*EA*1.77**VP*769529*SK*769529*UP*894873001086
PID*F****WEATHER TOUGH ACCENT PLANT PINT
PO4**1*EA
PO1*0010*1*EA*6.2**VP*909463*SK*909463*UP*842276003022
PID*F****VIVA! ECHINACEA 2.6 QUART S6
PO4**1*EA
PO1*0011*1*EA*6.85**VP*930086*SK*930086*UP*008914769174
PID*F****TWICE AS NICE PERENNIAL 10IN
PO4**1*EA
PO1*0012*4*EA*7.1**VP*930251*SK*930251*UP*008914007504
PID*F****ANNUAL TRIO 13IN
PO4**1*EA
PO1*0013*3*EA*9.1**VP*930647*SK*930647*UP*008914722179
PID*F****DEVA ANNAUL BOWL 12IN
PO4**1*EA
PO1*0014*2*EA*6.6**VP*993464*SK*993464*UP*008914006262
PID*F****PROVEN WINNER #1 GAL PERENNIAL- GSG
PO4**1*EA
PO1*0015*2*EA*6.25**VP*993563*SK*993563*UP*008914006293
PID*F****ANNUAL #208- GSG
PO4**1*EA
PO1*0016*3*EA*1.45**VP*994124*SK*994124*UP*008914009522
PID*F****ACCENT PLANT #4- GSG
PO4**1*EA
PO1*0017*11*EA*2.05**VP*994586*SK*994586*UP*008914707237
PID*F****PANSY #6- GSG
PO4**1*EA
PO1*0018*6*EA*2.09**VP*994916*SK*994916*UP*008914006316
PID*F****ANNUAL #6.5- GSG
PO4**1*EA
PO1*0019*5*EA*5**VP*998942*SK*998942*UP*008914009102
PID*F****VIGORO #1 GALLON PERENNIAL- GSG
PO4**1*EA
CTT*19*61
AMT*TT*399.02
SE*72*000080014
ST*850*000080015
BEG*00*CN*54042362**20100722*0954042362
CUR*BY*USD
SAC*A*I170****3*.5*****02
DTM*038*20100724
N1*OB**92*0954
N3*930 SPRINGFIELD RD SOUTH
N4*UNION*NJ*07083
REF*DP*028
REF*3J*0003
REF*MR*0000071689
REF*AGL*DTS STORE
PO1*0001*4*EA*3.95**VP*272942*SK*272942*UP*008914008839
PID*F****PERENNIAL 1G(2.391L)-GSG
PO4**1*EA
PO1*0002*2*EA*6**VP*273593*SK*273593*UP*008914394444
PID*F****PERENNIAL 2G(5.56L)-GSG
PO4**1*EA
PO1*0003*10*EA*2.81**VP*313099*SK*313099*UP*033383933016
PID*F****VIGORO SELECT ANNUAL #4.33
PO4**1*EA
PO1*0004*1*EA*7.4**VP*313520*SK*313520*UP*008914008129
PID*F****HALF FLAT GROUNDCOVER
PO4**1*EA
PO1*0005*3*EA*5.7**VP*314822*SK*314822*UP*842276000892
PID*F****VIVA! SUNPATIENS 2.5QT S6
PO4**1*EA
PO1*0006*7*EA*2.3**VP*325330*SK*325330*UP*008914350464
PID*F****CHRYSANTHEMUM 6.5IN HARDY MUM GS
PO4**1*EA
PO1*0007*1*EA*7.95**VP*380982*SK*380982*UP*008914305402
PID*F****AQUALOK ANNAUL HANGING BASKET 10IN
PO4**1*EA
PO1*0008*5*EA*14**VP*541726*SK*541726*UP*008914767712
PID*F****URBAN GARDENER TRELLIS
PO4**1*EA
PO1*0009*2*EA*5.35**VP*577507*SK*577507*UP*008914700290
PID*F****ANNUAL PREM 8IN- KURTZ/GDN STATE
PO4**1*EA
PO1*0010*2*EA*1.77**VP*769529*SK*769529*UP*894873001086
PID*F****WEATHER TOUGH ACCENT PLANT PINT
PO4**1*EA
PO1*0011*5*EA*6.53**VP*793230*SK*793230*UP*008914006118
PID*F****PREM ANNUAL FLOWERING HANGING BASKET
PO4**1*EA
PO1*0012*3*EA*5.7**VP*909364*SK*909364*UP*842276002889
PID*F****VIVA! COLEUS HENNA 2.6QT S6
PO4**1*EA
PO1*0013*4*EA*6.2**VP*909463*SK*909463*UP*842276003022
PID*F****VIVA! ECHINACEA 2.6 QUART S6
PO4**1*EA
PO1*0014*1*EA*6.85**VP*930086*SK*930086*UP*008914769150
PID*F****TWICE AS NICE PERENNIAL 10IN
PO4**1*EA
PO1*0015*1*EA*7.1**VP*930251*SK*930251*UP*008914007504
PID*F****ANNUAL TRIO 13IN
PO4**1*EA
PO1*0016*5*EA*7.5**VP*991946*SK*991946*UP*008914394994
PID*F****VIGORO #2 PREMIUM PERENNIAL
PO4**1*EA
PO1*0017*2*EA*6.6**VP*993464*SK*993464*UP*008914006262
PID*F****PROVEN WINNER #1 GAL PERENNIAL- GSG
PO4**1*EA
PO1*0018*8*EA*6.25**VP*993563*SK*993563*UP*008914006293
PID*F****ANNUAL #208- GSG
PO4**1*EA
PO1*0019*4*EA*2.09**VP*994916*SK*994916*UP*008914006316
PID*F****ANNUAL #6.5- GSG
PO4**1*EA
PO1*0020*19*EA*5**VP*998942*SK*998942*UP*008914620208
PID*F****VIGORO #1 GALLON PERENNIAL- GSG
PO4**1*EA
CTT*20*89
AMT*TT*691.81
SE*75*000080015
ST*850*000080016
BEG*00*CN*57082245**20100722*0957082245
CUR*BY*USD
SAC*A*I170****3*.5*****02
DTM*038*20100724
N1*OB**92*0957
N3*1090 ROUTE 9 SOUTH
N4*OLD BRIDGE*NJ*08857
REF*DP*028
REF*3J*0003
REF*MR*0000071689
REF*AGL*DTS STORE
PO1*0001*1*EA*6**VP*273593*SK*273593*UP*008914394444
PID*F****PERENNIAL 2G(5.56L)-GSG
PO4**1*EA
PO1*0002*1*EA*25.01**VP*929888*SK*929888*UP*008914727068
PID*F****CALLA LILY TUSCANY 12IN
PO4**1*EA
PO1*0003*4*EA*5**VP*998942*SK*998942*UP*008914620208
PID*F****VIGORO #1 GALLON PERENNIAL- GSG
PO4**1*EA
CTT*3*6
AMT*TT*72.87
SE*24*000080016
ST*850*000080017
BEG*00*CN*59092487**20100722*0959092487
CUR*BY*USD
SAC*A*I170****3*.5*****02
DTM*038*20100724
N1*OB**92*0959
N3*75 MCLEAN BLVD
N4*PATERSON*NJ*07514
REF*DP*028
REF*3J*0003
REF*MR*0000071689
REF*AGL*DTS STORE
PO1*0001*3*EA*6**VP*273593*SK*273593*UP*008914394055
PID*F****PERENNIAL 2G(5.56L)-GSG
PO4**1*EA
PO1*0002*11*EA*2.3**VP*325330*SK*325330*UP*008914350464
PID*F****CHRYSANTHEMUM 6.5IN HARDY MUM GS
PO4**1*EA
PO1*0003*4*EA*4.9**VP*456333*SK*456333*UP*048834711174
PID*F**** VIGORO SELECT GALLON ANNUAL
PO4**1*EA
PO1*0004*6*EA*5.35**VP*577507*SK*577507*UP*008914782234
PID*F****ANNUAL PREM 8IN- KURTZ/GDN STATE
PO4**1*EA
PO1*0005*2*EA*6.85**VP*930086*SK*930086*UP*008914769150
PID*F****TWICE AS NICE PERENNIAL 10IN
PO4**1*EA
PO1*0006*2*EA*7.5**VP*991946*SK*991946*UP*008914394994
PID*F****VIGORO #2 PREMIUM PERENNIAL
PO4**1*EA
PO1*0007*2*EA*3.95**VP*993431*SK*993431*UP*008914009461
PID*F****1 GAL LIRIOPE- GSG
PO4**1*EA
PO1*0008*1*EA*6.25**VP*993563*SK*993563*UP*008914006293
PID*F****ANNUAL #208- GSG
PO4**1*EA
PO1*0009*5*EA*2.05**VP*994586*SK*994586*UP*008914707237
PID*F****PANSY #6- GSG
PO4**1*EA
PO1*0010*15*EA*5**VP*998942*SK*998942*UP*008914620208
PID*F****VIGORO #1 GALLON PERENNIAL- GSG
PO4**1*EA
CTT*10*51
AMT*TT*324.43
SE*45*000080017
ST*850*000080018
BEG*00*CN*61019257**20100722*0961019257
CUR*BY*USD
SAC*A*I170****3*.5*****02
DTM*038*20100724
N1*OB**92*0961
N3*300 TROTTERS WAY
N4*FREEHOLD*NJ*07728
REF*DP*028
REF*3J*0003
REF*MR*0000071689
REF*AGL*DTS STORE
PO1*0001*8*EA*3.95**VP*272942*SK*272942*UP*008914009157
PID*F****PERENNIAL 1G(2.391L)-GSG
PO4**1*EA
PO1*0002*2*EA*6**VP*273593*SK*273593*UP*008914394277
PID*F****PERENNIAL 2G(5.56L)-GSG
PO4**1*EA
PO1*0003*3*EA*7.4**VP*313520*SK*313520*UP*008914008129
PID*F****HALF FLAT GROUNDCOVER
PO4**1*EA
PO1*0004*1*EA*5**VP*845662*SK*845662*UP*008914008532
PID*F****PROVEN WINNER PERENNIAL #1 GSG
PO4**1*EA
PO1*0005*5*EA*6.2**VP*909463*SK*909463*UP*842276003022
PID*F****VIVA! ECHINACEA 2.6 QUART S6
PO4**1*EA
PO1*0006*1*EA*6.85**VP*930086*SK*930086*UP*008914769150
PID*F****TWICE AS NICE PERENNIAL 10IN
PO4**1*EA
PO1*0007*17*EA*5**VP*998942*SK*998942*UP*008914620208
PID*F****VIGORO #1 GALLON PERENNIAL- GSG
PO4**1*EA
CTT*7*37
AMT*TT*284.12
SE*36*000080018
ST*850*000080019
BEG*00*CN*65049302**20100722*0965049302
CUR*BY*USD
SAC*A*I170****3*.5*****02
DTM*038*20100724
N1*OB**92*0965
N3*79 ROUTE 46
N4*MONTVILLE*NJ*07045
REF*DP*028
REF*3J*0003
REF*MR*0000071689
REF*AGL*DTS STORE
PO1*0001*3*EA*3.95**VP*272942*SK*272942*UP*008914008839
PID*F****PERENNIAL 1G(2.391L)-GSG
PO4**1*EA
PO1*0002*1*EA*6**VP*273593*SK*273593*UP*008914394444
PID*F****PERENNIAL 2G(5.56L)-GSG
PO4**1*EA
PO1*0003*2*EA*6.2**VP*909463*SK*909463*UP*842276003022
PID*F****VIVA! ECHINACEA 2.6 QUART S6
PO4**1*EA
PO1*0004*1*EA*9.25**VP*979982*SK*979982*UP*008914007535
PID*F****PERENNIAL 13IN CASTELLA
PO4**1*EA
PO1*0005*3*EA*7.5**VP*991946*SK*991946*UP*008914394703
PID*F****VIGORO #2 PREMIUM PERENNIAL
PO4**1*EA
PO1*0006*3*EA*3.95**VP*993431*SK*993431*UP*008914009461
PID*F****1 GAL LIRIOPE- GSG
PO4**1*EA
PO1*0007*7*EA*5**VP*998942*SK*998942*UP*008914008938
PID*F****VIGORO #1 GALLON PERENNIAL- GSG
PO4**1*EA
CTT*7*20
AMT*TT*155.5
SE*36*000080019
ST*850*000080020
BEG*00*CN*69029404**20100722*0969029404
CUR*BY*USD
SAC*A*I170****3*.5*****02
DTM*038*20100724
N1*OB**92*0969
N3*244 N MAIN STREET
N4*FORKED RIVER*NJ*08731
REF*DP*028
REF*3J*0003
REF*MR*0000071689
REF*AGL*DTS STORE
PO1*0001*1*EA*5.7**VP*214999*SK*214999*UP*842276002452
PID*F****VIVA! PENNISETUM FIREWORKS 2.6QT S3
PO4**1*EA
PO1*0002*1*EA*3.95**VP*272942*SK*272942*UP*008914009157
PID*F****PERENNIAL 1G(2.391L)-GSG
PO4**1*EA
PO1*0003*2*EA*6**VP*273593*SK*273593*UP*008914394277
PID*F****PERENNIAL 2G(5.56L)-GSG
PO4**1*EA
PO1*0004*5*EA*6.2**VP*909463*SK*909463*UP*842276003022
PID*F****VIVA! ECHINACEA 2.6 QUART S6
PO4**1*EA
PO1*0005*3*EA*6.85**VP*930086*SK*930086*UP*008914769150
PID*F****TWICE AS NICE PERENNIAL 10IN
PO4**1*EA
PO1*0006*15*EA*7.5**VP*991946*SK*991946*UP*008914394994
PID*F****VIGORO #2 PREMIUM PERENNIAL
PO4**1*EA
PO1*0007*10*EA*5**VP*998942*SK*998942*UP*008914009102
PID*F****VIGORO #1 GALLON PERENNIAL- GSG
PO4**1*EA
CTT*7*37
AMT*TT*328.06
SE*36*000080020
ST*850*000080021
BEG*00*CN*70049445**20100722*0970049445
CUR*BY*USD
SAC*A*I170****3*.5*****02
DTM*038*20100724
N1*OB**92*0970
N3*9000 RT 130 SOUTH
N4*DELRAN*NJ*08075
REF*DP*028
REF*3J*0003
REF*MR*0000071689
REF*AGL*DTS STORE
PO1*0001*7*EA*5**VP*998942*SK*998942*UP*008914620208
PID*F****VIGORO #1 GALLON PERENNIAL- GSG
PO4**1*EA
CTT*1*7
AMT*TT*48.86
SE*18*000080021
ST*850*000080022
BEG*00*CN*74089306**20100722*0974089306
CUR*BY*USD
SAC*A*I170****3*.5*****02
DTM*038*20100724
N1*OB**92*0974
N3*320 BRIDGETON PIKE
N4*MANTUA*NJ*08051
REF*DP*028
REF*3J*0003
REF*MR*0000071689
REF*AGL*DTS STORE
PO1*0001*6*EA*6**VP*273593*SK*273593*UP*008914394277
PID*F****PERENNIAL 2G(5.56L)-GSG
PO4**1*EA
PO1*0002*3*EA*6.85**VP*930086*SK*930086*UP*008914769150
PID*F****TWICE AS NICE PERENNIAL 10IN
PO4**1*EA
PO1*0003*4*EA*3.95**VP*993431*SK*993431*UP*008914009461
PID*F****1 GAL LIRIOPE- GSG
PO4**1*EA
PO1*0004*8*EA*5**VP*998942*SK*998942*UP*008914009102
PID*F****VIGORO #1 GALLON PERENNIAL- GSG
PO4**1*EA
CTT*4*21
AMT*TT*169.45
SE*27*000080022
ST*850*000080023
BEG*00*CN*75015917**20100722*0975015917
CUR*BY*USD
SAC*A*I170****3*.5*****02
DTM*038*20100724
N1*OB**92*0975
N3*421 ABSECON BLVD
N4*ABSECON*NJ*08201
REF*DP*028
REF*3J*0003
REF*MR*0000071689
REF*AGL*DTS STORE
PO1*0001*2*EA*3.95**VP*272942*SK*272942*UP*008914008839
PID*F****PERENNIAL 1G(2.391L)-GSG
PO4**1*EA
PO1*0002*1*EA*6**VP*273593*SK*273593*UP*008914394444
PID*F****PERENNIAL 2G(5.56L)-GSG
PO4**1*EA
PO1*0003*4*EA*6.2**VP*909463*SK*909463*UP*842276003022
PID*F****VIVA! ECHINACEA 2.6 QUART S6
PO4**1*EA
PO1*0004*7*EA*7.5**VP*991946*SK*991946*UP*008914394703
PID*F****VIGORO #2 PREMIUM PERENNIAL
PO4**1*EA
PO1*0005*10*EA*5**VP*998942*SK*998942*UP*008914620208
PID*F****VIGORO #1 GALLON PERENNIAL- GSG
PO4**1*EA
CTT*5*24
AMT*TT*197.42
SE*30*000080023
ST*850*000080024
BEG*00*CN*76011472**20100722*0976011472
CUR*BY*USD
SAC*A*I170****3*.5*****02
DTM*038*20100724
N1*OB**92*0976
N3*1621 N OLDEN AVENUE
N4*EWING*NJ*08638
REF*DP*028
REF*3J*0003
REF*MR*0000071689
REF*AGL*DTS STORE
PO1*0001*2*EA*3.95**VP*272942*SK*272942*UP*008914008839
PID*F****PERENNIAL 1G(2.391L)-GSG
PO4**1*EA
PO1*0002*4*EA*6**VP*273593*SK*273593*UP*008914394444
PID*F****PERENNIAL 2G(5.56L)-GSG
PO4**1*EA
PO1*0003*2*EA*5**VP*845662*SK*845662*UP*008914008532
PID*F****PROVEN WINNER PERENNIAL #1 GSG
PO4**1*EA
PO1*0004*2*EA*7.5**VP*991946*SK*991946*UP*008914394703
PID*F****VIGORO #2 PREMIUM PERENNIAL
PO4**1*EA
PO1*0005*12*EA*3.95**VP*993431*SK*993431*UP*008914009461
PID*F****1 GAL LIRIOPE- GSG
PO4**1*EA
PO1*0006*7*EA*5**VP*998942*SK*998942*UP*008914009102
PID*F****VIGORO #1 GALLON PERENNIAL- GSG
PO4**1*EA
CTT*6*29
AMT*TT*206.22
SE*33*000080024
ST*850*000080025
BEG*00*CN*81020582**20100722*0981020582
CUR*BY*USD
SAC*A*I170****3*.5*****02
DTM*038*20100724
N1*OB**92*0981
N3*1555 ST GEORGES AV RT 35
N4*COLONIA*NJ*07067
REF*DP*028
REF*3J*0003
REF*MR*0000071689
REF*AGL*DTS STORE
PO1*0001*1*EA*3.95**VP*272942*SK*272942*UP*008914008839
PID*F****PERENNIAL 1G(2.391L)-GSG
PO4**1*EA
PO1*0002*4*EA*6**VP*273593*SK*273593*UP*008914394444
PID*F****PERENNIAL 2G(5.56L)-GSG
PO4**1*EA
PO1*0003*6*EA*6.2**VP*909463*SK*909463*UP*842276003022
PID*F****VIVA! ECHINACEA 2.6 QUART S6
PO4**1*EA
PO1*0004*2*EA*3.95**VP*993431*SK*993431*UP*008914009461
PID*F****1 GAL LIRIOPE- GSG
PO4**1*EA
PO1*0005*7*EA*5**VP*998942*SK*998942*UP*008914009102
PID*F****VIGORO #1 GALLON PERENNIAL- GSG
PO4**1*EA
CTT*5*20
AMT*TT*160.53
SE*30*000080025
ST*850*000080026
BEG*00*CN*82068261**20100722*0982068261
CUR*BY*USD
SAC*A*I170****3*.5*****02
DTM*038*20100724
N1*OB**92*0982
N3*739 ROUTE 33 WEST
N4*E WINDSOR*NJ*08520
REF*DP*028
REF*3J*0003
REF*MR*0000071689
REF*AGL*DTS STORE
PO1*0001*1*EA*5**VP*845662*SK*845662*UP*008914008532
PID*F****PROVEN WINNER PERENNIAL #1 GSG
PO4**1*EA
PO1*0002*5*EA*7.5**VP*991946*SK*991946*UP*008914394703
PID*F****VIGORO #2 PREMIUM PERENNIAL
PO4**1*EA
PO1*0003*18*EA*3.95**VP*993431*SK*993431*UP*008914009461
PID*F****1 GAL LIRIOPE- GSG
PO4**1*EA
PO1*0004*11*EA*5**VP*998942*SK*998942*UP*008914620208
PID*F****VIGORO #1 GALLON PERENNIAL- GSG
PO4**1*EA
CTT*4*35
AMT*TT*241.07
SE*27*000080026
ST*850*000080027
BEG*00*CN*89097938**20100722*0989097938
CUR*BY*USD
SAC*A*I170****3*.5*****02
DTM*038*20100724
N1*OB**92*0989
N3*2160 ROUTE 70 WEST
N4*CHERRY HILL*NJ*08002
REF*DP*028
REF*3J*0003
REF*MR*0000071689
REF*AGL*DTS STORE
PO1*0001*2*EA*6**VP*273593*SK*273593*UP*008914394444
PID*F****PERENNIAL 2G(5.56L)-GSG
PO4**1*EA
PO1*0002*3*EA*7.4**VP*313520*SK*313520*UP*008914008129
PID*F****HALF FLAT GROUNDCOVER
PO4**1*EA
PO1*0003*2*EA*6.2**VP*909463*SK*909463*UP*842276003022
PID*F****VIVA! ECHINACEA 2.6 QUART S6
PO4**1*EA
PO1*0004*8*EA*7.5**VP*991946*SK*991946*UP*008914394703
PID*F****VIGORO #2 PREMIUM PERENNIAL
PO4**1*EA
PO1*0005*10*EA*3.95**VP*993431*SK*993431*UP*008914009461
PID*F****1 GAL LIRIOPE- GSG
PO4**1*EA
PO1*0006*11*EA*5**VP*998942*SK*998942*UP*008914009102
PID*F****VIGORO #1 GALLON PERENNIAL- GSG
PO4**1*EA
CTT*6*36
AMT*TT*290.05
SE*33*000080027
ST*850*000080028
BEG*00*CN*45037550**20100722*6845037550
CUR*BY*USD
SAC*A*I170****3*.5*****02
DTM*038*20100724
N1*OB**92*6845
N3*180 TWELFTH STREET
N4*JERSEY CITY*NJ*07310
REF*DP*028
REF*3J*0024
REF*MR*0000071689
REF*AGL*DTS STORE
PO1*0001*2*EA*2.3**VP*325330*SK*325330*UP*008914350464
PID*F****CHRYSANTHEMUM 6.5IN HARDY MUM GS
PO4**1*EA
PO1*0002*1*EA*5.35**VP*577507*SK*577507*UP*008914782005
PID*F****ANNUAL PREM 8IN- KURTZ/GDN STATE
PO4**1*EA
PO1*0003*1*EA*7.1**VP*930251*SK*930251*UP*008914007504
PID*F****ANNUAL TRIO 13IN
PO4**1*EA
PO1*0004*8*EA*2.05**VP*994586*SK*994586*UP*008914707107
PID*F****PANSY #6- GSG
PO4**1*EA
PO1*0005*5*EA*5**VP*998942*SK*998942*UP*008914009102
PID*F****VIGORO #1 GALLON PERENNIAL- GSG
PO4**1*EA
CTT*5*17
AMT*TT*86.14
SE*30*000080028
ST*850*000080029
BEG*00*CN*03082205**20100722*6903082205
CUR*BY*USD
SAC*A*I170****3*.5*****02
DTM*038*20100724
N1*OB**92*6903
N3*200 SOUTH AVE
N4*GARWOOD*NJ*07027
REF*DP*028
REF*3J*0018
REF*MR*0000071689
REF*AGL*DTS STORE
PO1*0001*3*EA*6**VP*273593*SK*273593*UP*008914394277
PID*F****PERENNIAL 2G(5.56L)-GSG
PO4**1*EA
PO1*0002*2*EA*2.3**VP*325330*SK*325330*UP*008914350464
PID*F****CHRYSANTHEMUM 6.5IN HARDY MUM GS
PO4**1*EA
PO1*0003*8*EA*5**VP*845662*SK*845662*UP*008914008532
PID*F****PROVEN WINNER PERENNIAL #1 GSG
PO4**1*EA
PO1*0004*4*EA*6.2**VP*909463*SK*909463*UP*842276003022
PID*F****VIVA! ECHINACEA 2.6 QUART S6
PO4**1*EA
PO1*0005*3*EA*6.85**VP*930086*SK*930086*UP*008914769150
PID*F****TWICE AS NICE PERENNIAL 10IN
PO4**1*EA
PO1*0006*12*EA*7.5**VP*991946*SK*991946*UP*008914394703
PID*F****VIGORO #2 PREMIUM PERENNIAL
PO4**1*EA
PO1*0007*6*EA*3.95**VP*993431*SK*993431*UP*008914009461
PID*F****1 GAL LIRIOPE- GSG
PO4**1*EA
PO1*0008*6*EA*5**VP*998942*SK*998942*UP*008914009102
PID*F****VIGORO #1 GALLON PERENNIAL- GSG
PO4**1*EA
CTT*8*44
AMT*TT*355.58
SE*39*000080029
ST*850*000080030
BEG*00*CN*05037875**20100722*6905037875
CUR*BY*USD
SAC*A*I170****3*.5*****02
DTM*038*20100724
N1*OB**92*6905
N3*977 W GRAND STREET
N4*ELIZABETH*NJ*07202
REF*DP*028
REF*3J*0018
REF*MR*0000071689
REF*AGL*DTS STORE
PO1*0001*1*EA*3.95**VP*272942*SK*272942*UP*008914009157
PID*F****PERENNIAL 1G(2.391L)-GSG
PO4**1*EA
PO1*0002*13*EA*2.3**VP*325330*SK*325330*UP*008914350464
PID*F****CHRYSANTHEMUM 6.5IN HARDY MUM GS
PO4**1*EA
PO1*0003*3*EA*7.95**VP*380982*SK*380982*UP*008914305402
PID*F****AQUALOK ANNAUL HANGING BASKET 10IN
PO4**1*EA
PO1*0004*7*EA*5.35**VP*577507*SK*577507*UP*008914700290
PID*F****ANNUAL PREM 8IN- KURTZ/GDN STATE
PO4**1*EA
PO1*0005*5*EA*9.1**VP*930647*SK*930647*UP*008914722179
PID*F****DEVA ANNAUL BOWL 12IN
PO4**1*EA
PO1*0006*1*EA*7.5**VP*991946*SK*991946*UP*008914394703
PID*F****VIGORO #2 PREMIUM PERENNIAL
PO4**1*EA
PO1*0007*3*EA*6.25**VP*993563*SK*993563*UP*008914006293
PID*F****ANNUAL #208- GSG
PO4**1*EA
PO1*0008*9*EA*2.05**VP*994586*SK*994586*UP*008914009201
PID*F****PANSY #6- GSG
PO4**1*EA
PO1*0009*1*EA*2.09**VP*994916*SK*994916*UP*008914006316
PID*F****ANNUAL #6.5- GSG
PO4**1*EA
PO1*0010*2*EA*5**VP*998942*SK*998942*UP*008914009102
PID*F****VIGORO #1 GALLON PERENNIAL- GSG
PO4**1*EA
CTT*10*45
AMT*TT*284.03
SE*45*000080030
ST*850*000080031
BEG*00*CN*75057059**20100722*8475057059
CUR*BY*USD
SAC*A*I170****3*.5*****02
DTM*038*20100724
N1*OB**92*8475
N3*7605 TONNELLE AVENUE
N4*NORTH BERGEN*NJ*07047
REF*DP*028
REF*3J*0003
REF*MR*0000071689
REF*AGL*DTS STORE
PO1*0001*14*EA*2.81**VP*313099*SK*313099*UP*033383933016
PID*F****VIGORO SELECT ANNUAL #4.33
PO4**1*EA
PO1*0002*1*EA*7.4**VP*313520*SK*313520*UP*008914008129
PID*F****HALF FLAT GROUNDCOVER
PO4**1*EA
PO1*0003*4*EA*2.3**VP*325330*SK*325330*UP*008914350464
PID*F****CHRYSANTHEMUM 6.5IN HARDY MUM GS
PO4**1*EA
PO1*0004*10*EA*4.9**VP*456333*SK*456333*UP*048834711174
PID*F**** VIGORO SELECT GALLON ANNUAL
PO4**1*EA
PO1*0005*9*EA*5.35**VP*577507*SK*577507*UP*008914700290
PID*F****ANNUAL PREM 8IN- KURTZ/GDN STATE
PO4**1*EA
PO1*0006*1*EA*5.7**VP*909364*SK*909364*UP*842276002889
PID*F****VIVA! COLEUS HENNA 2.6QT S6
PO4**1*EA
PO1*0007*2*EA*9.1**VP*930647*SK*930647*UP*008914722179
PID*F****DEVA ANNAUL BOWL 12IN
PO4**1*EA
PO1*0008*4*EA*7.5**VP*991946*SK*991946*UP*008914394703
PID*F****VIGORO #2 PREMIUM PERENNIAL
PO4**1*EA
PO1*0009*6*EA*2.05**VP*994586*SK*994586*UP*008914707237
PID*F****PANSY #6- GSG
PO4**1*EA
PO1*0010*5*EA*5**VP*998942*SK*998942*UP*008914008938
PID*F****VIGORO #1 GALLON PERENNIAL- GSG
PO4**1*EA
CTT*10*56
AMT*TT*351.11
SE*45*000080031
GE*45*4327
IEA*1*000005145
ISA*00*          *00*          *14*0722717110100  *01*056021462      *100722*0323*|*00406*000005146*0*P*>
GS*PO*072271711*056021462*20100722*0323*4328*X*004060
ST*850*000080032
BEG*00*CN*08084183**20100722*0908084183
CUR*BY*USD
SAC*A*I170****3*.5*****02
DTM*038*20100724
N1*OB**92*0908
N3*955 BLOOMFIELD AVE
N4*CLIFTON*NJ*07012
REF*DP*028
REF*3J*0003
REF*MR*0000071689
REF*AGL*DTS STORE
PO1*0001*2*EA*3.95**VP*272942*SK*272942*UP*008914009157
PID*F****PERENNIAL 1G(2.391L)-GSG
PO4**1*EA
PO1*0002*1*EA*6**VP*273593*SK*273593*UP*008914394277
PID*F****PERENNIAL 2G(5.56L)-GSG
PO4**1*EA
PO1*0003*20*EA*2.3**VP*325330*SK*325330*UP*008914350464
PID*F****CHRYSANTHEMUM 6.5IN HARDY MUM GS
PO4**1*EA
PO1*0004*3*EA*5**VP*845662*SK*845662*UP*008914008532
PID*F****PROVEN WINNER PERENNIAL #1 GSG
PO4**1*EA
PO1*0005*4*EA*6.2**VP*909463*SK*909463*UP*842276003022
PID*F****VIVA! ECHINACEA 2.6 QUART S6
PO4**1*EA
PO1*0006*6*EA*7.5**VP*991946*SK*991946*UP*008914394994
PID*F****VIGORO #2 PREMIUM PERENNIAL
PO4**1*EA
PO1*0007*31*EA*5**VP*998942*SK*998942*UP*008914008938
PID*F****VIGORO #1 GALLON PERENNIAL- GSG
PO4**1*EA
CTT*7*67
AMT*TT*421.57
SE*36*000080032
GE*1*4328
IEA*1*000005146
ISA*00*          *00*          *08*9254291001     *01*056021462      *100722*0421*U*00400*000001292*0*P*>
GS*PD*9254291001*056021462*20100722*0421*1292*X*004010
ST*852*0001
XQ*H*20100722
N9*AD*T00000067
LIN**IN*002018265*ZZ*43*UP*008914301114*****DG*1*VS*00000
ZA*QS***006*20100721
CTP**UCP*4.44
SDQ*EA*ZZ*3709*2
CTT*1
SE*9*0001
ST*852*0002
XQ*H*20100722
N9*AD*T00000067
LIN**IN*002018267*ZZ*43*UP*008914305402*****DG*1*VS*00000
ZA*QS***006*20100721
CTP**UCP*6
SDQ*EA*ZZ*4470*2
LIN**IN*002018267*ZZ*43*UP*008914305402*****DG*5*VS*00000
ZA*QS***006*20100721
CTP**UCP*6
SDQ*EA*ZZ*3146*1
CTT*2
SE*13*0002
ST*852*0003
XQ*H*20100722
N9*AD*T00000067
LIN**IN*002031108*ZZ*43*UP*008914722223*****DG*1*VS*00000
ZA*QS***006*20100721
CTP**UCP*9
SDQ*EA*ZZ*3737*1
CTT*1
SE*9*0003
ST*852*0004
XQ*H*20100722
N9*AD*T00000067
LIN**IN*002031110*ZZ*43*UP*008914722230*****DG*1*VS*00000
ZA*QS***006*20100721
CTP**UCP*9
SDQ*EA*ZZ*3523*1
CTT*1
SE*9*0004
ST*852*0005
XQ*H*20100722
N9*AD*T00000067
LIN**IN*002033699*ZZ*43*UP*008914769082*****DG*1*VS*00000
ZA*QS***006*20100721
CTP**UCP*5.24
SDQ*EA*ZZ*7713*3
CTT*1
SE*9*0005
ST*852*0006
XQ*H*20100722
N9*AD*T00000067
LIN**IN*002033701*ZZ*43*UP*008914769075*****DG*1*VS*00000
ZA*QS***006*20100721
CTP**UCP*5.24
SDQ*EA*ZZ*3050*2
CTT*1
SE*9*0006
ST*852*0007
XQ*H*20100722
N9*AD*T00000067
LIN**IN*002037577*ZZ*43*UP*008914769174*****DG*1*VS*00000
ZA*QS***006*20100721
CTP**UCP*9
SDQ*EA*ZZ*4860*1
CTT*1
SE*9*0007
ST*852*0008
XQ*H*20100722
N9*AD*T00000067
LIN**IN*002037579*ZZ*43*UP*008914769198*****DG*1*VS*00000
ZA*QS***006*20100721
CTP**UCP*9
SDQ*EA*ZZ*3737*2
CTT*1
SE*9*0008
ST*852*0009
XQ*H*20100722
N9*AD*T00000067
LIN**IN*002037671*ZZ*43*UP*008914769266*****DG*5*VS*00000
ZA*QS***006*20100721
CTP**UCP*6.5
SDQ*EA*ZZ*3737*1
CTT*1
SE*9*0009
ST*852*0010
XQ*H*20100722
N9*AD*T00000067
LIN**IN*002304854*ZZ*43*UP*008914395359*****DG*1*VS*00000
ZA*QS***006*20100721
CTP**UCP*8
SDQ*EA*ZZ*3202*2
CTT*1
SE*9*0010
ST*852*0011
XQ*H*20100722
N9*AD*T00000067
LIN**IN*002305579*ZZ*43*UP*008914702270*****DG*1*VS*00000
ZA*QS***006*20100721
CTP**UCP*2.75
SDQ*EA*ZZ*3737*2
CTT*1
SE*9*0011
ST*852*0012
XQ*H*20100722
N9*AD*T00000067
LIN**IN*002319528*ZZ*43*UP*008914305907*****DG*1*VS*00000
ZA*QS***006*20100721
CTP**UCP*.95
SDQ*EA*ZZ*3131*5*3350*2*3414*4*3517*4*4361*2*4860*1*7182*1
CTT*1
SE*9*0012
ST*852*0013
XQ*H*20100722
N9*AD*T00000067
LIN**IN*002319726*ZZ*43*UP*008914722001*****DG*1*VS*00000
ZA*QS***006*20100721
CTP**UCP*9
SDQ*EA*ZZ*3737*4
CTT*1
SE*9*0013
ST*852*0014
XQ*H*20100722
N9*AD*T00000067
LIN**IN*002422112*ZZ*43*UP*008914500340*****DG*1*VS*00000
ZA*QS***006*20100721
CTP**UCP*.75
SDQ*EA*ZZ*3710*1*7129*2
CTT*1
SE*9*0014
ST*852*0015
XQ*H*20100722
N9*AD*T00000067
LIN**IN*002460519*ZZ*43*UP*008914770057*****DG*1*VS*00000
ZA*QS***006*20100721
CTP**UCP*.95
SDQ*EA*ZZ*3028*2
CTT*1
SE*9*0015
ST*852*0016
XQ*H*20100722
N9*AD*T00000067
LIN**IN*002477761*ZZ*43*UP*008914309462*****DG*1*VS*00000
ZA*QS***006*20100721
CTP**UCP*.7
SDQ*EA*ZZ*3028*1*3196*1*4470*1
CTT*1
SE*9*0016
ST*852*0017
XQ*H*20100722
N9*AD*T00000067
LIN**IN*002479370*ZZ*43*UP*008914702515*****DG*1*VS*00000
ZA*QS***006*20100721
CTP**UCP*.53
SDQ*EA*ZZ*3414*2*4860*5*9125*2
CTT*1
SE*9*0017
ST*852*0018
XQ*H*20100722
N9*AD*T00000067
LIN**IN*002479372*ZZ*43*UP*008914702522*****DG*1*VS*00000
ZA*QS***006*20100721
CTP**UCP*.53
SDQ*EA*ZZ*3196*1*3517*3*3523*2*3586*2*4397*3*4860*5*7235*1*7713*3*9125*3
CTT*1
SE*9*0018
ST*852*0019
XQ*H*20100722
N9*AD*T00000067
LIN**IN*002479377*ZZ*43*UP*008914702546*****DG*1*VS*00000
ZA*QS***006*20100721
CTP**UCP*.53
SDQ*EA*ZZ*3050*2*3196*5*9125*2
CTT*1
SE*9*0019
ST*852*0020
XQ*H*20100722
N9*AD*T00000067
LIN**IN*002479378*ZZ*43*UP*008914702553*****DG*1*VS*00000
ZA*QS***006*20100721
CTP**UCP*.53
SDQ*EA*ZZ*3050*2*3709*3
CTT*1
SE*9*0020
ST*852*0021
XQ*H*20100722
N9*AD*T00000067
LIN**IN*002479380*ZZ*43*UP*008914702577*****DG*1*VS*00000
ZA*QS***006*20100721
CTP**UCP*.53
SDQ*EA*ZZ*3050*3*3196*5*3414*1*3523*3*3796*2*4860*2*7192*12*7713*15
CTT*1
SE*9*0021
ST*852*0022
XQ*H*20100722
N9*AD*T00000067
LIN**IN*016489019*ZZ*43*UP*008914394376*****DG*1*VS*00000
ZA*QS***006*20100721
CTP**UCP*6.25
SDQ*EA*ZZ*3737*-1
CTT*1
SE*9*0022
ST*852*0023
XQ*H*20100722
N9*AD*T00000067
LIN**IN*039021512*ZZ*43*UP*008914701082*****DG*1*VS*00000
ZA*QS***006*20100721
CTP**UCP*3
SDQ*EA*ZZ*3229*3*4470*2
CTT*1
SE*9*0023
ST*852*0024
XQ*H*20100722
N9*AD*T00000067
LIN**IN*039021513*ZZ*43*UP*008914701075*****DG*1*VS*00000
ZA*QS***006*20100721
CTP**UCP*3
SDQ*EA*ZZ*3524*1*4860*1
CTT*1
SE*9*0024
ST*852*0025
XQ*H*20100722
N9*AD*T00000067
LIN**IN*039021515*ZZ*43*UP*008914702027*****DG*1*VS*00000
ZA*QS***006*20100721
CTP**UCP*3
SDQ*EA*ZZ*3517*2*3524*2*7713*2
CTT*1
SE*9*0025
ST*852*0026
XQ*H*20100722
N9*AD*T00000067
LIN**IN*042077920*ZZ*43*UP*008914705608*****DG*1*VS*00000
ZA*QS***006*20100721
CTP**UCP*9
SDQ*EA*ZZ*3050*1
CTT*1
SE*9*0026
ST*852*0027
XQ*H*20100722
N9*AD*T00000067
LIN**IN*043633519*ZZ*43*UP*008914302043*****DG*1*VS*00000
ZA*QS***006*20100721
CTP**UCP*4.44
SDQ*EA*ZZ*3709*3*7182*2
CTT*1
SE*9*0027
ST*852*0028
XQ*H*20100722
N9*AD*T00000067
LIN**IN*043635723*ZZ*43*UP*008914305112*****DG*1*VS*00000
ZA*QS***006*20100721
CTP**UCP*5.24
SDQ*EA*ZZ*7257*1
CTT*1
SE*9*0028
ST*852*0029
XQ*H*20100722
N9*AD*T00000067
LIN**IN*043635736*ZZ*43*UP*008914305853*****DG*1*VS*00000
ZA*QS***006*20100721
CTP**UCP*5.24
SDQ*EA*ZZ*3414*1
LIN**IN*043635736*ZZ*43*UP*008914305853*****DG*8*VS*00000
ZA*QS***006*20100721
CTP**UCP*5.24
SDQ*EA*ZZ*3146*2
CTT*2
SE*13*0029
ST*852*0030
XQ*H*20100722
N9*AD*T00000067
LIN**IN*044345494*ZZ*43*UP*008914393416*****DG*1*VS*00000
ZA*QS***006*20100721
CTP**UCP*3.99
SDQ*EA*ZZ*3737*1
CTT*1
SE*9*0030
ST*852*0031
XQ*H*20100722
N9*AD*T00000067
LIN**IN*044346634*ZZ*43*UP*008914009263*****DG*5*VS*00000
ZA*QS***006*20100721
CTP**UCP*8.5
SDQ*EA*ZZ*4470*2
CTT*1
SE*9*0031
ST*852*0032
XQ*H*20100722
N9*AD*T00000067
LIN**IN*044347854*ZZ*43*UP*008914702256*****DG*1*VS*00000
ZA*QS***006*20100721
CTP**UCP*2.75
SDQ*EA*ZZ*3737*2
CTT*1
SE*9*0032
ST*852*0033
XQ*H*20100722
N9*AD*T00000067
LIN**IN*044348940*ZZ*43*UP*008914394888*****DG*1*VS*00000
ZA*QS***006*20100721
CTP**UCP*8
SDQ*EA*ZZ*3202*5
CTT*1
SE*9*0033
ST*852*0034
XQ*H*20100722
N9*AD*T00000067
LIN**IN*044385010*ZZ*43*UP*008914750813*****DG*1*VS*00000
ZA*QS***006*20100721
CTP**UCP*8.25
SDQ*EA*ZZ*3709*1
CTT*1
SE*9*0034
ST*852*0035
XQ*H*20100722
N9*AD*T00000067
LIN**IN*044422494*ZZ*43*UP*008914380119*****DG*1*VS*00000
ZA*QS***006*20100721
CTP**UCP*1.1
SDQ*EA*ZZ*3056*1*3071*1*3117*1*3131*4*3517*1*3796*1*4470*5*7673*1
CTT*1
SE*9*0035
ST*852*0036
XQ*H*20100722
N9*AD*T00000067
LIN**IN*049407211*ZZ*43*UP*008914500401*****DG*1*VS*00000
ZA*QS***006*20100721
CTP**UCP*2.5
SDQ*EA*ZZ*4793*3
CTT*1
SE*9*0036
ST*852*0037
XQ*H*20100722
N9*AD*T00000067
LIN**IN*049429711*ZZ*43*UP*008914008938*****DG*1*VS*00000
ZA*QS***006*20100721
CTP**UCP*4.15
SDQ*EA*ZZ*3202*1*3361*3
LIN**IN*049429711*ZZ*43*UP*008914008938*****DG*5*VS*00000
ZA*QS***006*20100721
CTP**UCP*4.15
SDQ*EA*ZZ*7192*2
CTT*2
SE*13*0037
ST*852*0038
XQ*H*20100722
N9*AD*T00000067
LIN**IN*081250919*ZZ*43*UP*008914009294*****DG*1*VS*00000
ZA*QS***006*20100721
CTP**UCP*4.15
SDQ*EA*ZZ*3524*2*3737*2
CTT*1
SE*9*0038
ST*852*0039
XQ*H*20100722
N9*AD*T00000067
LIN**IN*081250920*ZZ*43*UP*008914008860*****DG*1*VS*00000
ZA*QS***006*20100721
CTP**UCP*4.15
SDQ*EA*ZZ*3737*3
CTT*1
SE*9*0039
ST*852*0040
XQ*H*20100722
N9*AD*T00000067
LIN**IN*082702215*ZZ*43*UP*008914008921*****DG*1*VS*00000
ZA*QS***006*20100721
CTP**UCP*4.15
SDQ*EA*ZZ*4935*2
CTT*1
SE*9*0040
ST*852*0041
XQ*H*20100722
N9*AD*T00000067
LIN**IN*082708119*ZZ*43*UP*008914500272*****DG*1*VS*00000
ZA*QS***006*20100721
CTP**UCP*2.5
SDQ*EA*ZZ*3318*1
CTT*1
SE*9*0041
ST*852*0042
XQ*H*20100722
N9*AD*T00000067
LIN**IN*083062216*ZZ*43*UP*008914394741*****DG*5*VS*00000
ZA*QS***006*20100721
CTP**UCP*8
SDQ*EA*ZZ*4344*1
CTT*1
SE*9*0042
ST*852*0043
XQ*H*20100722
N9*AD*T00000067
LIN**IN*089950411*ZZ*43*UP*008914006279*****DG*1*VS*00000
ZA*QS***006*20100721
CTP**UCP*2.15
SDQ*EA*ZZ*3895*3
CTT*1
SE*9*0043
ST*852*0044
XQ*H*20100722
N9*AD*T00000067
LIN**IN*097488214*ZZ*43*UP*008914304764*****DG*1*VS*00000
ZA*QS***006*20100721
CTP**UCP*.7
SDQ*EA*ZZ*3028*6*3196*1*9125*2
CTT*1
SE*9*0044
ST*852*0045
XQ*H*20100722
N9*AD*T00000067
LIN**IN*097488215*ZZ*43*UP*008914301961*****DG*1*VS*00000
ZA*QS***006*20100721
CTP**UCP*.7
SDQ*EA*ZZ*3050*1*3117*1*3196*2*3737*3*4470*2*9125*1
LIN**IN*097488215*ZZ*43*UP*008914307413*****DG*1*VS*00000
ZA*QS***006*20100721
CTP**UCP*.7
SDQ*EA*ZZ*3196*2*3523*6*3524*1*3737*1*3796*2*4470*3*7235*1*7713*4
LIN**IN*097488215*ZZ*43*UP*008914308250*****DG*1*VS*00000
ZA*QS***006*20100721
CTP**UCP*.7
SDQ*EA*ZZ*7257*2*7713*3
CTT*3
SE*17*0045
ST*852*0046
XQ*H*20100722
N9*AD*T00000067
LIN**IN*097488217*ZZ*43*UP*008914380256*****DG*1*VS*00000
ZA*QS***006*20100721
CTP**UCP*1.45
SDQ*EA*ZZ*3196*1
CTT*1
SE*9*0046
ST*852*0047
XQ*H*20100722
N9*AD*T00000067
LIN**IN*097488218*ZZ*43*UP*008914303248*****DG*1*VS*00000
ZA*QS***006*20100721
CTP**UCP*.7
SDQ*EA*ZZ*3050*1*4860*1
LIN**IN*097488218*ZZ*43*UP*008914320023*****DG*1*VS*00000
ZA*QS***006*20100721
CTP**UCP*.7
SDQ*EA*ZZ*7713*2
LIN**IN*097488218*ZZ*43*UP*008914394154*****DG*1*VS*00000
ZA*QS***006*20100721
CTP**UCP*.7
SDQ*EA*ZZ*3414*1*4470*1
CTT*3
SE*17*0047
ST*852*0048
XQ*H*20100722
N9*AD*T00000067
LIN**IN*097900011*ZZ*43*UP*008914600002*****DG*1*VS*00000
ZA*QS***006*20100721
CTP**UCP*2.5
SDQ*EA*ZZ*3710*1*3737*2
CTT*1
SE*9*0048
ST*852*0049
XQ*H*20100722
N9*AD*T00000067
LIN**IN*097900511*ZZ*43*UP*008914011020*****DG*1*VS*00000
ZA*QS***006*20100721
CTP**UCP*7.6
SDQ*EA*ZZ*3229*1*3517*1*3523*1*3709*1*4860*2*7257*1*7713*2*9125*5
CTT*1
SE*9*0049
ST*852*0050
XQ*H*20100722
N9*AD*T00000067
LIN**IN*097900911*ZZ*43*UP*008914702003*****DG*1*VS*00000
ZA*QS***006*20100721
CTP**UCP*1.15
SDQ*EA*ZZ*3028*4*3131*3*3187*15*3196*4*3523*2*3737*20*7673*4
CTT*1
SE*9*0050
ST*852*0051
XQ*H*20100722
N9*AD*T00000067
LIN**IN*097901011*ZZ*43*UP*008914702607*****DG*1*VS*00000
ZA*QS***006*20100721
CTP**UCP*1.63
SDQ*EA*ZZ*3523*4*3737*4*7713*2
LIN**IN*097901011*ZZ*43*UP*008914702614*****DG*1*VS*00000
ZA*QS***006*20100721
CTP**UCP*1.63
SDQ*EA*ZZ*3050*4*3737*5
LIN**IN*097901011*ZZ*43*UP*008914702621*****DG*1*VS*00000
ZA*QS***006*20100721
CTP**UCP*1.63
SDQ*EA*ZZ*3050*1*3523*5*3524*3*7713*9
CTT*3
SE*17*0051
ST*852*0052
XQ*H*20100722
N9*AD*T00000067
LIN**IN*097901211*ZZ*43*UP*008914707121*****DG*1*VS*00000
ZA*QS***006*20100721
CTP**UCP*1.5
SDQ*EA*ZZ*3737*2
LIN**IN*097901211*ZZ*43*UP*008914707169*****DG*1*VS*00000
ZA*QS***006*20100721
CTP**UCP*1.5
SDQ*EA*ZZ*3737*4*4470*3*4860*8
LIN**IN*097901211*ZZ*43*UP*008914707176*****DG*1*VS*00000
ZA*QS***006*20100721
CTP**UCP*1.5
SDQ*EA*ZZ*3737*1*4860*8
LIN**IN*097901211*ZZ*43*UP*008914707183*****DG*1*VS*00000
ZA*QS***006*20100721
CTP**UCP*1.5
SDQ*EA*ZZ*3277*2*7713*6
LIN**IN*097901211*ZZ*43*UP*008914707190*****DG*1*VS*00000
ZA*QS***006*20100721
CTP**UCP*1.5
SDQ*EA*ZZ*4470*3
CTT*5
SE*25*0052
ST*852*0053
XQ*H*20100722
N9*AD*T00000067
LIN**IN*097901411*ZZ*43*UP*008914782043*****DG*1*VS*00000
ZA*QS***006*20100721
CTP**UCP*4.5
SDQ*EA*ZZ*3737*2
LIN**IN*097901411*ZZ*43*UP*008914782050*****DG*1*VS*00000
ZA*QS***006*20100721
CTP**UCP*4.5
SDQ*EA*ZZ*3050*3*3202*1*3524*1*3737*4*4344*2
LIN**IN*097901411*ZZ*43*UP*008914782067*****DG*1*VS*00000
ZA*QS***006*20100721
CTP**UCP*4.5
SDQ*EA*ZZ*4860*3
LIN**IN*097901411*ZZ*43*UP*008914782098*****DG*1*VS*00000
ZA*QS***006*20100721
CTP**UCP*4.5
SDQ*EA*ZZ*3050*2*3071*1*3524*2*4470*1
LIN**IN*097901411*ZZ*43*UP*008914782159*****DG*1*VS*00000
ZA*QS***006*20100721
CTP**UCP*4.5
SDQ*EA*ZZ*3050*2
LIN**IN*097901411*ZZ*43*UP*008914782166*****DG*1*VS*00000
ZA*QS***006*20100721
CTP**UCP*4.5
SDQ*EA*ZZ*3202*2
LIN**IN*097901411*ZZ*43*UP*008914782173*****DG*1*VS*00000
ZA*QS***006*20100721
CTP**UCP*4.5
SDQ*EA*ZZ*3071*2*3202*4*3737*1
CTT*7
SE*33*0053
GE*53*1292
IEA*1*000001292
